3392 5067
1458 226 1522 289 265

126 416 159 478 ἐν
185 418 310 503 Κρήτῃ·
326 418 440 479 πάθον
469 413 565 497 ἄλγεα
595 413 776 498 τετληῶεες,
806 413 809 497 l
838 414 985 495 χάλκειον
1014 412 1195 499 τριγίγαντα
1225 416 1417 501 δοκεύμενοι,
1449 413 1522 505 ὄφρ’

126 512 295 602 ἱκόμεσθα,
319 539 360 582 ne
376 516 490 601 longus
507 519 576 601 sim,
600 515 710 580 Wielii
727 508 829 581 verba
846 517 927 602 (IIII
946 517 1000 601 12)
1016 518 1189 603 proferam,
1215 522 1269 603 qui
1285 530 1372 584 recte
1395 520 1436 584 de
1459 521 1522 585 hoc

126 602 196 685 loco
218 621 380 686 iudicasse
403 621 481 685 mihi
503 620 649 685 videtur:
688 624 777 685 ‘cum
800 622 869 685 sive
892 622 1045 687 veniendi
1072 625 1141 687 sive
1169 624 1375 709 supplicandi
1397 628 1465 688 sive
1488 628 1522 689 vi

128 735 159 788 et
181 728 279 791 armis
302 726 456 789 vincendi
482 728 568 790 notio
596 734 734 811 utroque
762 725 849 790 loco'
875 765 909 772 -
942 728 1062 812 optimo
1085 729 1155 791 iure
1178 728 1231 792 ille
1256 729 1380 793 confert
1403 753 1433 793 v.
1458 730 1522 794 939

126 826 176 917 ἠδ’
193 831 236 910 ὡς
258 834 344 918 θῆρα
367 829 512 916 πέλωρον
534 824 688 915 ἱκοίμεθα
718 868 759 877 -
788 832 902 916 ‘aeque
926 834 1037 916 inepta
1059 834 1124 896 sit.
1143 883 1148 895 .
1167 882 1186 910 .,
1210 856 1273 898 non
1297 834 1419 919 dubito,
1443 836 1521 920 quin

125 935 201 997 huic
224 934 383 1005 vocabulo
416 934 649 1017 significatione
671 933 874 1020 aliquantum
896 938 1066 1000 immutata
1088 937 1229 1021 quidem,
1261 937 1319 1001 sed
1342 939 1383 1001 ad
1415 939 1521 1003 home-

125 1040 228 1103 ricum
251 1037 333 1101 illud
355 1043 393 1103 A
411 1037 472 1101 139
495 1036 568 1104 ὃδέ
587 1062 640 1102 κεν
662 1038 883 1119 κεχολώσεται,
907 1036 943 1105 ὅν
964 1064 1018 1104 κεν
1039 1040 1158 1126 ἵκωμαι
1181 1045 1328 1127 proxime
1344 1042 1522 1107 accedente

127 1165 165 1207 ea
188 1145 238 1206 vis
261 1142 458 1207 vindicanda
483 1145 533 1225 sit,
558 1164 654 1227 quam
671 1142 861 1207 Latinorum
886 1145 1137 1228 superveniendi
1159 1146 1261 1211 verbo
1285 1147 1454 1231 aliquoties
1477 1150 1521 1211 in-

125 1268 195 1311 esse
226 1247 388 1323 videmus,
420 1257 528 1311 nostro
559 1256 668 1312 autem
700 1248 816 1312 ‘einem
845 1246 1074 1313 beikommen!
1120 1256 1315 1336 quamquam
1346 1251 1521 1315 difficultas

126 1352 288 1438 quaedam
310 1362 413 1416 restat
434 1354 466 1415 in
490 1351 650 1416 vocabulo
674 1353 868 1437 δοκεύμενοι,
892 1376 912 1415 a
935 1375 998 1439 quo
1022 1354 1163 1439 pendere
1187 1366 1400 1439 expectamus
1424 1378 1521 1419 cnun-

124 1458 239 1519 tiatum
262 1455 303 1520 ab
327 1456 412 1544 ὄφρα
440 1458 608 1543 incipiens
654 1465 743 1520 recte
774 1458 859 1520 enim
883 1458 1100 1539 Hermannus,
1133 1460 1187 1544 qui
1217 1459 1304 1524 huuc
1336 1460 1443 1524 locum
1476 1463 1522 1524 ita

124 1562 353 1646 interpretatus
384 1570 446 1625 est:
489 1562 670 1645 ‘gigantem
702 1560 870 1645 speculati,
909 1561 1013 1626 donec
1045 1562 1176 1627 tandem
1207 1564 1436 1649 pervenimus',
1466 1566 1521 1629 ad-

125 1674 227 1729 notat:
268 1663 341 1729 ‘sed
371 1667 441 1750 quis
465 1665 526 1729 sibi
553 1665 752 1752 persuadeat
773 1676 840 1730 tam
862 1649 975 1729 inutile
998 1676 1031 1729 et
1052 1669 1198 1752 ineptum
1220 1667 1478 1733 additamentum
1501 1694 1521 1735 a

123 1778 220 1855 poeta
251 1770 348 1834 etiam
378 1768 534 1833 mediocri
564 1768 726 1854 proficisci
755 1770 922 1854 'potuisse'
969 1770 1026 1834 sed
1048 1771 1167 1835 Abelio
1198 1780 1280 1835 teste
1303 1772 1450 1835 inlibris
1473 1783 1521 1837 est

125 1874 321 1957 δοκεύμενος,
353 1874 398 1936 ita
421 1882 456 1937 ut
484 1895 587 1958 aequo
610 1875 679 1937 iure
704 1895 778 1937 cum
801 1873 921 1937 Wielio
945 1875 1132 1959 δοκεύμενον
1154 1876 1297 1939 scribere
1320 1876 1426 1961 liceat,
1457 1900 1522 1962 qua

127 1974 314 2043 coniectura
337 1987 473 2064 accepta
496 1977 672 2041 difficultas
694 1976 749 2043 illa
765 1979 932 2044 evanescit
955 2000 1060 2064 neque
1076 2002 1156 2065 opus
1173 1989 1221 2044 est
1235 1980 1414 2045 Hermanni
1438 2004 1520 2046 com·
1639 2029 1642 2038 .

125 2090 232 2146 mento
255 2080 400 2168 κίχοιμεν
421 2091 479 2148 aut
502 2081 691 2148 Schneideri
715 2083 880 2169 ὂάμοιμεν.

229 2187 299 2251 lam
315 2208 394 2250 vero
417 2187 612 2251 accedamus
628 2186 671 2249 ad
693 2184 767 2252 ἐπεί
789 2195 821 2250 et
843 2189 984 2274 primum
1009 2189 1139 2274 quidem
1155 2212 1291 2275 agamus
1315 2190 1356 2254 de
1372 2191 1520 2277 diversio,

125 2313 205 2377 quos
219 2290 333 2376 Zycha
356 2302 388 2355 et
402 2291 601 2356 Dietrichius
625 2294 657 2355 in
673 2292 996 2357 commentationibus
1020 2296 1085 2357 suis
1108 2305 1353 2379 proposuerunt,
1377 2296 1521 2359 locorum

127 2397 279 2460 numeris.
325 2396 405 2459 dicit
435 2395 489 2459 ille
519 2394 620 2460 33398
651 2394 725 2461 ἐπεὶ
753 2399 903 2481 usurpari
935 2420 1030 2462 sensu
1061 2399 1181 2463 causali
1212 2400 1300 2484 apud
1331 2400 1520 2483 Homerum,

125 2521 221 2563 sensu
244 2499 412 2586 temporali
436 2498 547 2583 27199,
576 2510 687 2565 contra
705 2500 902 2565 Dietrichius
925 2524 957 2587 p.
974 2501 1016 2565 25
1039 2502 1120 2565 haec
1143 2503 1280 2587 profert:
1304 2504 1424 2587 legitur
1446 2504 1520 2571 ἐπεὶ

124 2604 168 2667 Μ.
185 2604 223 2667 T.
240 2605 260 2667 i.
278 2625 305 2667 e.
326 2606 359 2667 vi
382 2626 470 2667 mere
493 2603 677 2689 temporali:
702 2604 813 2687 37399,
837 2605 878 2671 Τ.
896 2604 932 2669 O.
949 2608 968 2669 i.
986 2609 1020 2669 e.’
1031 2607 1209 2690 temporali,
1234 2610 1286 2671 cui
1302 2609 1441 2673 causalis
1456 2610 1521 2675 iam

126 2708 250 2772 subest:
274 2706 361 2790 2799,
385 2708 423 2772 T.
441 2707 475 2772 O.
492 2710 512 2772 i.
531 2731 557 2771 e.
575 2717 606 2772 et
629 2710 799 2793 temporali
822 2721 855 2773 et
878 2710 1013 2775 causali:
1038 2709 1124 2789 3799,
1140 2712 1178 2775 Τ.
1196 2712 1232 2778 C.
1250 2714 1269 2775 i.
1288 2734 1315 2776 e.
1334 2712 1464 2795 causali,
1487 2717 1521 2778 in

126 2834 191 2898 qua
218 2811 404 2897 temporalis
432 2812 576 2876 nondum
604 2816 750 2877 evanuit:
781 2813 887 2896 11195,
916 2814 961 2877 M.
983 2813 1019 2878 O.
1041 2817 1060 2877 i.
1078 2837 1105 2877 e.
1128 2837 1216 2880 mere
1245 2815 1379 2880 causali:
1412 2816 1520 2899 22599,

125 2917 187 3000 vel,
212 2919 239 2981 si
262 2939 336 2981 cum
358 2916 521 3001 Ebelingii
544 2917 659 3000 lexico,
683 2940 745 3003 quo
770 2918 885 2983 collato
908 2929 996 2982 recto
1019 2921 1052 2982 in
1076 2921 1263 2983 universum
1306 2920 1522 2985 Dietrichium

125 3029 326 3107 computasse
354 3022 434 3086 mihi
460 3024 616 3108 persuasi,
646 3023 872 3106 significationi
900 3023 1022 3087 causali
1048 3023 1264 3088 adscribimus
1291 3025 1378 3090 locos
1407 3025 1521 3090 litteris

124 3126 169 3191 M.
192 3125 227 3191 O.
249 3135 281 3190 et
303 3126 341 3190 Τ.
364 3127 400 3193 C.
421 3129 599 3211 insignitor,
625 3137 748 3191 ceteros
771 3131 950 3213 temporali,
977 3128 1075 3191 43798
1100 3150 1197 3193 sensu
1221 3130 1398 3216 temporali,
1422 3129 1519 3194 33695

125 3253 222 3294 sensu
237 3231 368 3295 causali.
407 3234 516 3317 itaque
532 3230 646 3317 Zycha
661 3232 748 3295 locos
765 3232 838 3315 604,
863 3232 1061 3297 Dietrichius
1078 3233 1141 3296 773
1161 3244 1318 3299 numerat.
1364 3234 1522 3320 putabam

124 3336 208 3399 hanc
232 3337 482 3420 repugnantiam
505 3338 550 3399 ita
574 3336 641 3400 tolli
665 3358 771 3422 posse,
794 3346 830 3400 ut
853 3336 998 3422 Zycham
1021 3360 1135 3401 versus
1158 3337 1311 3422 repetitos
1334 3339 1433 3403 semel
1455 3349 1522 3403 tan-

124 3450 192 3503 tum
220 3460 408 3503 numerasse
438 3461 608 3505 sumerem.
655 3440 712 3503 sed
740 3440 802 3504 hoc
832 3462 896 3505 non
921 3441 1072 3506 sufficere
1095 3464 1173 3507 mox
1201 3443 1357 3509 intellexi.
1403 3445 1523 3509 etenim

125 3544 291 3608 contendit
313 3542 427 3630 Zycha
448 3568 480 3629 p.
505 3543 547 3607 85
574 3546 607 3608 in
635 3546 809 3609 enuntiatis
836 3546 1074 3631 temporalibus
1093 3546 1144 3610 bis
1166 3556 1292 3612 tantum
1315 3548 1379 3631 legi
1405 3548 1522 3633 imper-

125 3648 257 3729 fectum,
282 3648 472 3733 Ebelingius
496 3659 604 3712 autem
629 3650 813 3734 (143595)
838 3652 1012 3716 duodecim
1039 3651 1127 3716 locos
1150 3652 1265 3734 adfert,
1289 3675 1307 3716 e
1331 3652 1448 3739 quibus
1473 3676 1521 3736 ea,

125 3762 223 3838 quam
254 3775 352 3837 supra
383 3753 536 3836 indicavi,
567 3757 691 3818 ratione
724 3778 782 3820 sex
812 3766 938 3820 tantum
970 3756 1096 3821 detrahi
1127 3768 1269 3842 possunt.
1316 3779 1355 3821 ac
1385 3759 1522 3843 nequis

124 3857 206 3922 forte
223 3858 312 3921 dicat
334 3880 407 3922 eum
423 3857 593 3923 nonnullos
608 3858 694 3923 locos
716 3859 945 3943 significationi
968 3862 1090 3926 causali
1106 3862 1328 3947 adscripsisse,
1352 3862 1522 3926 videamus

125 3970 203 4047 quot
233 3962 426 4046 imperfecta
456 3965 490 4025 vi
521 3963 643 4027 causali
674 3974 844 4050 usurpata·
860 3967 1078 4031 inveniantur.
1135 3966 1341 4051 Ebelingius,
1377 3969 1403 4030 si
1432 3977 1522 4033 recte

14 4119 17 4124 ,
126 4068 322 4157 computavi,
353 4065 518 4129 1436¹³d
550 4070 733 4152 promiscue
758 4067 796 4130 71
830 4068 917 4160 locos
942 4080 1181 4152 commemorat,
1213 4071 1268 4135 ubi
1295 4073 1522 4157 imperfectum

124 4170 178 4233 vel
201 4170 555 4255 plusquamperfectum
578 4170 704 4255 legitur.
741 4173 882 4237 eundem
905 4174 973 4237 fere
996 4196 1167 4239 numerum
1189 4175 1288 4239 habet
1309 4175 1521 4260 Dietrichius,

125 4274 200 4338 dico
224 4273 275 4339 69.
300 4273 501 4359 Zychanon
525 4276 607 4361 plus,
633 4274 691 4339 sed
715 4278 821 4341 minus
845 4277 959 4342 habet:
984 4278 1026 4342 55
1049 4280 1250 4366 imperfecta,
1276 4281 1316 4344 10
1339 4282 1522 4366 plusquam-

125 4378 281 4464 perfecto.
327 4378 397 4441 fieri
421 4380 519 4461 igitur
542 4401 606 4443 non
629 4384 743 4465 potuit,
767 4383 844 4467 quin
869 4381 1001 4467 Zycbae
1025 4384 1124 4449 fidem
1147 4385 1352 4469 denegarem.
1387 4385 1421 4449 id
1445 4409 1522 4449 sane

126 4482 373 4548 concedendum
402 4484 462 4547 erit
489 4483 577 4570 apud
604 4484 782 4550 Homerum
810 4488 877 4550 vim
907 4488 1068 4553 causalem
1096 4490 1197 4555 multo
1225 4491 1354 4575 saepius
1384 4492 1522 4555 inveniri

125 4609 224 4672 quam
239 4590 271 4651 in
289 4586 527 4672 Argonauticis,
545 4610 680 4674 quorum
696 4589 783 4654 locos
799 4614 829 4655 v.
852 4590 935 4655 1094
950 4602 1063 4679 utpote
1079 4593 1233 4659 lacunoso
1249 4595 1396 4680 neglecto
1414 4598 1520 4660 statim
