3392 5067
1482 232 1546 295 275

151 425 302 489 maehum
327 432 358 489 et
372 425 574 489 Nicandrum
597 425 676 489 nihil
699 424 763 489 talc
779 426 899 489 inveni.
923 434 1034 490 contra
1055 424 1096 488 de
1113 426 1233 506 Quinto
1249 423 1400 508 Koechly
1422 446 1454 509 p.
1471 422 1544 504 XC,

151 540 322 617 postquam
351 530 521 615 periodum
552 530 700 594 irrealem
731 539 874 594 tractans
904 529 991 595 locos
1013 528 1139 611 adtulit,
1172 528 1289 614 quibus
1318 529 1352 592 in
1383 530 1547 593 enuntiato

76 652 79 660 ’
151 635 304 720 primario
328 634 485 698 habemus
507 629 636 720 ἔμελλεν
659 655 733 697 cum
757 633 915 698 infinitivo
940 642 1174 697 constructum:
1198 632 1215 695 I
1238 633 1311 715 713,
1334 633 1369 697 Π
1392 631 1465 717 305,
1483 632 1548 696 VII

155 738 226 817 142,
250 738 324 822 417,
348 738 431 803 VIII
453 738 527 816 341,
552 737 625 823 350,
657 740 703 801 sic
727 738 847 823 pergit:
880 738 1022 801 ‘unicum
1053 738 1111 801 sed
1134 740 1252 801 iustum
1276 746 1325 801 est
1347 737 1377 801 V
1401 736 1464 801 359
1478 757 1546 821 sqq.

151 849 192 909 τά
216 844 255 930 δή
277 847 359 925 τάχα
382 847 489 909 πάντα
511 841 666 922 τέλεσσεν,
699 844 703 927 Ι
735 843 764 907 εἰ
786 846 829 931 μή
852 836 884 907 οἱ
908 840 1063 928 Τριτωνὶς
1085 846 1242 924 ἀάσχετον
1265 837 1384 926 έμβαλε
1407 840 1546 906 λύσσαν]

154 947 241 1033 quod
272 947 459 1033 exemplum
491 968 565 1010 cum
596 948 725 1011 unicum
759 968 828 1010 esse
860 946 989 1027 dixerit,
1020 948 1139 1009 mirum
1169 968 1247 1010 sane
1275 955 1324 1009 est
1354 967 1430 1009 eum
1452 944 1548 1030 paulo

153 1060 226 1135 post
256 1052 339 1115 intcr
368 1051 483 1114 horum
514 1050 734 1115 membrorum
764 1050 894 1135 formas,
925 1073 1004 1136 quas
1036 1050 1176 1130 Quintus
1203 1050 1380 1130 admiserit,
1411 1050 1547 1113 referre:

153 1154 204 1218 III
216 1154 281 1219 514
295 1150 367 1236 τάχ’
378 1154 596 1243 ήλυθε-νύξ,
611 1154 643 1219 εἰ
657 1160 753 1243 μή-
767 1158 982 1242 προσεφώνεε,
998 1154 1067 1220 IIII
1079 1155 1139 1219 301
1157 1152 1216 1244 ήκα
1234 1156 1269 1221 ἀὲ
1285 1159 1402 1233 πάντες
1417 1149 1548 1239 έμιμνον

154 1297 196 1305 —-
218 1259 248 1323 el
275 1261 318 1345 μή
346 1281 447 1345 σφεας
474 1257 624 1339 ἐνένιπεν,
663 1259 710 1323 VI
733 1258 797 1323 503
818 1256 874 1324 καὶ
896 1259 935 1347 δή
958 1264 1041 1342 τάχα
1063 1298 1106 1306 -
1128 1259 1250 1343 ὄλοντο,
1274 1261 1304 1324 εἰ
1325 1264 1367 1347 μή
1392 1298 1433 1306 -
1454 1260 1547 1344 τύψε,

154 1363 221 1427 XII
243 1362 306 1426 269
329 1365 547 1451 καταβήμεναι
570 1360 786 1447 ὁρμαίνεσκον,
814 1364 844 1427 εἰ
866 1367 909 1448 μή
932 1401 974 1410 —
997 1359 1094 1450 ἔρυκε,
1133 1362 1218 1427 ΧΠΙ
1240 1362 1304 1426 389
1327 1365 1449 1449 ὥρμήνε
1470 1385 1548 1426 κτα-

151 1464 240 1547 νέειν,
263 1468 350 1553 εἰμὴ
368 1506 409 1513 -
424 1464 582 1549 κατέρεξε,
607 1464 710 1530 XIIII
725 1465 788 1529 232
810 1456 926 1546 εἷλκον,
949 1467 980 1532 εἰ
994 1472 1037 1555 μή
1054 1506 1096 1513 -
1110 1466 1290 1551 κατέρυκενς
1315 1465 1356 1530 cf.
1375 1464 1457 1530 VIII
1473 1464 1547 1548 215.

152 1572 209 1635 sed
233 1571 333 1635 multo
359 1573 487 1655 saepius
511 1570 599 1655 apud
623 1569 782 1651 Quintum
805 1573 925 1634 usitata
947 1571 1050 1636 forma
1073 1570 1200 1655 legitur.

256 1676 309 1739 Ex
331 1677 380 1757 iis,
405 1698 488 1761 quae
511 1674 711 1760 protulimus,
736 1673 843 1738 elucet
865 1676 899 1738 in
922 1674 995 1739 talis
1017 1675 1142 1759 periodi
1164 1673 1392 1760 hypotheticae
1415 1675 1549 1761 apodesi

152 1800 395 1864 nonnumquam
431 1818 469 1826 -
505 1801 634 1865 semper
656 1779 724 1844 fere
747 1781 801 1861 ita,
825 1790 863 1843 ut
885 1781 1087 1845 enuntiatum
1109 1779 1337 1843 secundarium
1360 1781 1549 1864 negativum

152 1885 193 1947 sit
237 1922 278 1930 —
322 1883 535 1947 indicativum
559 1886 635 1970 poni
658 1883 782 1968 absque
806 1882 967 1969 particula
990 1883 1028 1948 άν
1049 1883 1187 1963 voluer,
1211 1885 1424 1947 etiamsinon
1448 1882 1548 1947 verbo

151 1991 221 2074 ipso
246 1986 381 2074 (μέλλω)
406 1988 459 2051 vel
489 1988 552 2052 alia
574 1987 689 2053 vocula
719 1988 831 2053 addita
856 1987 970 2073 (τάχα)
1001 2010 1070 2052 rem
1093 1988 1214 2051 factam
1241 2010 1305 2052 non
1334 2010 1405 2052 esse
1429 1988 1547 2073 signifi·
1587 1991 1592 2000 '

153 2104 253 2157 catur.
289 2093 323 2155 id
345 2101 453 2156 autem
478 2094 618 2157 maxime
641 2094 739 2157 miros
762 2115 819 2156 nos
843 2091 953 2174 habet,
977 2092 1064 2176 quod
1087 2094 1119 2155 in
1137 2091 1365 2176 Argonauticis
1387 2113 1547 2177 nusquam

152 2200 280 2261 omnino
308 2197 429 2261 usitata
456 2196 560 2262 forma
583 2198 757 2261 invenitur.
804 2197 896 2260 cuius
918 2197 966 2260 rei
990 2219 1122 2260 oausam
1145 2197 1206 2259 nisi
1229 2196 1323 2260 huius
1346 2198 1460 2261 aetatis
1484 2219 1548 2260 ser-

152 2323 279 2365 monem
310 2303 493 2365 accuratius
524 2303 687 2387 persecuti
717 2302 949 2381 invenerimus,
981 2299 1094 2364 melius
1126 2310 1212 2363 certe
1245 2301 1306 2363 erit
1338 2322 1406 2363 rem
1441 2303 1546 2385 ipsam

152 2417 263 2470 notare
279 2427 376 2490 quam
399 2405 558 2470 futtilibus
575 2403 846 2490 explicationibus
869 2403 1048 2488 indulgere.
1081 2403 1167 2490 quod
1190 2403 1232 2467 ad
1255 2406 1548 2488 interpunctionem

153 2520 227 2575 ante
251 2511 281 2576 el
302 2513 345 2597 μή
372 2509 557 2596 ponendam
580 2508 715 2589 adtinet,
744 2530 807 2572 non
830 2509 938 2593 video,
967 2530 1026 2572 cur
1048 2509 1111 2572 alia
1133 2508 1279 2573 membra
1301 2510 1408 2593 potius
1432 2531 1491 2594 per
1513 2533 1548 2573 se

153 2614 344 2700 accipienda
372 2636 452 2698 esse,
477 2613 538 2677 alia
566 2614 666 2676 artius
694 2634 768 2676 cum
791 2614 964 2676 enuntiatis
988 2614 1147 2697 primariis
1176 2612 1348 2677 cohaerere
1372 2634 1546 2678 sumamus

153 2740 280 2783 comma
303 2720 400 2802 igitur
415 2717 619 2781 retinendum
643 2738 713 2779 esse
735 2724 824 2801 puto,
849 2716 936 2801 quod
959 2717 1109 2780 omnibus
1132 2717 1210 2780 locis
1234 2715 1367 2780 defendi
1388 2726 1504 2801 potest.

105 2824 108 2829 ’
254 2822 324 2885 Iam
348 2822 543 2886 accedamus
558 2819 601 2884 ad
625 2820 791 2883 enuntiata
814 2819 1058 2902 condicionalis,
1081 2822 1114 2882 in
1138 2819 1255 2905 quibus
1271 2822 1436 2905 optativus
1459 2842 1547 2883 usur-

152 2936 256 3012 patur.
304 2948 368 3011 qua
390 2928 421 2990 in
445 2948 480 2989 re
504 2927 612 2988 statim
636 2923 819 2988 delabimur
842 2923 884 2987 ad
907 2923 1024 3002 locum,
1049 2925 1157 3010 quiin
1183 2925 1256 2987 crisi
1279 2924 1461 2989 factitanda
1483 2946 1548 2987 ma-

152 3032 258 3095 ximas
287 3030 423 3116 praehet
451 3028 670 3108 difficultates,
703 3028 776 3092 dico
799 3051 830 3091 v.
848 3027 913 3091 844
929 3049 998 3113 sqq.
1044 3049 1144 3112 quare
1167 3028 1281 3092 melius
1305 3030 1375 3113 erit,
1399 3051 1482 3115 quae
1507 3030 1547 3093 de

154 3137 356 3222 superiorum
380 3144 547 3221 poetarum
577 3155 638 3196 usu
661 3142 827 3217 comperta
853 3132 1022 3213 habemus,
1053 3134 1271 3218 praemittere.
1317 3133 1404 3217 apud
1429 3134 1546 3197 Home·

153 3262 225 3304 rum
248 3239 379 3326 quidem
402 3246 530 3325 praeter
545 3238 664 3301 usitata
686 3236 809 3301 formae
833 3245 968 3322 quartae
991 3236 1142 3321 exempla
1164 3237 1251 3301 locos
1274 3238 1466 3319 invenimus,
1490 3237 1546 3302 ubi

154 3346 186 3406 in
209 3346 375 3408 enuntiato
398 3344 551 3428 primario
574 3341 771 3405 indicativus
794 3341 921 3424 legitur,
945 3338 1035 3404 velut
1056 3345 1091 3406 K
1104 3341 1167 3404 222
1183 3336 1252 3406 ἀλλ’
1267 3340 1301 3406 εἴ
1319 3338 1369 3419 τίς
1390 3333 1450 3427 μοιΙ
1468 3344 1546 3428 ἀνὴρ

152 3441 207 3533 ἀμ’
222 3444 337 3514 ἕποιτο
357 3445 413 3512 καὶ
434 3446 537 3525 ἀλλος,
558 3444 563 3528 Ι
582 3445 702 3530 μᾶλλον
716 3445 877 3531 θαλπωρή
896 3442 951 3509 καὶ
965 3445 1227 3530 θαρσαλεώτερον
1242 3443 1348 3528 έσται;
1372 3446 1412 3509 cf.
1433 3445 1545 3527 Y100,

152 3557 191 3616 A
213 3551 256 3615 59
285 3562 339 3617 νῦν
360 3552 445 3636 άμμε
468 3548 800 3634 παλιμπλαγχθέντας
822 3547 880 3614 ἀίω
901 3548 905 3632 Ι
925 3550 977 3635 άψ
998 3551 1241 3636 ἀπονοστήσειν,
1264 3549 1302 3615 εἷ’
1320 3575 1381 3616 κεν
1402 3552 1547 3615 θάνατόν

151 3680 185 3739 χε
207 3658 371 3744 φάχοιμεν.
417 3658 494 3720 item
524 3653 612 3739 apud
644 3652 836 3740 Sophoclem
868 3653 1060 3738 plerumque
1091 3658 1254 3740 optativus
1285 3677 1359 3718 cum
1389 3656 1438 3738 άν,
1469 3676 1545 3718 non-

152 3759 249 3823 nullis
271 3783 350 3826 vero
372 3760 452 3823 locis
474 3760 669 3823 indicativus
692 3764 796 3821 extat:
826 3757 876 3819 El.
893 3756 957 3821 370
980 3758 1023 3837 ὡς
1044 3765 1112 3837 τοῖς
1134 3759 1240 3842 λόχοις
1259 3758 1263 3844 Ι
1284 3755 1404 3826 ένεστιν
1425 3762 1547 3846 ἀμφοῖν

152 3863 272 3950 κέρδος,
303 3865 333 3929 εἰ
361 3870 399 3930 σὺ
429 3865 486 3948 μὲν
507 3866 638 3946 μάθοις,
671 3860 752 3925 Oed.
770 3861 808 3925 R.
825 3859 887 3925 851
912 3862 942 3926 εἰ
964 3855 994 3928 d’
1009 3859 1064 3927 cdv
1085 3886 1117 3927 τι
1138 3863 1351 3949 κάκτρέποιτο
1376 3872 1435 3928 τοῦ
1464 3865 1546 3948 πρό-

153 3973 235 4034 σθεν
256 3968 360 4052 λάχοο,
382 3967 386 4053 Ι
411 3969 500 4033 οὔτοι
521 3966 608 4046 ποτ’,
632 3962 725 4044 ὦναξ,
748 3967 804 4030 σόν
819 3989 853 4048 χε
869 3965 981 4031 Λαΐου
997 3968 1095 4053 φόνον
1115 3966 1118 4049 Ι
1143 3973 1260 4052 φανεῖ
1279 3965 1410 4045 δικαίως
1431 3967 1545 4050 ὀρθάν,·

154 4071 195 4135 cf.
213 4072 291 4136 Ant.
310 4071 402 4136 1031.
449 4070 490 4135 de
514 4069 684 4156 Apollonio
709 4069 822 4134 videl
845 4068 906 4133 681
939 4070 970 4135 εἰ
997 4071 1032 4147 δὲ
1055 4073 1172 4153 τὸμὲν
1202 4074 1352 4156 μακάρων
1381 4094 1432 4149 τις
1460 4072 1546 4135 άπο-

152 4176 277 4261 τρέποι,
300 4176 381 4241 ἀλλα
404 4171 433 4240 δ’
456 4171 583 4240 ὀπίσσω
604 4175 608 4258 Ι
628 4168 722 4260 μυρία
746 4174 915 4263 δηιοτῆτος
935 4172 1091 4261 ὑπέρτερα
1121 4177 1253 4262 πήματα
1280 4174 1388 4261 μίμνει
1415 4173 1472 4260 (cf.
1495 4173 1547 4236 III

155 4278 227 4364 140,
251 4278 319 4343 ΙΠΙ
343 4279 452 4363 1511),
482 4277 602 4341 17642
629 4272 697 4345 οὐδ’
714 4276 752 4343 εἴ
769 4302 809 4343 κε
832 4277 900 4355 διὲξ
922 4272 1035 4345 Ἀίδαο
1056 4278 1221 4366 βερέθρων
1247 4279 1251 4364 Ι
1278 4278 1474 4366 στελλοίμην,
1498 4273 1546 4342 ἔτι

153 4387 272 4468 τάρβος
295 4386 515 4469 ἀνάψομαι.
534 4433 541 4447 .
559 4408 577 4461 .;
602 4384 642 4446 cf.
666 4382 813 4465 111479,
837 4381 905 4447 ΙΠΙ
927 4382 1001 4447 403.
1037 4406 1054 4447 e
1078 4382 1276 4448 Callimacho
1299 4383 1363 4447 hue
1385 4385 1548 4468 pertinent

153 4486 205 4549 III
223 4486 283 4550 178
306 4485 326 4574 ή
347 4490 405 4572 χάρ
427 4510 502 4552 κεν.
521 4536 527 4549 .
546 4485 787 4570 .προχένοιντο,
810 4485 865 4553 καὶ
887 4488 917 4553 εἰ
930 4486 1147 4574 Στυμφαιίάες
1168 4480 1231 4553 εἶεν
1254 4498 1287 4551 et
1308 4486 1376 4550 IIII
1393 4486 1454 4549 129
1477 4488 1546 4572 τλή-

154 4613 252 4675 σομαι
270 4641 276 4653 .
295 4642 301 4655 .
320 4641 338 4670 .,
367 4589 422 4656 καὶ
451 4591 481 4655 εἰ
510 4588 667 4674 μέλλοιμι.
707 4614 723 4652 e
748 4592 869 4670 Quinto
901 4591 1031 4655 confero
1053 4590 1070 4653 I
1093 4591 1156 4656 600
1178 4590 1295 4679 φρένας
1317 4586 1407 4655 ένάον
1429 4590 1544 4677 laires!

1345 4692 1390 4744 18*
