3392 5067
101 237 241 338 '54

192 472 258 543 fidit
272 480 297 527 et
311 491 412 544 maqna
422 479 520 543 potens
537 462 541 549 Ι
558 473 714 527 dominatur
730 472 788 525 aul
792 491 810 525 α
824 489 873 526 nee
889 472 958 526 leves
972 473 1066 526 metuit
1080 474 1142 527 deos
1156 464 1160 549 Ι
1178 474 1349 545 animumque
1364 468 1443 530 rebus
1458 479 1618 531 credulum

198 579 275 633 laetis
296 579 368 633 cledit
385 567 389 655 Ι
405 596 446 631 me
460 578 553 631 uideat
567 583 592 631 et
612 584 645 647 te,
667 578 767 631 Troia:
789 596 843 631 uon
864 595 993 648 umquam
1016 578 1078 631 tulit
1094 567 1098 654 Ι
1116 578 1272 633 docuonenta
1290 580 1353 649 sors
1374 582 1491 649 maiora,
1517 600 1618 651 quam

192 683 323 753 fraqili
340 683 395 736 loco
413 672 416 758 Ι
435 688 538 737 starent
553 682 669 751 superbi.
694 682 814 736 columen
829 700 975 736 eversum
990 683 1087 737 occidit
1095 683 1226 752 pollentis
1240 682 1323 738 Asiae
1339 673 1397 763 [B]‚
1418 682 1491 740 Oed.
1507 687 1615 759 6sqq.

199 786 373 857 quisquamne
396 804 476 858 reqno
499 784 618 857 qoudet?
644 804 660 840 o
677 786 795 855 fallam
817 787 914 839 bonum
938 776 943 863 Ι
968 793 1099 856 quantum
1120 788 1254 841 malorum
1269 788 1363 856 fronte
1390 807 1472 859 qrram
1495 790 1614 845 blanda

199 892 264 962 teqis
289 882 292 967 Ι
316 898 347 945 ut
369 891 428 945 alta
450 896 540 945 uentos
562 908 666 959 semper
689 891 825 959 euceqriunt
852 891 919 960 iuqa
943 934 949 944 .
973 933 978 944 .
1003 932 1008 942 .
1034 891 1150 960 imperia
1172 893 1211 945 sie
1230 892 1334 945 escelsa
1356 893 1530 948 Fortunae
1563 896 1613 948 ob-

198 998 298 1064 iacent,
324 995 380 1066 Ag.
403 995 517 1067 lrlsqq.
547 1012 562 1047 o
588 1012 731 1065 requorum
760 996 866 1065 maqnis
888 994 1009 1063 fallax
1035 984 1040 1071 Ι
1064 996 1215 1049 Fortuna
1245 996 1333 1064 bonis,
1364 998 1393 1050 in
1417 998 1579 1067 praecipiti
1606 990 1609 1074 Ι

88 1106 91 1113 ’
199 1101 330 1169 dubioque
345 1100 418 1153 locem
436 1100 516 1153 nimis
536 1099 658 1167 encelsos,
683 1096 795 1153 Phaed.
812 1099 871 1153 773
882 1116 925 1173 sq.
948 1117 991 1153 res
1006 1107 1044 1154 est
1053 1094 1149 1169 somna
1165 1099 1274 1170 fuqaa:
1297 1102 1357 1170 ques
1371 1103 1480 1171 sepiem
1495 1104 1584 1156 bono
1605 1093 1610 1179 Ι

199 1203 316 1272 considat
332 1202 484 1273 fraqili?
511 1204 624 1258 certum
647 1201 795 1277 quendam
818 1200 947 1258 Senecae
973 1202 1071 1257 locum
1093 1201 1233 1259 Octaviae
1257 1201 1429 1277 scriptorem
1455 1201 1487 1259 in
1509 1204 1610 1261 versi-

198 1307 252 1362 bns
268 1304 327 1361 illis
343 1304 552 1381 componendis
567 1305 731 1380 respexisse
746 1304 884 1361 contendi
902 1304 1005 1381 nequit
1013 1299 1053 1385 ¹);
1078 1325 1145 1361 nam
1167 1305 1200 1362 hi
1223 1306 1280 1363 loci
1303 1326 1402 1363 omnes
1425 1307 1457 1363 in
1479 1307 1608 1366 nniver-

199 1430 263 1466 snm
285 1413 402 1467 tantum
424 1409 504 1467 inter
526 1429 557 1466 se
580 1408 742 1484 comparari
765 1413 895 1484 possunt,
919 1410 957 1466 cf.
979 1409 1071 1467 etism
1085 1410 1161 1487 Thy.
1180 1413 1255 1468 391:
1279 1420 1330 1468 stet
1352 1414 1510 1485 quicumque
1533 1416 1609 1468 volet

197 1524 290 1587 potens
311 1508 315 1593 Ι
335 1518 417 1572 aulae
439 1517 553 1571 culmine
575 1517 687 1571 lubrico.

302 1629 376 1694 Oet.
397 1628 440 1693 42
466 1631 573 1715 iqnota
600 1631 695 1692 tacitis
722 1628 871 1692 classibus
895 1630 969 1692 lenit
984 1628 1094 1714 freta:
1116 1637 1183 1693 Tro.
1203 1639 1264 1692 370
1287 1647 1344 1692 tum
1365 1640 1438 1693 mille
1459 1640 1526 1693 uelis
1550 1641 1604 1693 im-

194 1745 273 1813 pleat
303 1744 425 1798 classis
441 1742 550 1811 freta,
575 1743 632 1813 Ag.
654 1743 694 1797 40
712 1759 753 1816 sq.
785 1744 862 1797 cuius
892 1749 998 1796 secutae
1027 1744 1099 1797 mlle
1126 1744 1254 1797 vexillum
1281 1749 1354 1797 rates
1384 1732 1388 1820 Ι
1414 1743 1503 1797 iliaca
1534 1743 1604 1796 velis

198 1851 289 1903 maria
312 1854 465 1902 temerant
486 1849 552 1916 suis,
577 1864 634 1921 quo
658 1846 720 1902 loeo
742 1848 821 1902 rates
844 1845 1009 1902 subiectum
1032 1865 1060 1922 q.
1078 1846 1106 1901 d.
1131 1844 1280 1902 enuntiati
1304 1849 1357 1901 est.

303 1959 375 2025 Oet.
392 1960 435 2025 46
448 1982 493 2045 sq.
517 1972 632 2024 maeret
654 1960 768 2046 infelice
790 1960 898 2048 sorori
920 1961 1085 2046 eadernquc
1108 1962 1251 2036 coniunx,
1275 1959 1339 2022 219
1355 1981 1402 2044 sq.
1426 1970 1460 2022 tu
1474 1982 1601 2044 quoque,

199 2065 291 2129 terris
315 2065 418 2129 altera
440 2066 528 2144 luno,
557 2064 561 2152 Ι
594 2088 682 2129 soror
710 2066 845 2149 Auqusti
875 2067 1085 2150 coniunxque,
1117 2065 1181 2129 282
1204 2088 1274 2151 sqq.
1295 2064 1418 2149 fratris
1442 2064 1601 2127 thalamos

199 2174 311 2233 sortito
338 2180 417 2233 tenet
442 2168 445 2255 Ι
470 2173 610 2233 munima
633 2168 721 2248 Iuno,
749 2193 837 2233 soror
859 2170 994 2254 Auqusti
1017 2168 1020 2256 Ι
1045 2171 1165 2233 sociata
1193 2171 1267 2233 toris
1296 2169 1374 2253 (909
1395 2191 1442 2253 sq.
1466 2191 1546 2232 nunc
1573 2178 1601 2231 et

199 2275 344 2337 thalamis
366 2274 496 2359 expulsa
518 2275 631 2357 soror),
655 2275 717 2340 658
741 2274 980 2358 sororAuqusti
1000 2297 1063 2337 non
1085 2297 1165 2337 necor
1187 2297 1249 2337 ero.
1278 2280 1387 2337 similia
1409 2280 1486 2355 apud
1510 2279 1597 2349 Sene

200 2403 263 2442 eam
286 2385 323 2441 de
345 2386 459 2443 Iunone
481 2387 628 2459 leguntur,
657 2387 694 2443 ef.
719 2386 771 2444 Hf.
792 2391 807 2442 1
827 2406 868 2462 sq.
894 2380 1004 2462 [Iuno]:
1036 2406 1129 2442 soror
1156 2388 1286 2441 Tonantis
1313 2386 1382 2456 (hoe
1404 2388 1473 2442 enim
1495 2388 1597 2440 solum
1672 2399 1673 2402 ’

198 2494 266 2547 milti
288 2483 291 2570 Ι
316 2511 426 2547 nomen
447 2494 570 2547 relictum
592 2490 641 2561 est)
658 2482 719 2571 [R]‚
748 2494 804 2563 Ag.
822 2493 956 2567 348sqq.
980 2494 1058 2562 ades,
1087 2510 1102 2545 o
1124 2494 1219 2563 moqni
1238 2510 1332 2546 soror
1353 2499 1382 2546 et
1409 2493 1564 2560 coniunx,
1590 2481 1594 2569 Ι
1672 2481 1673 2484 “

199 2616 306 2651 consors
328 2599 436 2667 saepiri,
458 2592 462 2671 Ι
481 2599 559 2669 reqia
581 2599 659 2652 Iuno.
1672 2669 1673 2676 Ι

281 2709 377 2775 Oct.
401 2710 443 2773 48
478 2734 670 2797 uecflqroves
699 2710 797 2773 luctus
826 2709 908 2773 valet
939 2710 1089 2793 (tepere):
1122 2715 1188 2772 ΗΟ.
1215 2717 1297 2772 1855
1317 2734 1358 2790 sq.
1390 2692 1459 2787 quas
1489 2718 1594 2771 luctus
1672 2721 1673 2770 ἶ

198 2826 317 2895 qrauis
336 2816 341 2902 Ι
361 2826 389 2878 iu
411 2842 483 2879 sana
505 2831 596 2879 certet.

304 2938 377 3004 Oct.
401 2938 443 3001 53
460 2958 506 3022 sq.
530 2960 584 2999 nec
606 2938 673 3021 reqi
693 2938 802 2999 mentis
820 2945 920 3021 potest
944 2934 948 3021 Ι
972 2957 1133 3018 qenerosus
1155 2934 1268 2997 ardor:
1294 2940 1360 2996 Tro.
1384 2944 1444 2997 279
1472 2944 1518 2996 sed
1538 2944 1594 3012 reql

193 3054 283 3121 frenis
306 3054 397 3122 nequit
421 3042 425 3129 Ι
451 3058 475 3105 el
497 3052 542 3105 ira
565 3057 590 3103 et
612 3052 710 3104 ardens
732 3051 822 3104 hostis.

304 3166 376 3229 Oct.
390 3164 433 3228 54
455 3187 521 3249 qen.
540 3164 647 3239 ardor,
663 3164 717 3225 scel
733 3162 822 3225 malls
837 3163 916 3226 eires
931 3163 1029 3247 capit:
1052 3168 1132 3223 Med.
1145 3170 1206 3224 910
1230 3171 1313 3223 creuit
1334 3170 1469 3240 inqenium
1488 3169 1588 3221 malis.

303 3286 377 3350 Oet.
398 3284 440 3350 55
468 3286 524 3348 heu
546 3308 637 3369 quam
660 3283 838 3369 nefandum
856 3284 1005 3368 prospicit
1027 3294 1128 3344 noster
1151 3282 1242 3344 timor
1265 3280 1270 3367 Ι
1294 3280 1401 3358 scelus,
1428 3281 1512 3365 quod
1535 3281 1589 3342 uti-

199 3415 271 3455 nam
298 3413 408 3453 numen
436 3400 556 3453 avertat
579 3390 678 3464 deum,
707 3387 771 3452 502
797 3387 935 3473 nefando
960 3388 1071 3449 civium
1092 3385 1214 3461 scelere,
1242 3385 1307 3449 964
1328 3386 1459 3447 numina
1481 3386 1588 3463 cliuum,

199 3495 263 3559 982
292 3518 403 3558 numen
429 3516 589 3579 superum:
625 3498 676 3555 Hs.
707 3502 788 3556 1148
825 3502 913 3554 neseio
943 3502 1014 3570 quod
1043 3501 1150 3553 animus
1179 3500 1283 3569 qrancle
1309 3500 1452 3569 praesaqit
1481 3500 1585 3565 molum,

200 3604 324 3685 (Phoen.
343 3598 431 3684 278),
457 3598 523 3683 (Hs.
545 3606 626 3660 1004
650 3606 736 3659 scelus
758 3605 914 3674 nefandum,
938 3602 1005 3658 Tro.
1025 3606 1063 3659 28
1087 3603 1197 3657 morum
1219 3593 1352 3677 numen).

303 3720 376 3784 Oet.
398 3720 439 3783 68
456 3743 503 3805 sq.
530 3718 677 3803 (fratris)
708 3719 741 3781 in
767 3739 827 3802 quo
846 3716 961 3802 fuerat
990 3740 1058 3801 spes
1084 3739 1148 3779 uua
1174 3717 1252 3778 milri
1279 3714 1283 3801 Ι
1315 3725 1415 3801 totque
1444 3715 1587 3778 malorum

199 3826 287 3888 breve
313 3825 466 3887 solamen:
487 3831 552 3886 Tre.
575 3833 636 3886 462
666 3830 693 3900 (o
715 3828 789 3899 nale)
819 3848 893 3900 spes
919 3848 985 3883 una
1011 3831 1174 3900 Plerchlus,
1202 3830 1303 3882 unica
1336 3829 1463 3897 adflictae
1488 3829 1584 3897 domus,

202 3940 262 3992 703
273 3956 313 4011 sq.
335 3938 467 3991 unicum
487 3937 611 4005 adflictae
631 3937 698 3989 milri
716 3926 720 4012 Ι
740 3936 885 3989 solamen
898 3936 941 3988 nec
956 3942 1003 4003 est,
1027 3932 1107 3988 Med.
1119 3933 1180 3988 945
1196 3934 1327 3986 unicum
1342 3933 1469 4001 adflictae
1484 3923 1584 4009 domuel

199 4044 356 4112 solamen,
386 4040 497 4097 Phaed.
518 4042 577 4095 267
608 4040 753 4094 solamen
781 4040 860 4093 anuis
887 4039 1019 4092 unicum
1035 4038 1129 4107 fessis,
1153 4054 1211 4104 era,
1244 4036 1305 4089 578
1329 4036 1474 4090 solamen
1499 4055 1584 4090 unum

200 4149 307 4202 matris.

305 4400 324 4464 1)
344 4402 435 4450 Braun
453 4400 471 4449 l.
485 4418 507 4449 e.
526 4417 550 4465 p.
567 4404 597 4448 12
617 4402 766 4464 suspicatus
785 4404 825 4448 est
842 4398 973 4447 Octaviae
991 4398 1113 4461 scriptori
1131 4398 1230 4462 primos
1243 4395 1377 4445 Troadum
1395 4410 1488 4443 versus
1504 4395 1582 4443 obver-

200 4494 271 4538 satos
290 4503 355 4549 esse,
379 4488 425 4537 sed
444 4488 515 4553 quod
528 4488 636 4552 fraqilie
658 4492 772 4551 utroque
795 4486 853 4534 loco
873 4491 954 4546 extat,
973 4485 1048 4533 casui
1070 4482 1241 4532 tribuendum
1259 4498 1317 4532 esse
1330 4482 1444 4530 videtur.
1463 4480 1495 4530 ad
1512 4481 1582 4529 verba

200 4592 312 4625 euersum
333 4574 434 4625 domum
461 4575 494 4623 ef.
517 4574 645 4623 Oeneos
668 4576 754 4623 evertit
772 4572 890 4622 For-tuno
906 4571 998 4635 domos,
1020 4571 1112 4645 Agam.
1129 4571 1179 4619 733
1201 4575 1290 4619 evertet
1312 4567 1421 4630 domum,
1441 4569 1491 4615 912
1508 4582 1582 4616 euersa

200 4660 288 4712 lomus
305 4668 348 4726 est,
367 4662 413 4712 Hs.
426 4664 477 4712 477
490 4661 584 4727 Euryti
604 4699 608 4711 .
629 4697 635 4710 .
654 4662 734 4711 eversi
752 4658 846 4709 domus.
