3392 5067
188 213 249 276 192

185 404 313 489 κέντρον
341 397 370 468 δ’
385 403 481 480 ἀλλος
503 402 612 483 λαβὼν
634 401 676 479 ὡς
703 400 763 485 ἐγὼ
787 394 920 483 &lapion
959 400 1000 464 cf.
1023 399 1063 463 G.
1082 401 1118 463 F.
1136 401 1339 465 Sohocmann
1369 399 1489 462 ‘Lehrc
1514 420 1580 461 von

187 510 250 573 dcn
273 506 493 571 Redetheilcn'
518 527 573 589 pp.
597 503 660 567 233
678 525 746 589 sqq.
771 502 804 566 hi
827 515 935 567 autem
958 502 1020 568 loci
1049 506 1133 568 inter
1163 505 1242 568 alios
1266 526 1340 567 cum
1362 502 1575 588 Xenophauis

186 636 283 676 versu
305 613 401 674 citato
424 609 562 673 conferri
584 617 732 691 possunt:
757 606 910 691 Aeschyl.
927 607 1032 672 Prom.
1050 608 1113 671 629
1128 611 1170 697 μή
1193 632 1255 692 μου
1270 608 1432 696 προκήδου
1454 615 1579 692 μᾶσσον

187 720 230 797 ὡς
258 713 330 799 ἐμοὶ
359 715 466 799 γλυκύ,
498 712 576 797 Lys.
600 711 729 774 V1131
761 714 889 776 ἅπαντα
911 715 1156 797 προθυμότερον
1186 710 1351 799 πεποίηκα
1373 712 1416 790 ὡς
1437 714 1501 775 ύπδ
1523 719 1583 796 τῆς

187 822 312 897 πόλεως
326 816 552 906 ἠναγκαζόμην,
570 816 738 879 Demosth.
752 838 779 879 c.
793 816 936 899 Aristog.
949 816 965 879 I
977 816 1142 882 53111111
1156 868 1162 880 .
1177 868 1184 880 .
1197 820 1233 881 σύ
1248 820 1482 905 τιμωρήσεσθε,
1499 815 1580 879 ἀλλά

186 924 241 991 καὶ
263 922 416 1009 μειζόνων
438 920 631 999 ἀξιώσαντες
653 920 779 1004 δωρεῶν
801 922 940 1007 ἀφήσετε
964 922 1007 998 ὡς
1028 926 1102 999 τούς
1123 918 1294 1005 εὐεργέτας,
1323 943 1405 1005 quac
1429 918 1580 1004 exempla

187 1030 227 1093 N.
244 1026 418 1093 Wecklein
441 1025 484 1089 ad
506 1023 663 1107 Aeschyli
692 1023 799 1088 locum
830 1027 1001 1107 congessit.
1047 1034 1219 1109 practerea
1241 1023 1385 1107 Theogn.
1403 1047 1433 1087 v.
1451 1023 1513 1086 357
1537 1024 1580 1101 ὡς

188 1132 225 1199 δέ
246 1156 306 1217 περ
334 1129 369 1208 ἐξ
391 1130 525 1214 ἀγαθῶν
547 1124 659 1211 ἔλαβες
681 1130 778 1193 κακόν
808 1150 846 1192 eo
877 1127 1093 1193 memorabilis
1124 1138 1183 1211 est,
1214 1128 1301 1214 quod
1330 1128 1392 1193 hoc
1415 1150 1477 1192 uno
1500 1127 1580 1208 loco,

187 1237 221 1301 id
244 1236 331 1322 quod
355 1256 450 1318 saepe
474 1232 561 1319 apud
584 1233 761 1297 Homerum
785 1231 830 1316 fit,
859 1234 942 1296 inter
972 1234 1014 1311 ὡς
1044 1243 1076 1295 et
1098 1256 1160 1318 περ
1191 1232 1279 1297 aliud
1309 1232 1505 1297 vocabulum
1535 1235 1579 1294 in-

189 1351 310 1405 sertum
332 1349 389 1402 est.

290 1443 485 1510 Accuratius
509 1440 549 1503 de
574 1439 845 1517 similitudinibus
871 1441 912 1505 dc
936 1441 1052 1526 quibus
1073 1441 1296 1524 Kuellenberg
1321 1443 1340 1506 l.
1355 1464 1382 1505 c.
1400 1464 1454 1526 pp.
1472 1440 1515 1504 35
1532 1462 1578 1525 sq.

189 1536 382 1628 conferatur,
406 1545 569 1629 agendum
584 1554 642 1627 est,
667 1566 865 1629 quamquam
889 1544 1049 1609 demodis
1072 1547 1150 1630 ipsis
1166 1569 1230 1610 non
1254 1546 1359 1610 haheo
1377 1546 1463 1631 quod
1480 1545 1580 1629 expli-

192 1676 272 1716 cem.
320 1650 543 1715 similitudines
567 1651 662 1731 enim,
692 1670 774 1733 quae
798 1652 830 1713 in
854 1649 973 1733 elcgcis
997 1659 1110 1715 extant
1136 1651 1178 1715 alo
1202 1652 1251 1736 iis,
1280 1650 1397 1736 quibus
1420 1650 1582 1714 Homerus

189 1760 298 1837 utitur,
321 1757 366 1819 ita
387 1754 548 1834 differunt,
572 1762 608 1817 ut
630 1756 743 1839 paucis
759 1753 868 1818 verbis
884 1776 919 1816 sc
943 1757 1128 1819 contineant
1151 1764 1183 1818 ct
1198 1756 1301 1819 verbo
1324 1756 1414 1818 finito
1439 1763 1579 1818 careant.

189 1862 350 1945 longiores
373 1868 482 1923 autem
505 1854 728 1922 similitudines
752 1859 835 1922 duae
860 1867 982 1941 extant,
1007 1859 1166 1940 1111111112,
1186 1860 1200 1921 1
1220 1882 1288 1945 sqq.
1312 1862 1404 1947 ήμεῖς
1427 1853 1457 1925 δ’
1472 1848 1526 1924 οἷά
1547 1882 1581 1923 τε

189 1966 291 2053 φύλλα
322 1964 395 2051 φύει
423 1961 628 2041 πολυανθέος
657 1966 721 2051 ὥρη
742 1961 745 2048 l
766 1958 868 2048 έαρος,
899 1957 946 2028 ὅτ’
965 1955 1040 2049 αἶψ’
1062 1968 1157 2051 αύγής
1187 1963 1317 2041 αύξεται
1346 1961 1462 2052 ήελίου,
1490 1965 1583 2046 Ιτοῖς

187 2069 287 2133 ’ίκελοι
310 2070 446 2157 πήχυιον
468 2065 524 2131 ἐπὶ
550 2073 660 2151 χρόνον
690 2067 823 2131 ἀνθεσιν
853 2066 1251 2154 ήβης1τερπόμεθα...,
1284 2089 1423 2153 quocum
1445 2067 1515 2131 loco
1539 2066 1580 2129 cf.

189 2180 220 2237 Z
235 2172 296 2235 146
309 2193 378 2257 sqq.
403 2172 539 2259 οἵηπερ
566 2170 692 2257 φύλλων
719 2173 815 2259 γενεή,
846 2169 918 2256 τοίη
949 2171 983 2237 δὲ
1012 2170 1067 2237 καὶ
1097 2172 1235 2258 ἀνδρῶν·
1257 2179 1261 2254 Ι
1281 2172 1384 2260 φύλλα
1410 2176 1451 2236 τά
1474 2170 1531 2255 μέν
1552 2165 1582 2234 τ’

189 2280 304 2361 άνεμος
326 2276 464 2359 χαμάδις
486 2272 560 2359 χέει,
590 2275 671 2340 άλλα
695 2274 731 2341 δέ
752 2272 790 2340 θ)
805 2275 861 2362 ύλη
882 2275 887 2361 l
906 2276 1098 2362 τηλεθόωσα
1121 2281 1202 2364 φύει,
1228 2273 1319 2360 έαρος
1342 2271 1372 2342 δ’
1386 2274 1582 2360 ἐπιγίγνεται

190 2384 268 2468 ὥρη·
289 2381 293 2464 l
314 2382 357 2457 ὣς
379 2380 500 2464 ἀνδρῶν
522 2385 608 2465 γενεή
624 2382 642 2467 ἡ
659 2381 716 2463 μὲν
739 2382 845 2467 φύειή
862 2381 890 2444 δ’
904 2380 1058 2466 ἀπολήγει
1081 2391 1112 2444 et
1127 2382 1254 2444 Musaei
1269 2402 1393 2462 versus,
1417 2381 1471 2464 qui
1494 2381 1581 2464 apud

190 2484 389 2549 Clementem
404 2483 499 2547 Alex.
517 2483 632 2549 Strom.
649 2483 698 2546 VI
720 2482 787 2567 2,5
809 2486 1032 2548 inveniuntur:
1071 2487 1114 2563 ὡς
1136 2474 1281 2563 δαύτως
1302 2484 1356 2550 καὶ
1382 2485 1486 2571 φύλλα
1509 2472 1582 2571 φύει

190 2589 338 2676 ζείδωρος
360 2586 519 2674 ἀρουρα·1
547 2587 627 2652 ἀλλα
649 2590 707 2671 μέν
727 2588 761 2652 ἒν
783 2586 927 2677 μελίησιν
950 2587 1139 2676 ἀποφθίνει,
1166 2590 1247 2655 ἀλλα
1270 2591 1305 2656 δέ
1328 2591 1416 2677 φύει·
1446 2591 1450 2670 l
1477 2590 1519 2667 ὣς
1547 2587 1583 2654 δέ

190 2691 244 2758 καί
275 2695 450 2778 ἀνθρώπου
473 2696 560 2780 γενεή
590 2690 644 2757 καὶ
675 2692 793 2779 φύλλον
822 2690 952 2757 ἑλίσσει.
999 2692 1080 2757 alter
1102 2694 1191 2757 locus
1222 2701 1270 2756 est
1293 2691 1357 2757 Sol.
1377 2692 1425 2774 13,
1452 2692 1489 2753 17
1507 2713 1586 2776 sqq,

190 2796 247 2860 ubi
269 2796 363 2879 longo
380 2795 554 2859 verborum
578 2795 702 2859 ambitu
724 2796 872 2881 Iuppiter
895 2797 1061 2861 hominum
1083 2797 1215 2861 iniurias
1237 2795 1397 2860 ulciscens
1420 2818 1494 2860 oum
1517 2819 1586 2882 pro-

192 2899 272 2965 cella
295 2902 507 2984 componitur.

293 3004 477 3067 Particulae
510 3005 610 3088 ipsae,
642 3004 760 3090 quibus
791 3007 987 3089 comparatio
1017 3005 1191 3087 inducitur,
1227 3008 1283 3086 rei,
1316 3028 1454 3090 quacum
1485 3006 1587 3069 altera

192 3110 404 3193 componitur,
429 3130 557 3193 semper
571 3111 773 3194 praecedunt
788 3120 927 3195 excepto
943 3109 1086 3193 Theogu.
1105 3133 1135 3173 v.
1149 3110 1212 3172 949
1228 3114 1339 3195 νεβρόν
1353 3110 1435 3188 ὑπὲξ
1449 3112 1585 3197 ἐλάφοιο

191 3212 269 3279 λέων
292 3215 334 3292 ὣς
357 3212 428 3278 ἀλκὶ
450 3217 633 3295 πεποιθώς,
658 3236 753 3299 quem
776 3215 883 3278 locum
905 3224 1035 3299 poetam
1058 3238 1100 3278 cx
1123 3216 1258 3279 Homeri
1273 3216 1375 3279 Iliade
1398 3217 1527 3300 petiisse
1544 3238 1587 3277 ex

191 3317 302 3381 11290
334 3316 417 3405 ἀμφὶ
447 3313 476 3384 δ’
497 3314 546 3402 ἀρ’
570 3324 654 3407 αὐτῷ
685 3324 776 3401 βαῖνε
806 3318 886 3385 λέων
916 3320 959 3397 ὣς
989 3318 1063 3385 ἀλκὶ
1091 3321 1267 3398 πεποιθώς
1296 3320 1442 3404 adparet.
1482 3341 1586 3405 neque

191 3432 319 3507 practer
349 3420 428 3485 Call.
456 3424 487 3504 1,
511 3421 554 3486 20
585 3425 693 3508 ὥσπερ
723 3426 782 3508 γάρ
811 3448 866 3507 μιν
895 3428 1015 3508 πύργον
1045 3435 1078 3486 ct
1108 3424 1172 3488 Sol.
1199 3424 1250 3505 31,
1283 3425 1302 3487 6
1336 3425 1450 3509 (trim.)
1480 3426 1524 3503 ὡς
1553 3425 1588 3488 ἐν

190 3524 280 3590 κυσίν
301 3526 474 3591 πολλαῖσιν
496 3527 658 3614 ἐστράφην
681 3527 773 3604 λύκος
795 3526 934 3591 verbum
965 3527 1065 3591 ullum
1093 3529 1176 3591 iuter
1199 3529 1391 3613 particulam
1415 3538 1447 3592 et
1469 3550 1587 3593 nomen
1624 3527 1628 3535 “

191 3632 413 3714 interponitur.
460 3652 555 3715 porro
578 3631 770 3716 aliquotiens
795 3633 1045 3716 comparationis
1068 3633 1228 3717 particula
1251 3633 1356 3714 dcest3
1382 3632 1423 3696 cf.
1440 3632 1585 3716 Theogn.

191 3734 252 3797 261
280 3735 384 3813 ἵππος
410 3735 471 3818 ἐγὼ
500 3735 588 3823 καλή,
620 3734 703 3799 1106
730 3738 843 3821 χρυσδς
870 3736 1024 3823 ἀπεφθος
1050 3737 1112 3801 ἐὼν
1138 3738 1235 3816 καλὸς
1261 3740 1383 3803 άπασιν
1407 3734 1471 3825 έση,
1504 3737 1586 3799 1361

191 3849 265 3917 ναῦς
286 3838 386 3927 πέτρη
409 3836 627 3926 προσέκυρσας
648 3840 724 3927 ἐμής
746 3841 917 3928 φιλότητος
939 3842 1097 3927 άμαρτών,
1122 3841 1186 3906 Sol.
1214 3841 1265 3923 33,
1290 3842 1311 3906 5
1334 3864 1403 3927 sqq.
1428 3840 1586 3927 (tetram.)

191 3943 311 4029 ήθελον
333 3947 392 4029 γάρ
414 3967 466 4007 κεν
488 3944 694 4030 κρατήσας..
715 3994 732 4026 .,
748 3944 751 4027 l
767 3947 864 4023 ἀσκός
885 3948 1016 4031 δστερον
1039 3946 1209 4032 δεδάρθαι,
1234 3944 1350 4030 quihus
1365 3946 1444 4009 locis
1467 3946 1587 4010 similes

192 4068 234 4109 cx
257 4048 552 4132 antiquissimorum
576 4057 745 4134 poctarum
769 4048 967 4113 carminibus
991 4072 1010 4111 a
1040 4049 1174 4113 Sitzlero
1199 4049 1406 4134 (Festschrift
1428 4051 1487 4114 der
1509 4050 1585 4116 bad.

193 4148 311 4235 Gymn.
341 4172 414 4213 aum
441 4151 587 4237 500jahr.
608 4152 707 4216 Jubil.
737 4135 795 4217 der
818 4153 1055 4237 Heidelberger
1077 4153 1291 4239 Universit‘at)
1319 4178 1351 4241 p.
1373 4154 1412 4218 57
1443 4158 1587 4237 congesti

193 4265 280 4336 sunt3
305 4255 345 4319 cf.
363 4255 460 4320 etiam
476 4256 591 4319 Hartel
607 4256 681 4319 Mel.
699 4256 798 4320 Vind.
815 4257 832 4320 Ι
853 4279 907 4342 pp.
926 4258 1025 4341 21111.
1043 4266 1074 4320 et
1088 4257 1246 4321 Kuehner
1262 4257 1318 4323 Gr.
1336 4281 1383 4341 gr.
1401 4264 1419 4339 ξ
1435 4258 1510 4343 581,
1526 4259 1587 4344 9.1)

299 4412 319 4476 ¹)
338 4414 471 4478 Imagines
489 4414 570 4479 longa
589 4414 720 4479 plurimae
738 4417 766 4464 in
785 4416 949 4481 Theognidis
966 4415 1087 4480 reliquiis
1105 4418 1288 4465 inveniuntur.
1319 4419 1366 4482 qui
1385 4418 1487 4467 duobus
1506 4419 1586 4483 potis·

193 4500 288 4547 simum
318 4514 408 4548 earum
436 4502 579 4566 generibus
607 4505 699 4565 utitur,
727 4503 811 4553 altero
835 4519 850 4553 e
873 4519 902 4553 re
925 4503 1025 4568 navali,
1052 4503 1218 4553 altercare
1241 4503 1376 4554 metallica
1398 4508 1488 4571 petito.
1520 4504 1586 4555 illuc

192 4592 297 4650 praeter
320 4602 362 4636 vv.
382 4588 431 4636 671
447 4604 513 4655 sqq,
536 4590 584 4639 ubi
605 4589 786 4655 reipublicae
809 4596 895 4640 status
918 4606 978 4640 cum
1002 4605 1071 4639 nave
1095 4595 1276 4656 comparatur,
1301 4598 1424 4658 spectant
1449 4595 1506 4655 106,
1527 4595 1588 4656 114,
