3392 5067
162 182 224 247 152

159 374 277 457 τοίχων
299 373 467 461 (translate
483 373 547 437 479
570 372 607 451 ὃς
621 368 697 439 δ’δν
711 373 895 463 ὑπερβάλλῃ
915 374 1033 452 πόσιος
1047 371 1162 459 μέτρον
1185 375 1373 438 ‘excesserit
1393 374 1559 461 modum'),

160 478 324 564 ὑπερέχειν
358 478 419 543 757
455 483 535 557 Ζεὺς
566 477 625 563 μέν
657 478 755 566 τῆσδε
789 478 912 565 πόληος
944 474 1115 563 ὑπειρέχοι.
1167 477 1270 542 verba
1311 488 1434 564 autem,
1477 501 1559 565 quae

160 584 291 671 proprie
323 582 512 668 ‘imperare’
548 580 744 666 significant,
776 581 862 666 quod
897 580 1157 645 adhibendorum
1191 602 1302 646 corum
1336 584 1462 648 occasio
1495 605 1560 648 non

161 699 240 770 erat,
263 688 428 752 rarissime
449 689 668 768 inveniuntur,
692 706 797 770 neque
822 705 975 770 umquam
997 685 1040 750 ab
1063 686 1102 749 iis
1125 686 1295 769 genetivus
1320 686 1453 772 pendet3
1484 709 1560 752 nam

159 794 267 877 όίρχειν
300 792 447 875 Theogn.
480 790 543 854 679
578 791 737 856 absolute,
759 790 887 874 dicitur,
921 794 1071 855 ἀνάσσειν
1105 812 1179 855 cum
1213 791 1323 855 dativo
1358 792 1561 875 coniungitur

161 897 224 962 Sol.
251 895 300 978 19,
326 895 354 977 1,
378 894 524 979 Theogn.
549 894 624 976 373,
648 893 722 958 803.

262 1001 364 1065 Porro
384 1000 556 1084 genetivus
572 1001 628 1085 qui
644 999 763 1064 dicitur
778 1000 1034 1084 separationis
1050 1000 1196 1063 adiectus
1217 998 1334 1084 legitur
1350 998 1459 1065 verbis
1479 1002 1560 1065 ἀπε-

159 1107 264 1191 ρύκειν
278 1103 423 1189 Theogn.
441 1102 514 1189 775,
538 1105 744 1191 ἀπόρνοσθαι
759 1104 873 1169 Mimn.
891 1104 922 1189 9,
938 1102 958 1168 5
975 1102 1031 1191 (cf.
1049 1106 1077 1169 E
1092 1102 1179 1190 195),
1203 1104 1375 1170 ἐκλύεσθαι
1390 1103 1490 1169 Phoc.
1510 1104 1560 1186 15,

160 1209 181 1273 2
205 1206 331 1293 (κακοῦ)
356 1219 389 1273 et
411 1208 556 1292 Theogn.
584 1208 666 1273 1339
691 1205 842 1295 (πόθου),
866 1208 962 1273 ε’ίκειν
985 1207 1047 1273 936
1072 1207 1188 1294 (χώρης
1210 1203 1363 1290 είκαασιν,·
1387 1208 1443 1273 sed
1467 1210 1559 1295 Tyrt.

163 1313 212 1396 12,
235 1312 288 1395 42,
322 1313 410 1378 unde
438 1312 638 1398 Theognidis
668 1334 783 1378 versus
816 1314 938 1399 petitus
972 1321 1029 1394 est,
1060 1308 1180 1379 clhovo'
1202 1314 1239 1377 ἐκ
1266 1316 1369 1401 χώρης
1398 1313 1561 1400 traditur),

159 1418 263 1505 λήγειν
277 1417 351 1500 999,
374 1415 525 1503 μεθιέναι
547 1417 638 1504 Tyrt.
659 1417 708 1500 12,
727 1418 770 1481 44
786 1417 843 1505 (μη
863 1415 991 1502 μεθιείς
1005 1415 1173 1503 πολέμου).
1212 1418 1255 1482 ad
1278 1440 1361 1502 quae
1385 1416 1487 1483 verba
1508 1441 1561 1483 να-

159 1520 337 1609 σφίζεσθαι
359 1522 486 1587 acccdit
501 1522 646 1607 Theogn.
667 1522 804 1608 1291sq.
815 1525 952 1609 ’πατρὸς
970 1527 1188 1609 νοσφισθεῖσα
1203 1523 1320 1606 δόμων,
1344 1521 1449 1609 ξανθὴ
1464 1518 1561 1588 Ἀτα-

159 1628 270 1713 λάντη·
291 1627 296 1710 Ι
316 1626 416 1715 ᾤχετο
440 1623 601 1714 δ’δψηλδις
622 1627 656 1707 ές
676 1631 818 1715 κορυφὰς
840 1624 948 1713 ὀρέων.
993 1647 1089 1710 quem
1117 1625 1223 1691 locum
1250 1626 1336 1691 hanc
1363 1628 1404 1692 ob
1430 1650 1561 1692 causam

159 1732 332 1816 exscripsi,
365 1731 451 1817 quod
481 1754 601 1815 magna
634 1733 663 1793 ei
694 1730 867 1796 similitudo
897 1739 946 1794 est
977 1752 1051 1794 cum
1083 1730 1194 1817 hymn.
1223 1729 1295 1795 Cer.
1320 1731 1362 1795 92
1371 1754 1417 1817 sq.
1448 1753 1561 1819 νοσφι-

158 1839 280 1900 σθεῖσα
308 1833 435 1922 (Oeres)
466 1840 554 1901 θεῶν
580 1837 697 1924 ἀχορην
725 1833 780 1901 καί
809 1838 930 1921 μακρόν
956 1826 1129 1919 ’Ὄλυμπον
1156 1834 1161 1920 Ι
1189 1835 1279 1924 ᾤχετ’·
1300 1831 1355 1901 ἐπ’
1378 1838 1562 1923 ἀνθρώπων

159 1940 277 2019 πόλιας
301 1938 357 2006 καί
382 1938 481 2005 πίονα
508 1935 592 2025 έρχα.
639 1938 692 2003 hic
721 1948 831 2003 autem
861 1961 925 2001 non
954 1948 991 2002 ut
1020 1938 1109 2023 apud
1136 1939 1361 2023 Theognidem
1390 1944 1561 2025 genetivus

158 2044 287 2128 legitur,
312 2045 432 2130 quiex
455 2045 598 2128 genuina
619 2044 713 2108 verbi
736 2046 769 2107 vi
796 2043 1012 2130 explicandus
1036 2054 1093 2121 est,
1118 2044 1176 2108 sed
1199 2045 1414 2122 accusativus,
1441 2046 1495 2130 qui
1519 2067 1562 2109 ex

159 2149 308 2231 analogia
343 2169 453 2211 eorum
483 2149 658 2212 verborum
665 2199 673 2232 ,
708 2149 740 2211 in
776 2147 893 2232 quibus
923 2146 1049 2212 vitandi
1082 2151 1169 2213 notio
1207 2150 1305 2230 inest,
1344 2151 1468 2233 positus
1501 2159 1560 2213 est.

161 2262 306 2318 ceterum
333 2251 573 2318 animadvertas
596 2251 695 2315 velim
722 2252 901 2316 Homerum
924 2273 1052 2337 quoque
1079 2250 1112 2316 in
1139 2254 1177 2316 iis
1205 2252 1294 2335 lociS,
1318 2254 1373 2338 qui
1399 2253 1450 2317 his
1478 2254 1561 2318 simi-

160 2357 207 2421 les
230 2366 315 2442 sunt,
339 2357 562 2421 accusativum
585 2356 752 2438 adhibere,
777 2357 833 2420 sed
857 2358 912 2439 ita,
936 2366 1058 2421 utnon
1082 2358 1212 2442 passiva
1234 2358 1337 2423 forma
1360 2366 1480 2441 utatur,
1503 2358 1561 2422 sed

161 2462 279 2526 aoristo
303 2461 411 2539 medii,
435 2461 524 2526 velut
545 2484 571 2549 φ
594 2461 634 2524 77
657 2459 897 2549 νοσφισσαμένη
920 2462 995 2528 τόδε
1018 2462 1120 2547 δῶμα.

264 2566 350 2629 Raro
374 2567 525 2650 genetivo
550 2588 667 2629 causa
689 2566 901 2650 significatur,
927 2587 1001 2629 cum
1022 2562 1152 2629 dativus
1175 2560 1207 2628 in
1231 2587 1270 2629 ea
1292 2587 1327 2630 re
1348 2567 1486 2629 usitatus
1510 2568 1559 2630 sit.

160 2680 269 2735 tamen
294 2658 358 2734 huc
381 2670 552 2735 referenda
575 2680 652 2755 puto
676 2670 821 2754 Theogn.
845 2669 909 2733 219
937 2669 1034 2758 μηδὲν
1057 2669 1135 2754 dyas
1157 2669 1294 2752 ἀσχαλλε
1316 2670 1562 2757 ταρασσομένων

160 2771 340 2861 πολιητέων
364 2771 420 2859 (cf.
443 2798 463 2838 τ
477 2773 543 2837 534
564 2778 693 2862 κτήσιος
712 2775 880 2856 ἀσχαλόων
899 2776 937 2861 ἥν
954 2768 986 2839 σί
1005 2772 1203 2855 κατέδουσιν,
1226 2799 1246 2839 τ
1270 2772 1331 2838 159
1354 2776 1560 2863 ἀσχαλάᾳ

161 2877 273 2962 βίοτον
294 2876 516 2963 κατεδόντων),
552 2877 635 2942 1205
663 2875 731 2945 οὐδ’
751 2880 790 2943 ἀν
815 2879 934 2957 ἐκεῖνος
960 2879 1041 2962 ἐμοῦ
1055 2880 1237 2961 τεθνηότος
1259 2874 1326 2944 ollr’
1346 2881 1472 2966 ἀνιῷτο,
1507 2882 1562 2966 qui

162 2982 224 3047 loci
253 2980 307 3068 (de
332 2981 489 3045 similibus
513 2982 554 3046 cf.
579 2981 714 3047 Classen
737 2981 757 3047 l.
782 3006 809 3049 c.
838 3005 892 3067 pp.
919 2982 1053 3069 lotsq.)
1084 2985 1147 3047 iam
1170 3004 1271 3068 prope
1303 2982 1344 3047 ad
1374 2986 1561 3067 genetivum

69 3139 71 3142 .
163 3110 259 3173 quem
289 3087 402 3150 dicunt
431 3086 615 3152 absolutum
645 3087 822 3169 accedunt,
854 3089 945 3173 Tyrt.
972 3087 1020 3164 12,
1050 3088 1122 3171 lsq.
1146 3084 1213 3152 οὔτ’
1233 3088 1272 3152 ἀν
1293 3083 1474 3176 μνησαίμην
1496 3084 1562 3154 οὔτ’

161 3193 195 3257 ἐν
217 3193 299 3281 λόγῳ
322 3192 422 3279 ἀνδρα
443 3189 595 3279 τιθείμην
615 3190 620 3275 l
639 3193 710 3257 σότε
733 3192 846 3257 ποδῶν
869 3194 981 3279 ἀρετῆς
1003 3192 1074 3257 ollas
1097 3190 1365 3278 παλαισμοσύνης.

256 3294 419 3371 ,(λεαείίνὶ
448 3316 526 3359 vero
558 3297 732 3360 criminis
766 3318 872 3381 neque
905 3296 992 3381 apud
1024 3296 1203 3359 Homerum
1237 3317 1342 3379 neque
1376 3298 1409 3359 in
1443 3296 1562 3381 elegeis

162 3398 263 3464 ullum
286 3399 472 3485 exemplum
493 3401 665 3465 invenitur.
697 3403 866 3485 genetivus
889 3400 1007 3485 pretii
1030 3407 1139 3463 autem
1162 3422 1182 3463 a
1203 3402 1306 3484 poetis
1330 3399 1483 3483 elegiacis
1506 3402 1562 3465 ad-

162 3505 305 3587 iungitur
327 3504 436 3568 verbis
460 3502 596 3586 duobus,
620 3526 756 3589 quorum
779 3513 951 3589 utrumque
975 3504 1017 3569 ab
1041 3505 1176 3568 Homeri
1201 3504 1398 3569 carminibus
1422 3506 1562 3570 alienum

164 3617 221 3693 est,
245 3609 316 3672 dico
341 3606 572 3693 διαμείβεσθαι
596 3607 673 3694 (Sol.
691 3608 741 3690 15,
758 3608 835 3692 28η.
858 3615 894 3676 οὐ
916 3610 1160 3695 διαμειψόμεθα
1175 3609 1178 3697 l
1192 3616 1247 3695 τῆς
1262 3612 1373 3695 ἀρετῆς
1391 3612 1447 3675 τὸν
1461 3610 1563 3675 πλοῦ-

162 3712 242 3797 τον),
271 3734 330 3797 pro
353 3734 416 3797 quo
443 3712 497 3776 ille
520 3712 622 3778 verbo
646 3711 792 3798 ἀμείβειν
812 3714 923 3795 utitur,
951 3712 1042 3777 velut
1064 3719 1095 3777 Z
1111 3712 1176 3778 235
1189 3736 1236 3798 sq.
1265 3712 1301 3791 ὃς
1327 3712 1385 3797 (sc.
1405 3720 1434 3777 Γ
1433 3714 1562 3801 λαῦκας)

162 3820 245 3900 πρὸς
269 3815 424 3905 Τυδείδην
446 3818 611 3907 Διομήδεα
633 3813 734 3899 τεύχε>
749 3819 889 3902 δίμειβεν,
911 3820 915 3899 l
935 3822 1050 3904 χρύσεα
1073 3816 1235 3900 χαλκείων,
1259 3814 1563 3901 ἑκατόμβοιίέννεα-

163 3914 264 4007 βοίων
287 3930 319 3985 et
341 3922 551 4007 ἀντερύεσθαι
578 3920 723 4005 Theogn.
748 3921 787 3984 77
812 3930 928 4008 χρυσοῦ
950 3946 985 3987 τε
1008 3920 1062 3987 καί
1084 3925 1217 4007 ἀργύρου
1240 3922 1486 4007 ἀντερύσασθαι.

724 4184 755 4268 c)
781 4183 837 4246 De
861 4182 1002 4247 dativo.

209 4310 214 4322 ’
270 4321 367 4403 Quod
395 4343 493 4406 supra
516 4322 656 4387 vidimus
686 4324 849 4388 rarissime
879 4325 912 4387 in
942 4323 1130 4387 accusativo
1161 4333 1193 4385 et
1220 4324 1369 4407 genetivo
1400 4326 1563 4407 praeposi·

164 4429 251 4492 tione
277 4448 343 4491 non
370 4426 499 4490 adiecta
525 4427 630 4491 inesse
658 4426 719 4492 loci
742 4428 1020 4513 significationem,
1044 4426 1131 4492 idem
1155 4427 1196 4491 de
1218 4426 1326 4491 dativo
1349 4425 1444 4492 valet.
1487 4450 1564 4491 nam

166 4531 252 4619 quod
275 4530 420 4616 Theogn.
445 4529 506 4598 757
529 4532 648 4620 legitur
673 4538 753 4613 Ζεὺς
774 4533 831 4617 μέν
857 4533 954 4622 τῆσδε
980 4532 1103 4622 πόληος
1129 4529 1301 4619 ὑπειρέχοι,
1330 4530 1440 4616 αἰθέρι
1466 4526 1563 4599 ναίων
