3392 5067
1474 178 1536 243 359

101 436 105 440 ,
140 369 226 433 Man.
252 366 335 449 7102
359 371 453 446 αδτδς
474 371 515 432 τὰ
536 377 657 434 σαυτοῦ
671 370 685 450 ΙΙ
700 375 829 453 πρῶτον
849 365 853 452 Ι
874 357 1071 458 ἐπισκέπται)
1094 372 1177 434 κοινοί
1200 369 1411 453 (quamquam
1439 366 1536 432 facile

141 494 219 535 sane
232 494 307 537 eum
317 472 519 536 Bernhardio
530 467 634 555 πρῶτ>
644 472 759 556 reponi
770 470 902 556 potest),
916 471 1079 536 Xenaroh.
1093 470 1149 552 10,
1163 472 1347 556 παιδάριον,
1359 467 1450 558 ἔγχει.
1468 475 1482 554 ΙΙ
1496 475 1535 537 Β.

140 581 176 662 νὴ
201 573 273 658 Δία,
295 575 299 660 Ι
318 582 355 662 vo)
377 579 433 641 τὸν
454 579 629 660 κάνθαρον,
653 575 740 639 Men.
764 574 828 639 363
835 619 847 657 5
877 573 933 641 καί
954 576 1192 662 παρατιλοῦμαι
1207 577 1272 662 ΙΙνὴ
1296 573 1359 642 Δία
1380 575 1384 660 Ι
1405 573 1459 641 καί
1485 595 1536 668 χε-

141 682 288 768 νήσομαι,
316 679 452 744 Philem.
476 678 561 762 228,
588 680 609 765 ἢ
635 683 771 767 χρηστὸν
797 679 911 765 ἀνδρα·
928 681 942 763 ΙΙ
956 682 1012 744 τδν
1037 678 1111 761 βίον
1130 679 1135 765 Ι
1154 674 1280 759 ἐξύταζ)
1300 676 1360 744 ἀεί.
1406 677 1536 743 elisione

143 794 318 849 excusatur
332 785 476 868 Epicrat.
494 784 543 866 2,,
563 781 724 870 ἐξέρχεταί
738 807 775 848 τε
788 784 803 867 ΙΙ
817 777 997 863 πανταχόσ’
1016 782 1021 868 Ι
1040 784 1100 871 ἤδη
1116 780 1262 870 πιομένη.
1295 784 1329 845 in
1344 780 1426 846 Phil.
1446 781 1536 864 1044,

144 889 199 972 qui
220 910 334 952 versus
356 889 597 980 Bernhardium
619 888 712 973 fugit,
735 889 797 954 δ’σοι
819 883 853 973 μ’
873 884 965 967 οὗτος
987 886 1168 976 ἠνάγκαζεν,
1189 888 1194 974 Ι
1214 885 1345 953 ἐποίουν
1366 881 1456 952 ταῦτ’
1475 885 1536 970 ἐγώ

142 988 289 1078 pocynu?
304 980 527 1079 reponendum
550 998 607 1057 est.
646 993 704 1057 sed
725 992 809 1057 hanc
829 993 1019 1057 incisionem
1040 1041 1097 1062 ..a
1119 995 1123 1058 l
1143 1054 1165 1061 ,
1188 993 1286 1055 etiam
1306 990 1428 1076 aliquot
1447 989 1536 1068 locis,

144 1095 259 1180 quibus
289 1119 354 1160 non
381 1096 545 1162 antecedit
573 1119 716 1178 caesura,
744 1096 979 1162 admittendam
1006 1118 1076 1160 esse
1105 1097 1174 1181 ipse
1202 1094 1383 1160 Bernhardi
1411 1116 1442 1179 p.
1472 1093 1537 1158 274

143 1201 304 1265 concedit:
343 1201 431 1266 Men.
458 1201 543 1285 462³
574 1191 643 1268 οἷον
671 1205 712 1266 τὰ
738 1205 912 1286 νησιωτικὰ
932 1201 936 1286 Ι
955 1199 1048 1267 ταυτί
1077 1199 1231 1286 ξενύδρια,
1262 1201 1377 1279 Baton.
1397 1197 1444 1281 ,21
1474 1206 1538 1266 τῶν

142 1305 330 1394 φιλοσόφων
343 1311 417 1385 τοὺς
432 1311 599 1394 σώφρονας
619 1307 623 1392 Ι
643 1307 800 1384 ἐνταυθοῖ
810 1306 906 1386 καλῶ,
930 1303 1026 1369 Alex.
1045 1304 1123 1386 1553
1145 1301 1285 1391 τριχίδια
1304 1301 1360 1368 καί
1378 1302 1534 1390 σηπίδιαΙ

141 1407 197 1474 καί
223 1415 379 1497 φρυκτούς
404 1435 503 1489 τινας.
549 1411 734 1473 coniectura
760 1407 951 1472 restituendi
979 1418 1055 1473 sunt
1081 1409 1114 1472 hi
1140 1407 1219 1472 loci:
1247 1406 1342 1471 Alex.
1371 1406 1454 1488 257³
1483 1405 1538 1472 καί

142 1523 195 1578 νῦν
214 1511 382 1601 πορίζεταί
399 1536 434 1598 χε
453 1515 458 1598 Ι
477 1518 518 1580 τὰ
539 1511 643 1580 δεῖπν’
664 1515 832 1599 ἀσύμβολα
852 1509 942 1600 (eum
957 1513 1121 1578 Meinekio
1138 1511 1320 1576 eiciendum
1336 1511 1464 1575 videtur
1478 1511 1537 1596 χε),

141 1617 239 1682 Alex.
265 1617 335 1700 16„
367 1616 393 1683 ὦ
419 1623 488 1699 τάν,
514 1618 594 1702 λαβὲ
621 1617 676 1684 καί
702 1623 745 1705 μὴ
771 1616 877 1698 παῖζε.
899 1617 903 1704 Ι
922 1615 1068 1699 τοσονδί,·
1098 1620 1276 1712 παράτρεχε
1300 1615 1411 1702 (Koch
1442 1613 1537 1680 adno-

19 1722 27 1736 '
142 1723 224 1787 tavit
253 1723 348 1788 haec:
380 1726 524 1787 ‘versum
555 1725 748 1809 pravissima
778 1744 914 1787 caesura
946 1722 1107 1787 elumbem
1137 1719 1179 1784 ab
1211 1719 1350 1786 Alexide
1381 1720 1537 1803 scriptum

142 1849 212 1892 csse
242 1849 419 1912 numquam
450 1828 596 1892 adducar
626 1837 662 1892 ut
693 1827 833 1892 credam.
879 1827 1016 1890 fortasse
1051 1825 1138 1908 λαβέ,
1169 1829 1212 1912 μὴ
1242 1822 1385 1914 παίσῃς’.
1415 1823 1536 1888 Bernh.

142 1935 223 1997 coni.
247 1929 383 2019 τοισδί).
416 1940 545 2017 praeter
572 1953 641 1996 rern
668 1935 836 1996 metricam
861 1932 957 1996 etiam
980 1931 1058 1995 alias
1082 1930 1122 1994 ob
1147 1952 1261 1995 causas
1280 1931 1314 1992 in
1335 1927 1537 2013 corruptelae

142 2038 359 2124 suspicionem
375 2037 514 2102 vocandi
534 2046 609 2102 sunt
625 2059 739 2101 versus
759 2038 806 2103 hi:
836 2036 919 2100 Phil.
938 2034 998 2099 107
1007 2078 1031 2119 3,
1050 2034 1169 2100 Eubul.
1188 2033 1235 2116 7,,
1257 2033 1308 2115 81,
1329 2032 1449 2118 Amph.
1466 2033 1537 2116 36„

142 2142 237 2208 Alex.
264 2141 355 2227 1876,
379 2140 546 2227 Anaxipp.
572 2143 636 2225 lu·
1511 2156 1512 2159 ’

460 2341 462 2346 ·
523 2338 547 2379 ο.
592 2325 642 2379 De
676 2323 868 2391 anapaestis
902 2321 1014 2390 quinti
1048 2321 1154 2388 pedis.

119 2539 121 2543 ι
244 2457 282 2520 In
306 2458 417 2542 quinto
440 2456 524 2543 pede
547 2455 634 2519 nullo
655 2463 748 2540 pacto
768 2454 948 2519 admittitur
968 2455 1134 2538 anapaesti
1157 2454 1286 2534 incisio3
1315 2473 1391 2517 nam
1413 2451 1538 2538 Diphili

140 2582 253 2623 versus
279 2560 338 2641 17,
370 2562 417 2639 εἰς
442 2566 518 2639 τούς
544 2563 671 2643 γάμους,
700 2557 858 2641 βέλτιστε,
885 2556 940 2625 καί
966 2553 1076 2640 πότερ’
1097 2553 1254 2638 Ἀττικοί,
1282 2556 1413 2620 elisione
1442 2577 1537 2618 excu-

141 2673 238 2728 satur.
276 2686 377 2728 unum
393 2673 511 2745 autem,
535 2666 590 2748 qui
606 2662 735 2727 obstare
751 2662 891 2744 videtur,
915 2664 1020 2727 locum
1038 2669 1223 2746 corruptum
1239 2681 1310 2722 esse
1334 2661 1430 2723 etiam
1445 2658 1537 2725 hiatu

141 2769 310 2852 evincitur,
326 2767 460 2853 Antiph.
478 2766 560 2848 1486
577 2762 731 2854 κοσμεῖτ’,
747 2761 905 2854 ἀλείψετ’·
922 2768 961 2832 ἀν
977 2763 1006 2833 δ’
1021 2761 1076 2854 ἔχῃ
1090 2791 1123 2830 τι
1143 2767 1147 2851 Ι
1167 2768 1355 2850 ἀπάχχεται.
1383 2763 1535 2828 Meineke

141 2872 279 2936 coniecit
301 2873 340 2936 ἀν
361 2873 438 2961 τύχῃ
461 2868 495 2938 δ’
515 2875 693 2956 ἀπάγχεται
716 2871 769 2934 vel
792 2867 947 2958 ἀλείψετ’·
973 2869 1009 2950 ὃς
1031 2873 1069 2937 ἀν
1091 2865 1146 2960 {hp
1169 2871 1189 2936 δ
1195 2864 1203 2888 '
1223 2873 1412 2953 ἀπάχχετοιι.

244 2975 315 3041 Iam
337 2985 436 3040 restat
458 2985 495 3040 ut
517 2978 630 3061 paucis
646 2975 756 3039 verbis
781 2975 1044 3060 complectamur,
1066 2996 1150 3060 quae
1171 2973 1211 3038 de
1231 2973 1417 3059 anapaestis
1441 2981 1473 3036 et
1495 2972 1536 3036 de

140 3103 252 3144 eorum
282 3080 534 3145 conformatione
565 3081 821 3145 observavimus.
871 3079 1019 3145 omnibus
1049 3079 1082 3143 in
1113 3077 1251 3165 pedibus
1281 3077 1376 3162 longe
1406 3075 1536 3162 plurimi

141 3187 308 3272 anapaesti
337 3175 432 3250 unius
459 3185 610 3249 vocabuli
638 3183 773 3270 syllabis
801 3167 1024 3269 conficiuntur,
1057 3183 1157 3247 multo
1184 3183 1287 3246 rarius
1316 3180 1543 3266 compluribus·

140 3289 285 3371 vocibus,
314 3312 397 3377 quae
425 3288 573 3354 omnibus
601 3289 680 3352 locis
707 3298 776 3352 arte
802 3291 886 3352 inter
913 3311 984 3352 sese
1012 3287 1195 3352 cohaerent.
1242 3295 1316 3350 sunt
1343 3287 1429 3350 enim
1454 3285 1536 3349 haec

140 3394 315 3459 vocabula:
337 3395 534 3481 praepositio
557 3392 719 3479 bisyllaba
735 3393 788 3456 vel
809 3393 991 3457 coniunctio
1016 3394 1199 3456 consociata
1222 3412 1295 3454 oum
1319 3389 1534 3454 substantivo:

145 3548 168 3569 a
181 3548 204 3570 υ
224 3501 229 3564 l
249 3549 287 3582 ,,
300 3501 495 3585 praepositio
505 3497 728 3582 monosyllaba
738 3497 791 3562 vel
799 3497 954 3562 articulus
965 3519 1040 3563 cum
1049 3497 1178 3561 nomine
1189 3497 1374 3560 coniuncta:
1393 3543 1416 3563 e
1437 3497 1441 3562 l
1462 3543 1484 3564 o
1496 3546 1535 3576 -,

140 3604 304 3685 articulus
335 3603 503 3689 particula,
534 3625 667 3668 nomen:
704 3603 885 3682 ν1514
915 3601 955 3665 de
984 3602 1096 3686 paucis
1123 3601 1212 3682 locis,
1241 3599 1359 3684 quibus
1386 3620 1464 3662 vera
1491 3601 1535 3662 in-

141 3710 218 3772 cisio
245 3707 291 3786 fit,
316 3731 390 3772 cum
413 3729 511 3771 voces
533 3707 608 3771 illae
629 3729 695 3771 non
718 3707 921 3788 cohaereant,
947 3704 1134 3790 singillatim
1159 3705 1292 3788 egimus.

245 3796 372 3894 Quibus
395 3813 550 3896 expositis
571 3821 683 3894 restat,
711 3821 746 3873 ut
772 3833 879 3896 pauca
905 3810 1065 3875 addamus
1089 3809 1128 3873 de
1153 3808 1335 3893 frequentia
1357 3807 1534 3893 anapaesti,

141 3918 182 3982 de
210 3940 274 4004 qua
300 3939 335 3980 re
362 3916 551 4001 Rumpelius
574 3915 657 3978 Phil.
680 3915 842 3998 XXVIII,
868 3914 931 3978 612
954 3914 1123 3978 verissime
1150 3912 1231 3976 haec
1260 3913 1421 3996 exposuit:
1451 3913 1535 3976 ‘man

224 4022 362 4086 erkennt
385 4020 539 4105 deutlich,
568 4020 643 4084 dass
671 4020 777 4083 dieser
799 4019 994 4103 Rhythmus,
1023 4017 1139 4081 dessen
1162 4018 1267 4096 Form,
1295 4018 1356 4078 wie
1383 4014 1474 4079 nieht
1495 4033 1537 4079 zu

140 4127 279 4212 leugnen
307 4129 357 4207 ist,
385 4125 460 4189 dem
482 4124 590 4189 Inhalt
617 4124 675 4186 der
698 4123 878 4188 Komoedie
902 4145 954 4186 am
981 4130 1179 4205 genauestcn
1202 4119 1271 4184 sich
1295 4125 1436 4205 anpasst‚
1461 4118 1536 4183 dem

140 4231 331 4296 komischen
354 4231 515 4293 Trimeter
537 4230 647 4292 seincn
671 4227 855 4294 Charakter
877 4225 1098 4310 aufgedriickt
1120 4224 1186 4307 hat,
1215 4247 1248 4288 so
1277 4223 1350 4289 dass
1378 4244 1453 4286 man
1480 4222 1536 4287 ihn

140 4338 198 4402 mit
221 4337 294 4419 Fug
316 4335 383 4399 und
406 4333 511 4398 Recht
534 4333 598 4397 den
624 4330 896 4418 anapaestischen
918 4332 1079 4395 Trimeter
1107 4330 1183 4416 (hoc
1207 4350 1284 4392 sanc
1307 4349 1436 4392 mecum
1457 4337 1535 4414 puto

141 4439 323 4524 miraberis)
346 4432 477 4503 nenncn
500 4437 642 4502 konnte’.
678 4460 717 4501 en
741 4437 843 4500 habes
866 4435 1020 4521 tabulam,
1043 4456 1189 4521 quares,
1212 4434 1253 4497 de
1277 4433 1395 4519 quibus
1418 4433 1543 4524 agitur,¹

141 4546 202 4610 sub
224 4567 288 4611 uno
312 4553 490 4630 conspectu
513 4552 588 4608 sunt
610 4542 749 4630 positae:
