3392 5067
405 205 528 271 154

400 398 664 483 prolatis
721 407 883 480 utar,
944 407 1165 463 ‘sonus
1211 408 1403 483 atque
1459 398 1848 481 significatio
1903 406 1969 460 et
2021 398 2105 460 ad
2151 420 2338 461 aures
2383 398 2607 462 fortius
2654 399 2893 462 accidit
2948 410 3012 463 et
3065 403 3199 463 ani-

400 526 577 567 mum
639 502 877 567 diutius
937 505 1000 566 in
1065 504 1291 567 eadem
1355 504 1741 587 cogitatione
1803 502 2028 585 defigit
2097 511 2161 565 et
2228 524 2543 587 persaepe
2620 503 3017 567 intellectum
3085 505 3200 568 ad-

398 610 600 691 iuvat,
648 608 1000 672 orationem
1046 611 1360 673 acriorem
1405 605 1624 672 reddit
1675 615 1740 671 et
1791 606 2276 671 instantiorem'.
2369 607 2486 669 etsi
2531 608 2725 689 igitur
2769 607 2924 679 talia
2965 618 3202 694 poetae

400 712 672 794 elegiaci
716 713 1047 797 epicorum
1095 713 1465 798 exemplum
1512 713 1716 776 secuti
1761 733 1891 775 non
1936 720 2270 796 respuunt,
2329 720 2396 774 at
2447 721 2664 775 tamen
2721 721 2785 775 et
2836 734 3034 797 parce
3087 713 3199 777 ad-

400 819 661 880 mittunt
715 826 779 879 et
834 816 1037 882 solum
1090 816 1381 881 dativum
1432 817 1893 903 praepositioni
1950 816 2346 901 praeferunt.
2447 824 2518 879 ut
2571 837 2771 879 unum
2805 816 3203 901 ⁴exemplum

399 920 709 1003 adferam,
757 922 931 1007 apud
971 921 1329 986 Homerum
1361 920 1446 985 ad
1478 922 1754 985 verbum
1800 922 1951 1008 ὁρᾶν
1981 930 2046 984 et
2077 920 2203 985 alia
2248 920 2480 985 similia
2536 922 2906 1007 saepissime
2938 922 3201 1007 ὀφθαλ-

398 1031 579 1110 μοῖσι
643 1035 707 1089 et
763 1027 832 1092 ἐν
890 1027 1290 1113 ὀφθαλμοῖσι
1354 1027 1625 1091 accedit.
1718 1028 1785 1091 in
1840 1025 2078 1110 elegeis
2136 1028 2204 1091 ἐν
2256 1027 2663 1113 ὀφθαλμοῖσι
2724 1035 2973 1090 tantum
3018 1027 3199 1111 apud

400 1129 740 1213 Callinum‚
804 1132 914 1217 qui
968 1140 1033 1194 et
1092 1140 1304 1195 aetate
1369 1142 1432 1195 et
1492 1134 1850 1195 carminum
1895 1140 2276 1215 argumento
2324 1134 2556 1194 ceteris
2611 1130 2891 1194 Homero
2938 1132 3203 1216 propior

400 1243 515 1315 est,
563 1233 799 1318 legitur
842 1236 897 1318 1,
939 1235 1025 1299 20
1070 1240 1286 1321 ὥσπερ
1334 1242 1447 1322 γάρ
1492 1260 1601 1322 μιν
1645 1240 1885 1320 πύργον
1927 1236 1995 1300 ἒν
2039 1235 2482 1322 ὀφθαλμοῖσιν
2526 1236 2775 1321 ὁρῶσιν,
2822 1235 3200 1322 ὀφθαλμοῖς

398 1348 616 1402 autem
647 1340 830 1424 Tyrt.
869 1340 968 1425 10,
1001 1340 1084 1403 26
1131 1341 1361 1426 αἰσχρὰ
1390 1346 1472 1406 τά
1516 1338 1573 1425 γ’
1597 1341 1968 1427 ὀφθαλμοῖς
2011 1339 2119 1406 καὶ
2149 1344 2490 1427 νεμεσητὸν
2535 1340 2697 1407 ἰδεῖν
2743 1350 2808 1404 et
2852 1339 2978 1405 Sol.
3013 1340 3122 1425 34,
3155 1340 3196 1403 2

400 1441 711 1529 (tetram.)
758 1443 942 1521 λοξὸν
986 1446 1361 1534 ὀφθαλμοῖς.
1402 1446 1651 1531 ὁρῶσιν.
3087 1456 3093 1459 ’

606 1547 749 1613 Iam
806 1558 879 1611 ut
934 1548 1015 1612 de
1076 1549 1543 1615 suffixorum
1597 1573 1719 1614 usu
1773 1572 2195 1636 exponamus,
2259 1549 2458 1614 semel
2501 1574 2579 1637 φι
2623 1550 2859 1633 legitur
2903 1550 3203 1633 Theogn.

399 1652 522 1715 311
580 1654 646 1716 in
695 1674 855 1717 voce
913 1655 1186 1742 θύρηφι,
1245 1676 1409 1740 quae
1464 1677 1724 1741 prorsus
1779 1642 1847 1718 in
1893 1654 2279 1726 adverbium
2334 1653 2493 1719 abiit
2549 1655 2774 1718 eodem
2822 1652 3013 1718 modo
3071 1677 3205 1740 quo

400 1756 575 1842 apud
620 1758 997 1821 Homerum‘.

605 1861 773 1926 Item
835 1861 1093 1926 dativus
1163 1865 1533 1949 temporis
1602 1867 1668 1928 in
1734 1867 1960 1951 paucis
2030 1862 2449 1928 substantivis
2525 1865 2796 1927 usitatus
2867 1872 2981 1927 est.
3074 1862 3206 1926 loci

400 1974 636 2049 autem,
684 1967 919 2051 quibus
964 1969 1309 2052 invenitur,
1365 1971 1455 2033 ita
1511 1972 1867 2056 comparati
1925 1981 2091 2052 sunt,
2148 1978 2219 2033 ut
2272 1968 2666 2033 adiectivum
2717 1990 2973 2053 semper
3018 1989 3206 2031 acce-

401 2070 513 2135 dat
566 2092 693 2135 uno
748 2072 887 2137 loco
944 2082 1220 2159 excepto
1276 2073 1404 2139 Sol.
1451 2074 1512 2156 4,
1566 2075 1644 2138 16
1696 2088 1788 2164 τῷ
1839 2127 1853 2139 .
1888 2126 1902 2139 .
1940 2126 1953 2139 .
2001 2078 2233 2161 χρόνῳ,
2294 2075 2406 2160 qui
2467 2073 2724 2137 dativus
2785 2071 2868 2136 ab
2921 2072 3207 2137 ‘Homeri

402 2175 797 2241 carminibus
842 2176 1090 2241 alienus
1138 2192 1262 2259 est,
1310 2178 1486 2263 apud
1532 2178 1690 2243 alios
1737 2180 2009 2243 articulo
2058 2200 2279 2242 carere
2326 2177 2504 2241 solet.

604 2281 754 2346 Non
818 2283 909 2345 ita
974 2305 1121 2347 raro
1190 2283 1445 2347 dativus
1512 2285 1597 2348 ad
1666 2307 1815 2348 eum
1883 2284 2187 2365 refertur,
2257 2284 2440 2347 cuius
2510 2284 2729 2346 nescio
2799 2303 2924 2368 quo
2984 2280 3204 2362 mode,

400 2394 474 2449 ut
546 2384 792 2471 aliquid
859 2386 1002 2469 fiat,
1066 2388 1349 2452 interest.
1451 2389 1623 2474 quod
1700 2391 1763 2451 in
1838 2390 2062 2472 primis
2138 2387 2218 2451 de
2293 2386 2778 2474 pronominibus
2854 2385 3206 2471 personali-

399 2489 523 2553 bus
578 2489 772 2573 valet,
841 2490 1021 2555 velut
1078 2492 1301 2556 Mimn.
1360 2492 1423 2577 5,
1476 2495 1504 2555 1
1574 2491 1800 2558 αὐτίκα
1855 2516 1965 2577 μοι
2033 2496 2197 2557 κατὰ
2261 2495 2376 2577 μὲν
2440 2497 2657 2578 χροιὴν
2723 2487 2850 2575 ῥέει
2916 2492 3208 2568 ὀὶσπετος

400 2588 618 2680 ἱδρώς,
679 2595 969 2679 Theogn.
1024 2596 1145 2659 178
1200 2597 1456 2681 γλῶσσα
1503 2595 1574 2664 δέ
1618 2592 1680 2663 οὶ
1730 2597 2011 2679 δέδεται,
2067 2596 2189 2661 531
2241 2596 2370 2663 αἰεί
2414 2621 2524 2681 μοι
2571 2594 2758 2683 φίλον
2802 2594 2953 2684 ἦτορ
3002 2592 3204 2659 ἰαίνε-

397 2724 525 2780 ται,
582 2700 746 2763 1199
769 2721 907 2785 sqq.
954 2699 1064 2766 καί
1107 2726 1219 2785 μοι
1270 2700 1533 2790 κραδίην
1577 2700 1858 2779 ἐπάταξε
1911 2701 2230 2787 μέλαιναν,
2273 2703 2280 2787 Ι
2321 2701 2460 2766 ὅττι
2505 2724 2615 2785 μοι
2667 2704 2963 2777 εὐανθεῖς
3014 2698 3206 2764 ἄλλοι

399 2799 650 2885 ἔχουσιν
693 2808 940 2890 ἀγρούς,
980 2807 987 2889 Ι
1031 2805 1181 2871 οὐδέ
1222 2830 1335 2892 μοι
1377 2805 1630 2893 ἡμίονοι
1674 2803 1911 2893 κύφων’
1941 2804 2229 2873 ἕλκουσιν
2273 2808 2560 2891 ἀρότρου.
2653 2828 2691 2867 a
2738 2803 2971 2890 quibus
3016 2804 3202 2885 lociS‚

402 2931 550 2973 cum
610 2930 869 2994 semper
923 2910 1401 2998 substantivum
1458 2912 1720 2995 aliquod
1774 2911 2074 2994 accedat,
2131 2934 2211 2975 ne
2265 2913 2602 2995 genetivus
2658 2909 2918 2994 quidem
2972 2929 3204 2992 prono-

399 3016 588 3079 minis
642 3013 888 3078 alienus
943 3024 1134 3078 esset.
1213 3015 1330 3079 sed
1383 3023 1455 3079 ut
1509 3014 1592 3079 ab
1640 3015 1782 3080 aliis
1838 3018 2042 3102 poetis
2098 3018 2186 3079 ita
2232 3015 2315 3079 ab
2361 3014 2461 3077 his
2508 3014 2765 3079 dativus
2811 3012 3201 3097 praefertur,

400 3120 508 3204 qui
553 3140 682 3183 non
726 3128 860 3183 tam
892 3119 975 3183 ad
1023 3120 1275 3203 singula
1305 3119 1509 3184 verba
1556 3142 1750 3204 quam
1791 3122 1875 3184 ad
1921 3129 2124 3185 totum
2172 3122 2572 3184 enuntiatum
2613 3119 2911 3204 pertinet.
2964 3138 3199 3179 verum

402 3226 649 3287 etiamsi
696 3223 881 3287 deest
930 3224 1425 3307 substantivum,
1482 3226 1738 3288 dativus
1790 3226 2184 3310 pronominis
2240 3226 2332 3287 sic
2387 3230 2753 3307 usurpatur,
2802 3242 3200 3306 quamquam

401 3328 700 3414 exempla
745 3330 987 3392 rariora
1034 3337 1208 3410 sunt3
1257 3329 1337 3392 cf.
1391 3328 1557 3393 1055
1576 3353 1669 3415 sq.
1719 3333 1914 3416 αὐτὰρ
1960 3331 2103 3413 ἐμοὶ
2148 3334 2224 3394 σὺ
2266 3338 2273 3406 Ι
2314 3329 2507 3394 αὔλει.

606 3434 736 3497 Hic
805 3433 937 3496 illic
1002 3434 1193 3497 etiam
1263 3433 1633 3498 liberiore
1693 3435 1911 3499 modo
1973 3435 2232 3498 dativus
2299 3434 2576 3517 ponitur,
2640 3431 2838 3495 veluti
2901 3430 3194 3511 Theogn.

402 3538 529 3601 903
556 3560 649 3623 sq.
704 3539 882 3617 ὅστις
935 3539 1253 3604 ἀνάλωσιν
1303 3546 1482 3626 τηρεῖ
1532 3545 1694 3604 κατὰ
1750 3542 2040 3626 χρήματα
2084 3543 2323 3625 θηρῶν,
2375 3545 2382 3621 Ι
2431 3531 2730 3623 κυδίστην
2786 3537 3011 3623 ἀρετὴν
3061 3539 3201 3611 τοῖς

400 3648 703 3707 συνιεῖσιν
749 3636 878 3724 ἓγει
936 3642 1029 3728 (in
1078 3642 1203 3705 den
1250 3641 1482 3727 Augen
1532 3643 1648 3706 der
1697 3695 1709 3707 .
1749 3694 1760 3706 .
1799 3642 1844 3728 .)
1909 3652 1972 3705 et
2027 3643 2317 3706 similiter
2366 3641 2531 3705 1105
2559 3662 2652 3726 sq.
2700 3640 2766 3719 ἒς
2807 3642 3089 3721 βάσανον
3136 3631 3198 3701 δ’

399 3747 614 3811 ἐλθὼν
658 3748 1209 3833 παρατριβόμενός
1252 3770 1321 3811 τε
1367 3748 1666 3837 μολύβδῳ
1709 3750 1716 3831 Ι
1756 3751 1982 3833 χρυσὸς
2027 3749 2334 3833 ἅπεφθος
2376 3748 2498 3812 ἐὼν
2543 3746 2734 3823 καλὸς
2777 3745 3020 3808 ἅπασιν
3064 3738 3196 3829 ἔσῃ.

402 3854 584 3915 cuius
629 3873 783 3913 usus
830 3850 1131 3936 exempla
1169 3852 1343 3937 apud
1391 3854 1776 3936 posteriores
1824 3854 1980 3916 satis
2025 3851 2229 3915 multa
2275 3850 2387 3915 (cf.
2421 3849 2735 3913 Kuehner
2764 3848 2973 3929 §4235
2999 3845 3197 3931 2511),

402 3954 579 4041 apud
631 3955 989 4019 Homerum
1045 3978 1376 4041 perpauca
1430 3966 1678 4036 extant3
1751 3958 1834 4021 cf.
1892 3956 2086 4041 Soph.
2137 3955 2290 4019 Ant.
2348 3954 2478 4018 904
2529 3952 2743 4019 καίτοι
2797 3948 2857 4017 σ’
2891 3953 3011 4035 ἐγὼ
3065 3948 3199 4014 ἐτί-

400 4081 573 4147 μησα
617 4065 755 4137 τοῖς
797 4070 1137 4145 φρονοῦσιν
1178 4058 1267 4142 εὖ,
1314 4060 1557 4125 Herod.
1591 4062 1693 4124 III
1729 4060 1810 4130 88
1856 4065 2094 4146 γάμους
2125 4085 2194 4126 τε
2237 4064 2386 4137 τοὺς
2429 4064 2722 4144 πρώτους
2766 4052 2989 4141 ἐγάμεε
3019 4053 3199 4140 Πέρ«

402 4185 553 4254 σῃσι
583 4162 618 4227 ὁ
652 4165 919 4247 Δαρεῖος
966 4163 1080 4247 (cf.
1128 4165 1283 4229 Tac.
1319 4164 1490 4229 Ann.
1524 4167 1556 4229 I
1586 4166 1672 4228 42
1720 4188 1802 4228 an
1852 4167 2046 4246 civeS,
2111 4164 2344 4249 quibus
2399 4173 2532 4227 tam
2584 4162 2876 4249 proiecta
2938 4167 3200 4223 senatus

401 4266 779 4355 auctoritas)
792 4317 809 4349 ,
872 4267 1063 4331 Hom.
1111 4274 1170 4333 B
1210 4268 1339 4333 284
1355 4293 1447 4360 sq.
1498 4266 1810 4359 Ἀτρείδη,
1865 4279 1971 4333 νῦν
2026 4269 2100 4357 δὴ
2148 4290 2238 4351 σε,
2296 4266 2468 4348 ἄναξ,
2525 4263 2861 4332 ἐθέλουσιν
2902 4260 3196 4346 ἈχαιοὶΙ

401 4380 602 4439 πᾶσιν
645 4370 1005 4457 ἐλέγχιστον
1049 4372 1322 4460 θέμεναι
1364 4377 1718 4462 μερόπεσσι
1762 4380 2109 4460 βροτοῖσιν.
2187 4373 2358 4459 quod
2388 4394 2544 4436 vero
2591 4370 2768 4456 apud
2813 4370 3202 4456 posteriores

406 4481 750 4564 scriptores
804 4479 999 4544 etiam
1060 4484 1147 4560 ὡς
1200 4482 1419 4546 dativo
1477 4482 1758 4547 adicitur
1811 4480 1916 4545 vel
1960 4484 2140 4566 παρά
2183 4504 2308 4545 τινι
2363 4479 2616 4559 dicitur,
2672 4485 2744 4539 ut
2798 4473 2992 4560 Soph.
3042 4471 3201 4538 Ant.

409 4584 572 4652 1161
622 4580 844 4669 Κρέων
898 4590 1014 4675 γὰρ
1059 4584 1134 4675 ἦν
1186 4586 1482 4676 ζηλωτός,
1531 4588 1617 4665 ὡς
1659 4584 1823 4671 ἐμοί,
1871 4584 2054 4671 ποτέ,
2109 4582 2353 4649 Herod.
2402 4583 2435 4647 I
2481 4582 2566 4647 32
2620 4576 2804 4659 οὗτος
2855 4574 3010 4664 παρ’
3052 4576 3201 4661 ἐμοὶ

2739 4884 2877 5067 if:
