3392 5067
155 214 218 280 114

158 407 319 494 (exceptis
337 405 694 491 Pseudophocylideis),
718 406 967 491 Xenophanem,
991 404 1225 490 Theognidem.
1272 414 1400 491 practer
1422 404 1560 470 Iliadem

157 522 266 576 autem
290 520 322 574 et
345 511 520 595 Odyssiam
542 509 736 595 reliquorum
762 532 889 597 quoque
913 512 1102 585 carminum,
1127 532 1209 595 quae
1238 520 1314 573 ante
1336 509 1463 594 elegeas
1492 520 1561 574 orta

158 626 233 679 sunt
259 624 315 679 aut
342 615 447 679 eidem
474 616 541 678 fere
569 614 878 696 aetatitribuenda,
907 615 1065 679 rationem
1091 613 1230 678 habebo.
1276 635 1316 677 ac
1343 636 1441 698 saepe
1464 617 1561 679 etiam

156 722 350 807 posteriores
374 721 546 803 scriptores
568 722 601 781 iu
624 741 718 783 usum
739 719 878 782 vocandi
902 728 1006 801 erunt,
1029 719 1063 781 in
1085 719 1198 802 primis
1219 718 1415 799 Herodotus,
1440 720 1495 804 qui
1518 719 1559 784 ob

159 825 334 889 dialectum
361 824 466 908 ipsam
492 846 557 888 non
585 833 635 887 est
661 822 895 907 neglegendus,
925 832 956 886 et
983 832 1098 906 poetae
1123 823 1232 885 Attici.
1280 822 1447 887 observari
1475 824 1560 887 enim

156 951 254 1012 saepe
281 936 388 1012 potest
414 950 476 1011 res,
501 950 583 1013 quae
606 926 695 1012 apud
719 930 913 1012 posteriores
938 929 1110 1012 scriptores
1133 928 1360 992 usitatissimae
1384 939 1468 1014 sunt,
1496 951 1560 992 non

156 1034 232 1096 item
256 1033 344 1117 apud
367 1032 557 1111 Homerum,
581 1033 646 1095 iam
668 1033 702 1094 in
726 1031 846 1115 elegeis
869 1032 1016 1095 inveniri.

259 1136 447 1222 Antequam
476 1147 584 1199 autem
616 1136 658 1199 ad
689 1158 757 1199 rem
788 1139 987 1220 propositam
1015 1136 1186 1217 accedam,
1218 1158 1323 1221 pauca
1352 1139 1558 1222 praemittam

155 1262 289 1305 necesse
313 1249 361 1303 est
389 1240 429 1304 de
457 1241 655 1322 condicione,
680 1261 745 1324 qua
768 1239 861 1303 nobis
889 1241 996 1324 poesis
1024 1238 1108 1303 illius
1131 1240 1285 1324 reliquiae
1314 1240 1451 1304 traditae
1474 1250 1557 1320 sunt,

156 1345 251 1408 etde
275 1343 496 1425 fundamento,
521 1366 583 1428 quo
607 1345 809 1428 potissimum
831 1346 925 1407 nitar.
973 1343 1195 1407 condicionem
1220 1346 1317 1428 igitur
1342 1367 1452 1409 carum
1481 1346 1557 1407 satis

155 1452 305 1513 miseram
338 1471 408 1512 esse
441 1457 575 1511 constat.
626 1469 810 1533 perpaucae
841 1450 927 1512 enim
958 1448 1088 1531 elegeae
1119 1459 1205 1512 totae
1235 1458 1374 1513 aetatem
1404 1449 1556 1532 tulerunt,

155 1554 213 1617 sod
236 1553 427 1640 plerumque
450 1554 632 1637 fragmenta
655 1563 777 1616 restant
800 1575 903 1638 eaque
928 1576 1030 1638 parva
1054 1563 1086 1615 et
1108 1552 1258 1638 abrupta.
1305 1575 1387 1638 quae
1412 1555 1556 1638 exceptis

155 1657 354 1741 Theognidis
383 1658 580 1721 carminibus
612 1680 678 1722 non
706 1660 739 1720 in
767 1658 882 1722 iisdem
915 1657 1080 1722 codicibus
1111 1659 1218 1722 omnia
1250 1660 1468 1740 inveniuntur,
1499 1658 1555 1720 sed

156 1764 253 1827 variis
282 1762 360 1825 locis
389 1784 461 1825 cum
489 1762 531 1826 ab
559 1761 629 1825 aliis
657 1762 868 1847 scriptoribus
896 1773 964 1826 tum
991 1786 1010 1825 a
1034 1761 1173 1827 Stobaeo
1200 1773 1329 1826 servata
1352 1773 1435 1846 sunt,
1465 1763 1556 1825 ouius

154 1869 300 1952 florilegii
324 1868 404 1931 duos
432 1870 556 1952 priores
583 1866 680 1931 libros
709 1890 812 1949 nuper
835 1866 871 1931 O.
889 1866 1105 1931 Wachsmuth
1134 1866 1245 1949 edidit,
1269 1868 1403 1931 alteram
1432 1876 1556 1951 partem

155 1995 197 2035 ex
229 1971 394 2035 codicibus
425 1973 605 2035 restitutam
636 1973 668 2034 in
699 1971 805 2034 lucem
835 1972 979 2056 proferet
1013 1969 1052 2035 O.
1084 1970 1200 2034 Hense.
1252 1972 1336 2056 quod
1372 1982 1480 2034 autem
1514 1969 1556 2033 ad

154 2077 378 2159 Theognidem
408 2076 542 2156 adtinet,
575 2098 614 2138 ne
650 2075 756 2139 codex
786 2075 978 2140 Mutinensis
1013 2075 1154 2160 quidem,
1191 2078 1338 2160 quamvis
1374 2077 1489 2138 ceteris
1524 2084 1556 2136 et

155 2190 260 2243 aetate
289 2190 320 2243 et
354 2180 511 2261 bonitate,
543 2180 576 2243 id
604 2180 689 2265 quod
717 2180 778 2245 Th.
808 2180 919 2262 Bergk
955 2181 1095 2244 ostendit
1129 2182 1163 2242 in
1187 2180 1270 2243 Mus.
1294 2180 1397 2243 Rhen.
1422 2179 1473 2242 Ill
1500 2200 1554 2264 pp.

155 2284 219 2347 206
229 2306 297 2369 sqq.
330 2295 362 2346 et
390 2283 542 2369 396sqq,
571 2284 756 2369 praecedat,
785 2284 912 2348 mendis
940 2306 1071 2369 prorsus
1095 2294 1199 2347 vacat.
1242 2283 1425 2367 fragmenta
1449 2294 1556 2347 autem

156 2389 300 2471 elegiaca
324 2391 430 2453 omnia
454 2398 609 2470 congesta
632 2399 663 2451 et
686 2400 846 2473 apparatu
870 2390 980 2453 critico
1015 2391 1171 2453 instructa
1207 2410 1276 2451 esse
1311 2399 1422 2451 notum
1458 2396 1506 2450 est
1536 2409 1556 2449 a

156 2492 308 2574 Bergkio,
340 2494 430 2556 cuius
458 2494 597 2557 editione
632 2503 747 2577 quarta
781 2495 923 2557 maxime
958 2495 1086 2575 innitar,
1121 2495 1165 2556 ita
1199 2501 1318 2572 tamen,
1350 2502 1385 2555 ut
1414 2490 1554 2577 reliquas

156 2600 250 2659 etiam
280 2597 436 2660 editiones
467 2607 499 2659 et
529 2619 576 2679 ea,
608 2619 690 2682 quae
723 2609 893 2683 praeterea
923 2621 942 2659 a
970 2599 1048 2659 viris
1080 2597 1184 2661 doctis
1213 2596 1253 2659 de
1285 2596 1403 2680 elegeis
1435 2598 1555 2681 scripta

156 2711 239 2778 sunt,
264 2713 420 2803 quaptum
443 2710 563 2787 potero,
587 2704 620 2765 in
643 2724 736 2765 usum
759 2724 867 2766 meum
893 2712 1089 2765 convertam.

702 3294 739 3359 t.
763 3293 815 3358 Do
839 3294 1006 3375 syntaxi.

655 3492 682 3546 Ι.
706 3492 756 3546 De
778 3491 1049 3558 pronominibus.
1130 3552 1131 3555 ,

256 3640 308 3705 De
335 3641 447 3704 formis
474 3643 744 3725 pronominum
770 3641 1047 3725 personalium,
1076 3642 1109 3705 in
1137 3664 1272 3726 quorum
1300 3664 1393 3705 usum
1415 3644 1480 3706 iam
1503 3662 1553 3705 ac-

153 3747 296 3809 curatius
322 3746 550 3829 inquirendum
577 3755 639 3827 est,
666 3745 692 3808 I.
716 3744 755 3810 G.
777 3747 908 3809 Renner
936 3749 1002 3829 egit
1029 3748 1061 3809 in
1090 3749 1357 3811 commentatione
1386 3769 1484 3831 supra
1513 3744 1553 3808 oi-

153 3859 232 3929 tata,
269 3871 409 3934 quacum
439 3874 477 3914 ea
512 3850 708 3914 conferenda
739 3859 827 3933 sunt,
864 3873 947 3936 quac
976 3851 1012 3914 P.
1039 3849 1144 3914 Cauer
1172 3851 1250 3915 ibid.
1274 3851 1340 3914 VH
1370 3872 1424 3934 pp.
1449 3849 1554 3913 103-

154 3952 215 4016 160
238 3954 278 4016 de
302 3956 526 4038 pronominum
549 3955 766 4040 personalium
794 3954 904 4018 formis
932 3965 964 4018 et
991 3979 1051 4018 usu
1079 3956 1239 4020 homerico
1269 3955 1469 4039 conscripsit.
1509 3963 1553 4017 at-

151 4081 213 4142 que
241 4079 303 4141 quo
334 4058 460 4121 facilius
490 4059 661 4144 adpareat,
693 4081 775 4143 quae
806 4062 888 4123 ratio
916 4061 1001 4123 inter
1027 4084 1121 4123 usum
1148 4061 1347 4124 homericum
1378 4071 1409 4122 et
1440 4068 1553 4143 poetas

151 4162 310 4245 elegiacos
339 4164 529 4247 intercedat,
560 4163 705 4228 tabulam
736 4186 915 4247 proponam
947 4165 992 4228 ita
1024 4174 1254 4249 comparatam,
1289 4174 1324 4225 ut
1357 4163 1476 4226 formas
1510 4160 1552 4226 ab

150 4267 291 4331 Homero
319 4269 454 4330 usitatas
484 4269 631 4351 exceptis
663 4268 772 4330 formis
801 4271 926 4331 numeri
956 4270 1073 4349 dualis,
1106 4292 1178 4332 cum
1213 4272 1246 4331 in
1281 4266 1400 4350 elegeis
1430 4265 1552 4331 nullum

150 4372 305 4434 eiusmodi
337 4372 442 4435 locum
473 4371 707 4454 indagaverim‚
742 4392 853 4435 omnes
882 4395 1076 4455 enumerem,
1109 4396 1171 4455 eas,
1201 4395 1283 4458 quae
1314 4373 1407 4435 huius
1440 4372 1554 4435 carmi-

150 4475 244 4539 nibus
268 4498 343 4539 cum
365 4476 550 4558 elegearum
572 4476 715 4561 reliquiis
740 4498 927 4539 communes
951 4488 1033 4562 sunt,
1062 4478 1176 4541 litteris
1200 4478 1340 4541 diductis
1364 4476 1553 4560 significem,

150 4603 213 4661 eas,
239 4603 322 4666 quae
347 4581 466 4665 elegeis
490 4583 748 4666 propriae'sunt,
772 4584 865 4645 uncis
889 4582 1063 4647 includam.
