3392 5067
370 189 497 255 336

371 404 532 445 mus
625 377 1144 464 monosyllabum
1190 380 1360 443 enim
1407 401 1554 443 cum
1599 401 1783 460 voce,
1833 403 1997 466 quae
2044 382 2392 466 antecedit,
2447 386 2603 447 artis
2659 387 2842 469 quasi
2887 385 3175 450 vinculis

373 484 810 549 consociatum
866 490 981 545 est.
1074 484 1202 547 iam
1256 482 1430 546 locos
1486 484 1594 567 qui
1650 483 1780 546 huc
1834 486 2159 568 pertinent
2214 487 2642 553 enumerabor
2698 487 2966 574 Antiph.
3016 489 3102 554 20
3126 534 3176 572 4,

370 587 493 651 129
515 632 562 670 3,
615 587 801 668 1443,
855 586 973 648 177
993 629 1039 670 4,
1082 585 1273 669 2774,
1315 586 1662 650 Anaxand.
1696 587 1843 670 404,
1887 587 2122 653 Eubul.
2166 590 2313 673 954,
2357 591 2597 677 Amph.
2639 593 2784 676 233,
2829 594 2976 680 334,
3017 595 3174 678 364,

367 691 651 778 Ephipp.
690 691 769 753 16
788 734 834 773 3,
869 690 1087 775 Epicr.
1123 691 1227 773 24,
1262 690 1562 756 Axionic.
1597 691 1702 774 34,
1745 692 1952 758 Mnes.
1991 693 2093 776 83,
2136 694 2335 780 Diph.
2369 696 2474 778 43,
2520 697 2668 778 433,
2709 697 2981 763 Philem.
3024 699 3174 785 889,

367 797 541 861 Men.
613 796 835 877 530¹„
906 795 1124 878 31943,
1195 795 1386 880 4043,
1454 796 1644 879 4603,
1716 796 1905 878 6203,
1975 797 2306 889 Euphron.
2381 801 2510 882 145,
2581 801 2913 888 Posidipp.
2984 803 3170 887 2710.

374 899 892 986 monosyllabum
945 915 1145 964 unum
1203 902 1385 985 quasi
1441 900 1719 964 verbum
1775 901 1978 966 efficit
2030 925 2177 965 cum
2233 903 2558 989 bisyllabo
2604 907 3018 971 coniunctum
3065 909 3176 972 his

368 1006 553 1070 locis:
610 1004 875 1089 Antiph.
916 1003 1076 1086 1683
1111 1007 1186 1069 τὸ
1215 1003 1407 1089 γένος,
1442 1004 1720 1069 Philem.
1756 1005 1874 1088 904
1913 1012 1996 1072 τὰ
2026 1012 2210 1088 κακά,
2243 1007 2362 1091 984
2399 1013 2514 1074 τὸν
2543 1012 2752 1094 ἀγρόν,
2785 1010 2971 1077 Men?
2998 1012 3122 1075 166
3143 1056 3170 1094 3

366 1114 447 1174 τὰ
490 1113 651 1195 μετὰ
695 1103 892 1188 ταῦτ’,
942 1107 1240 1193 Apollod.
1288 1109 1369 1189 43
1419 1111 1583 1192 πρὸς
1625 1108 1758 1193 ἐμέ,
1808 1109 2085 1196 Sosipat.
2139 1113 2242 1194 136
2290 1116 2365 1178 τὸ
2410 1112 2562 1197 περὶ
2604 1125 2733 1204 τῆς.

574 1213 658 1278 D.
736 1212 1135 1276 Tribrachus
1190 1213 1469 1276 efficitur
1515 1215 1699 1278 verbi
1755 1215 2092 1278 cuiusdam
2149 1216 2404 1302 syllaba
2457 1218 2684 1282 ultima
2732 1229 2796 1283 et
2842 1219 3172 1305 bisyllabo

364 1319 745 1403 insequente
799 1318 955 1383 locis
1000 1317 1409 1381 XXXVIII:
1486 1317 1755 1404 Antiph.
1805 1319 1954 1402 243,
2009 1320 2158 1403 483,
2212 1321 2397 1406 1643,
2456 1322 2642 1407 1913,
2698 1323 2932 1388 Eubul.
2982 1325 3169 1408 *74Ο,

364 1422 515 1503 203,
577 1423 794 1505 10733,
851 1421 1041 1486 Arar.
1095 1423 1236 1505 173,
1292 1421 1533 1506 Amph.
1587 1424 1686 1504 14,
1743 1423 2026 1509 Ephipp.
2076 1425 2180 1509 94,
2228 1426 2504 1511 Epigen.
2555 1427 2656 1508 73,
2705 1427 2978 1513 Dionys.
3028 1427 3170 1510 2344,

363 1526 498 1609 233,
550 1526 767 1590 Sotad.
806 1528 905 1608 13,
941 1526 1210 1590 Timocl.
1247 1525 1349 1607 24,
1381 1527 1710 1592 Xenarch.
1746 1527 1869 1610 743,
1918 1529 2043 1610 743,
2096 1530 2236 1614 103,
2287 1529 2476 1593 Alex.
2511 1531 2654 1612 414,
2707 1531 2915 1614 12544,
2970 1532 3092 1595 172
3115 1576 3168 1614 4,

367 1631 511 1712 213,
563 1630 751 1713 2453,
801 1629 999 1714 Diph.
1032 1629 1209 1712 4333,
1256 1630 1433 1713 4333,
1483 1629 1629 1712 884,
1678 1631 1948 1695 Philem.
1984 1632 2087 1717 24,
2135 1632 2280 1715 923,
2335 1633 2513 1716 1264,
2563 1635 2734 1699 Men.
2771 1636 2850 1699 67
2870 1678 2918 1718 3,
2967 1635 3167 1718 3204,

366 1735 556 1817 5313,
604 1734 793 1817 6703,
846 1734 1035 1818 7143,
1084 1733 1230 1816 824,
1266 1735 1597 1820 Anaxipp.
1634 1735 1738 1818 83,
1773 1736 2128 1823 Hegesipp.
2169 1739 2298 1821 133,
2347 1739 2622 1823 Sosipat.
2663 1740 2783 1821 143,
2832 1739 3022 1824 Epin.
3059 1740 3165 1820 23.

366 1839 464 1901 his
512 1837 807 1903 omnibus
854 1838 1012 1902 locis
1058 1837 1454 1923 bisyllabum
1500 1850 1636 1902 arte
1685 1862 2008 1904 conexum
2057 1850 2152 1904 est
2198 1864 2345 1906 cum
2390 1864 2568 1920 voce,
2629 1865 2797 1927 quae
2843 1844 3167 1928 sequitur3

364 1965 532 2006 unus
580 1952 895 2028 exceptus
941 1952 1037 2006 est
1083 1942 1320 2006 Eubuli
1370 1965 1595 2006 versus
1631 1944 1794 2026 1195
1843 1943 2009 2031 φασί
2052 1969 2232 2025 ποτε,
2288 1945 2398 2009 ubi
2445 1947 2763 2012 vocabula
2808 1949 2971 2031 ipsa,
3024 1949 3167 2032 qui-

365 2046 486 2110 bus
541 2046 905 2110 tribrachus
960 2046 1315 2124 conficitur,
1375 2048 1828 2131 coniungenda
1884 2059 2050 2112 sunt.
2143 2048 2309 2112 hanc
2366 2049 2746 2115 solutionem
2794 2051 3166 2148 Aeschylus

364 2172 491 2214 non
537 2149 856 2232 adhibuit,
906 2150 1106 2215 semel
1154 2150 1508 2235 Sophocles
1554 2151 1681 2237 (El.
1736 2151 1904 2216 1264
1946 2145 2084 2218 τότ’
2120 2144 2304 2235 εἶδες,
2353 2153 2509 2239 ὅτε),
2568 2154 2740 2219 haud
2785 2178 2932 2218 raro
2979 2155 3165 2219 Euri-

365 2255 571 2340 pideS.

360 2346 369 2356 ’
575 2358 650 2421 Ε.
728 2357 1126 2422 Tribrachus
1206 2368 1455 2423 constat
1532 2380 1616 2422 ex
1689 2359 2014 2445 bisyllabo
2090 2369 2154 2425 et
2221 2363 2502 2446 proximi
2573 2363 2870 2427 vocabuli
2940 2365 3163 2427 initio:

364 2462 631 2547 Antiph.
666 2461 813 2543 5543
854 2466 1023 2526 πάνυ
1061 2463 1280 2542 πολύς,
1319 2463 1480 2545 1243
1513 2467 1690 2550 παρὰ
1720 2465 1944 2543 πότον,
1991 2462 2154 2546 1773
2188 2469 2380 2532 κακὸν
2409 2461 2554 2549 ἔχω,
2604 2468 2630 2491 '¹‘
2653 2467 3000 2531 Anaxand.
3034 2468 3162 2548 623

363 2569 523 2653 ὑπὲρ
568 2567 743 2652 ἐμοῦ,
792 2565 983 2629 Alex.
1017 2565 1177 2647 2803
1227 2573 1391 2632 κατὰ
1435 2570 1694 2653 τρόπον,
1743 2566 2014 2632 Philem.
2054 2570 2217 2650 1613
2267 2568 2422 2637 ὅταν
2465 2570 2732 2662 ἐνέγκῃς,
2781 2572 2955 2636 Men.
2988 2571 3165 2653 4263

368 2672 475 2737 διὰ
527 2675 736 2756 τύχην,
802 2669 970 2753 5433
1025 2671 1155 2736 ὑπό
1206 2695 1398 2752 τινος,
1462 2671 1631 2754 5493
1687 2676 1864 2758 παρὰ
1918 2677 2110 2753 θεῶν,
2169 2673 2336 2755 5643
2393 2680 2572 2761 παρὰ
2624 2685 2931 2758 γυναικός,
2989 2675 3152 2756 5794

365 2777 494 2840 ὑπό
539 2799 747 2856 τινων,
797 2773 960 2856 8194
1012 2779 1175 2840 κατὰ
1219 2776 1421 2860 λόγον,
1465 2775 1766 2861 Apollod.
1815 2777 1892 2839 13
1917 2820 1963 2856 ‚5
2014 2783 2175 2843 κατὰ
2221 2777 2426 2862 μέρος,
2475 2780 2831 2865 Hegesipp.
2871 2781 2945 2861 13
2994 2785 3164 2845 κατὰ

366 2878 541 2965 μέρη,
609 2879 889 2943 Damox.
951 2879 1060 2962 243
1116 2879 1268 2962 περὶ
1321 2881 1518 2962 δύσιν,
1582 2880 1691 2962 234,
1750 2883 1879 2946 ὑπὸ
1932 2887 2192 2968 τροπάς.
2290 2905 2438 2946 cum
2490 2882 2589 2946 his
2644 2885 2798 2949 locis
2859 2883 3164 2948 omnibus

364 2983 521 3047 bina
563 2983 763 3047 verba
807 2994 945 3047 arte
985 2986 1151 3048 inter
1192 3007 1258 3047 se
1303 3006 1553 3049 conexa
1592 2987 1739 3066 sint,
1787 2986 1910 3049 hoc
1959 2986 2286 3051 solutionis
2314 3009 2556 3070 genus,
2606 2989 2779 3073 quod
2813 2987 3164 3073 Euripides

367 3097 467 3151 ter
514 3087 794 3169 admisit,
844 3091 1139 3174 proxime
1186 3089 1440 3153 accedit
1484 3089 1568 3153 ad
1614 3089 1702 3174 id,
1751 3090 1922 3173 quod
1967 3092 2175 3175 primo
2221 3091 2360 3156 loco
2407 3092 2885 3178 descripsimus,

574 3192 648 3255 F.
727 3190 1127 3255 Tribrachus
1175 3202 1425 3258 constat
1484 3215 1569 3255 ex
1629 3192 1951 3278 bisyllabo
2015 3203 2079 3256 et
2124 3194 2597 3279 monosyllabo:
2673 3196 2942 3281 Antiph.
2996 3197 3158 3276 1403

364 3296 653 3379 μαλακὰς
683 3296 953 3382 σφόδρα,
1003 3296 1085 3361 δι’
1129 3297 1220 3375 δίς,
1263 3297 1493 3360 Baton.
1541 3296 1583 3359 5
1600 3339 1621 3378 4
1676 3298 1785 3363 διὰ
1830 3296 1920 3363 σέ.
2001 3298 2262 3362 Batonis
2307 3299 2505 3384 locus}
2554 3321 2679 3384 quo
2719 3300 2943 3383 verba,
2991 3323 3162 3385 quae

362 3398 762 3463 tribrachum
827 3398 1137 3481 efficiunt,
1205 3401 1401 3462 artius
1457 3402 1625 3464 inter
1681 3423 1749 3464 se
1809 3404 2155 3466 coniuncta
2210 3413 2375 3484 sunt,
2439 3404 2496 3466 ei
2551 3403 2880 3468 solutionis
2936 3407 3161 3487 generi

363 3502 889 3566 adnumerandus
954 3511 1079 3584 est,
1150 3524 1275 3587 quo
1347 3506 1734 3588 praepositio
1795 3504 2121 3590 bisyllaba
2189 3529 2337 3569 cum
2398 3506 2803 3571 substantivo
2864 3510 3161 3593 proxime

365 3609 787 3670 consociatur.
871 3607 1043 3692 quod
1089 3617 1307 3671 autem
1352 3607 1599 3672 adtinet
1643 3609 1729 3672 ad
1760 3608 2158 3695 Antiphanis
2206 3632 2484 3695 versum,
2532 3614 2673 3696 quis
2721 3633 2960 3696 quaeso
3009 3634 3162 3676 eum

364 3712 501 3773 sine
562 3710 855 3774 molestia
908 3713 1324 3796 pronuntiare
1364 3704 1623 3796 possit?
1701 3734 1902 3796 quare
1959 3736 2107 3777 cum
2161 3715 2451 3779 inaudita
2508 3715 2805 3780 videatur
2859 3716 3005 3780 talis
3062 3739 3160 3779 so-

361 3815 537 3889 lutio,
586 3816 709 3878 hac
750 3837 835 3878 ex
872 3837 943 3878 re
984 3818 1124 3900 ipsa
1166 3815 1681 3880 concludendum
1727 3828 1841 3899 est,
1891 3819 2060 3901 quod
2103 3819 2399 3882 Kockius
2440 3842 2525 3882 ex
2556 3820 2777 3883 verbis
2817 3820 3160 3903 intellexit,

340 3917 537 3981 ‘hunc
584 3940 844 3982 versum
890 3920 1179 4003 graviter
1226 3929 1597 4004 corruptum
1642 3942 1804 3985 esse.
1831 3921 1874 4006 ¹)

607 4109 666 4172 3.
760 4109 874 4172 Ex
941 4109 1188 4173 tribus
1256 4110 1662 4175 vocabulis
1733 4114 2196 4197 compositus
2269 4121 2383 4176 est
2449 4112 2913 4177 tribrachus

567 4262 649 4324 A.
726 4263 1071 4327 Formatur
1126 4265 1234 4348 ita,
1290 4274 1363 4328 ut
1414 4264 1616 4328 thesis
1672 4264 1962 4329 clausula
2008 4267 2328 4347 vocabuli,
2379 4268 2586 4331 soluta
2630 4271 2792 4332 arsis
2836 4270 3160 4356 monosyl-

358 4365 504 4430 labo
555 4376 619 4429 et
671 4367 850 4429 initio
896 4369 1228 4452 proximae
1277 4370 1452 4431 vocis
1499 4368 1837 4432 efficiatur.
1916 4370 2261 4434 referenda
2308 4382 2406 4434 est
2449 4372 2612 4436 haec
2663 4372 2906 4454 solutio,
2956 4396 3156 4459 quam

571 4540 612 4604 1)
652 4541 730 4591 Cf.
772 4541 970 4591 Kockii
1004 4542 1406 4592 adnotationem
1444 4542 1508 4592 ad
1548 4541 1691 4592 hunc
1728 4542 1932 4605 locum3
1970 4544 2107 4594 adde
2144 4544 2319 4594 Klotz.
2360 4564 2408 4610 p.
2448 4547 2564 4596 252.
