3392 5067
1449 231 1511 303 129

109 507 156 561 11.
179 506 229 559 De
249 507 350 561 rebus
373 505 409 559 in
428 505 583 571 subiecti,
603 505 798 573 praedicati,
819 503 992 568 adtributi,
1016 502 1235 570 adpositionis
1257 519 1324 559 usu
1346 519 1510 560 memora·

743 610 881 665 bilibus.

216 749 366 833 Krueger
386 750 440 813 Di.
465 751 516 831 61,
532 751 600 827 4,3
624 759 656 813 et
678 750 728 814 La
751 750 862 813 Roohe
891 753 923 813 in
951 751 1220 813 commentatione
1248 750 1402 833 inscripta
1433 749 1511 812 ‘Die

111 854 218 917 Lehre
244 875 307 916 von
336 854 394 918 der
421 852 626 937 Congruenz'
654 853 742 940 (eph.
768 876 881 939 gymn.
903 853 1014 917 Austr.
1038 852 1135 939 1871)
1163 876 1216 938 pp.
1244 852 1305 915 729
1320 875 1400 937 sqq„
1432 875 1512 937 quos

110 959 144 1021 in
188 959 250 1022 hac
293 956 586 1042 disputatiunculae
628 968 720 1042 parte
758 960 960 1043 potissimum
998 955 1128 1043 sequar,
1171 967 1291 1039 negant
1333 957 1511 1020 Homerum

110 1062 228 1126 verbis'
253 1085 316 1144 res,
350 1084 433 1147 quae
463 1064 496 1125 in
528 1062 616 1126 caelo
650 1062 745 1143 fiunt,
780 1061 1037 1145 significantibus
1072 1062 1118 1124 uti
1151 1063 1212 1123 nisi
1247 1060 1422 1125 subiecto
1457 1062 1511 1124 ad-

112 1168 192 1230 dito:
222 1188 351 1251 semper
372 1166 463 1229 illum
487 1166 543 1251 (M
560 1165 612 1247 25,
636 1165 752 1252 5457)
776 1172 856 1244 Ζεύς
877 1168 926 1231 ύει
948 1166 1067 1242 dicere,
1091 1187 1196 1249 neque
1219 1186 1373 1248 umquam
1400 1164 1511 1248 verba,

111 1293 194 1356 quae
233 1280 308 1335 sunt
341 1276 492 1355 βροντάν,
527 1273 731 1355 ἀστράπτειν,
762 1268 878 1356 νήφειν,
918 1270 1063 1334 subiecto
1102 1290 1222 1332 carere.
1274 1269 1359 1353 quod
1400 1269 1512 1333 itidem

111 1377 144 1438 in
182 1398 255 1439 eum
292 1374 399 1439 locum
423 1374 633 1458 'Theognidis
672 1375 772 1458 cadit,
811 1396 874 1458 quo
911 1379 977 1440 ύειν
1014 1373 1132 1458 legitur
1170 1412 1208 1419 -
1249 1371 1372 1458 reliqua
1411 1373 1512 1436 verba

109 1482 143 1542 in
181 1477 300 1562 elegeis
337 1500 402 1541 non
440 1489 553 1549 extant
589 1516 648 1557 -,
689 1478 760 1542 dieo
798 1476 840 1541 25
856 1500 903 1562 sq.
943 1478 1015 1543 οὐδὲ
1053 1482 1110 1564 γὰρ
1148 1477 1166 1542 ύ
1199 1483 1279 1556 Ζεύς
1309 1478 1313 1561 i
1342 1472 1421 1543 οὔθ’
1450 1480 1513 1542 ύιον

110 1580 264 1648 πάντεσσ’
284 1583 413 1648 ἁνδάνει
442 1576 510 1647 οὔτ’
529 1581 658 1664 ἀνέχων.
708 1604 802 1667 porro
833 1582 984 1666 Krueger
1012 1582 1065 1645 Di.
1098 1582 1149 1662 61,
1177 1582 1212 1667 4,
1240 1581 1260 1645 2
1295 1582 1337 1647 ab
1369 1582 1510 1645 Homero

111 1709 265 1773 umquam
300 1687 460 1768 subiecta,
505 1686 613 1772 qualia
650 1696 724 1749 sunt
763 1685 872 1773 κήρυξ,
908 1688 1115 1773 σαλπιγκτής,
1160 1688 1261 1750 omitti
1298 1696 1404 1769 negat.
1455 1685 1512 1748 sed

110 1794 249 1875 vestigia
280 1793 348 1855 eius
377 1812 455 1854 usus
485 1794 582 1855 etiam
612 1794 643 1854 in
675 1790 757 1854 illius
789 1790 985 1873 carminibus
1019 1792 1157 1853 inveniri
1188 1790 1238 1853 La
1262 1791 1373 1854 Rache
1397 1813 1427 1875 p.
1450 1789 1512 1851 730

111 1895 265 1976 ostendit3
300 1895 341 1959 cf.
368 1918 393 1981 φ
419 1895 480 1958 142
510 1894 681 1980 ἀρξάμενοι
709 1906 767 1960 τοῦ
795 1898 907 1980 χώρου,
939 1895 1018 1960 ὅθεν
1047 1892 1084 1959 σε’
1104 1918 1166 1980 περ
1200 1895 1373 1975 οἰνοχοεύει
1404 1893 1462 1979 (sc.
1495 1892 1512 1957 ὁ

111 1997 279 2084 οἰνοχόος).
330 1999 416 2062 idem
454 1999 637 2063 subiectum
670 1999 815 2082 Theogn.
846 1999 911 2062 473
952 2008 996 2085 τῷ
1034 1997 1138 2065 πίνειν
1174 1994 1207 2064 δ’
1226 1996 1374 2062 ἐθέλοντι
1408 2020 1513 2080 παρα-

110 2103 229 2168 σταδδν
257 2101 440 2184 οἰνοχοείτω
470 2103 687 2187 supplendum
710 2113 759 2165 est
789 2142 829 2149 —
865 2104 907 2166 of.
936 2106 1034 2167 etiam
1058 2102 1120 2166 487
1131 2125 1176 2187 sq.
1201 2109 1240 2167 σὺ
1263 2098 1293 2167 δ’
1310 2098 1396 2186 ἔγχεε
1418 2112 1512 2166 τοῦτο

111 2212 248 2291 μάταιον
267 2208 271 2293 Ι
290 2205 454 2285 κωτίλλεις
480 2205 545 2272 αἰεί
574 2246 617 2253 -
650 2208 749 2292 idque
784 2208 817 2269 in
856 2209 998 2270 carmine
1037 2207 1211 2289 convivali,
1246 2209 1279 2269 in
1315 2228 1377 2292 quo
1416 2208 1513 2269 etiam

111 2333 178 2375 vox
213 2310 303 2388 κύλιξ
342 2311 433 2374 deest
481 2310 545 2373 489
566 2333 613 2395 sq.
647 2314 667 2399 ή
699 2310 757 2396 μὲν
787 2314 845 2395 χὰρ
880 2309 1011 2397 φέρεται
1040 2312 1239 2397 φιλοτήσιος,
1270 2314 1289 2399 ή
1320 2310 1356 2376 δὲ
1383 2312 1513 2394 πρόκει-

112 2439 175 2495 ται,
196 2416 280 2501 ήτήν
310 2415 346 2480 δὲ
375 2419 468 2493 θεοῖς
498 2412 659 2495 σπένδεις,
695 2420 751 2503 τήν
781 2416 800 2479 δ
807 2411 816 2434 ³
833 2413 891 2479 ἐπὶ
922 2417 1027 2499 χειρὸς
1055 2410 1137 2497 ἔχεις
1164 2424 1195 2478 et
1228 2415 1291 2478 492
1327 2414 1362 2493 ὃς
1391 2416 1514 2493 πολλάς

111 2517 213 2585 πίνων
244 2522 286 2608 μή
310 2544 343 2584 τι
372 2523 508 2602 μάταιον
534 2520 608 2602 ἐρεῖ.
653 2529 823 2604 praeterea
858 2520 968 2582 similis
1003 2519 1092 2583 locus
1126 2522 1157 2582 in
1185 2520 1287 2583 'simili
1323 2528 1413 2584 extat
1447 2543 1512 2583 car-

113 2625 198 2686 mine
228 2623 378 2707 Xenoph.
406 2624 432 2705 1,
458 2624 555 2709 lsqq.
583 2634 636 2688 νύν
657 2631 715 2708 χὰρ
741 2625 780 2709 δή
803 2624 945 2703 ζάπεδον
969 2628 1114 2709 καθαρὸν
1135 2622 1188 2689 καὶ
1213 2630 1313 2710 χεῖρες
1340 2625 1490 2689 ἁπάντων

111 2725 166 2792 καί
194 2727 333 2806 κύλικες·
368 2729 523 2807 πλεκτοὺς
550 2725 579 2793 δ’
592 2731 770 2816 ἀμφιτιθεῖ
793 2732 970 2815 στεφάνους
996 2728 1055 2813 (sc.
1079 2728 1181 2813 παῖς),
1211 2730 1214 2810 i
1238 2729 1333 2805 ἀλλος
1356 2727 1384 2792 δ’
1401 2729 1513 2805 εὐῶδες

111 2832 209 2916 μύρον
227 2832 262 2895 ἰν
280 2833 379 2921 φιάλῃ
398 2837 559 2918 πορσύνει.
605 2854 688 2917 quae
711 2835 818 2896 omnia
842 2834 1019 2896 carminum
1044 2832 1260 2921 convivalium
1282 2840 1417 2895 naturae
1441 2854 1513 2894 con-

112 2945 267 2999 sentanea
289 2946 363 2999 sunt
385 2958 490 3021 neque
514 2946 643 3021 praeter
666 2935 747 3000 haec
770 2936 834 2999 alia
856 2937 890 3001 id
913 2959 1015 3021 genus
1037 2936 1198 3021 leguntur.

214 3040 365 3123 Perraro‚
400 3043 427 3103 si
461 3040 642 3105 subiectum
675 3042 834 3104 incertum
869 3051 931 3122 est,
963 3043 1058 3105 tertia
1088 3063 1226 3126 persona
1258 3040 1390 3127 pluralis
1424 3040 1512 3103 adhi-

111 3142 178 3207 bita
212 3153 272 3220 est,
313 3165 378 3229 qua
410 3146 515 3208 minus
549 3145 647 3207 etiam
682 3146 799 3209 usitata
833 3155 882 3207 est
919 3145 1021 3209 altera
1058 3168 1197 3230 persona
1230 3145 1408 3228 singularis.
1459 3144 1513 3207 illa

109 3255 202 3311 extat
237 3248 388 3332 Xenoph.
420 3248 455 3330 2,
483 3250 503 3312 5
533 3247 597 3313 εἴτε
626 3251 663 3313 τδ
696 3249 798 3314 δεινὸν
828 3251 971 3335 ύεθλον,
999 3249 1017 3315 ὃ
1049 3256 1246 3336 παγκράτιον
1276 3247 1444 3315 καλέουσιν
1481 3261 1512 3312 et

110 3352 255 3435 Theogn.
290 3352 371 3416 1287
390 3375 459 3438 sqq.
494 3354 575 3417 ἀλλά
605 3347 724 3437 σ”ἰχὼ
758 3359 872 3437 τρώσω
902 3358 1060 3442 φεύγοντά
1089 3379 1164 3438 περ,
1200 3358 1243 3433 ὥς
1271 3352 1354 3419 ποτέ
1383 3376 1482 3439 φασιν
1511 3345 1514 3428 ἰ

110 3450 232 3522 Ἰασίου
261 3462 384 3545 κούρήν,
415 3456 580 3543 παρθένον
608 3453 728 3545 Ἴασίήν
748 3459 752 3540 Ι
773 3509 780 3523 .
802 3509 839 3524 ..
866 3459 870 3543 Ι
895 3464 1029 3546 φεύγειν,
1060 3459 1141 3523 haec
1170 3457 1321 3543 Xenoph.
1350 3459 1377 3542 1,
1405 3459 1511 3542 17εή,

109 3560 166 3625 ubi
194 3571 266 3644 post
289 3560 391 3626 verba
414 3562 565 3647 (13sqq.)
593 3568 651 3650 χρή
674 3562 710 3628 δὲ
731 3565 938 3648 πρῶτονμὲν
960 3566 1039 3627 θεδν
1061 3564 1167 3646 ὑμνεῖν
1188 3566 1343 3651 εὔφρονας
1365 3564 1481 3649 ἀνδρας
1511 3564 1514 3642 i

202 3665 207 3750 1
231 3663 427 3744 σπείσαντας
461 3667 495 3731 δὲ
529 3664 583 3731 καί
615 3665 802 3751 εὐξαμένους
832 3672 873 3731 τά
905 3666 1013 3732 δίκαια
1046 3668 1206 3733 δύνασθαι
1234 3665 1237 3750 i
1265 3670 1421 3756 πρήσσειν
1443 3718 1450 3730 .
1474 3721 1479 3731 .
1503 3720 1509 3729 .

108 3767 213 3834 πίνειν
244 3771 290 3832 εἰσ
318 3772 425 3855 pergit
451 3780 548 3854 poeta
577 3771 701 3836 ὁπόσον
722 3796 775 3835 κεν
805 3766 885 3853 ἔχων
914 3770 1047 3858 ἀφίκοιο
1075 3771 1079 3854 ἰ
1106 3768 1211 3837 οἴκαδ’
1230 3772 1304 3836 ἀνευ
1333 3773 1509 3856 προπόλου.

213 3873 247 3939 Si
268 3874 405 3937 subiecti
426 3874 571 3960 (obiecti)
587 3876 658 3937 vice
682 3897 859 3959 pronomen
882 3875 1036 3959 fungitur,
1060 3876 1131 3957 hoc,
1153 3878 1179 3939 si
1199 3877 1240 3939 ad
1257 3875 1361 3939 verba
1379 3898 1509 3960 praecc-

108 3976 218 4041 dentia
244 3977 397 4061 refertur,
426 3978 483 4041 sed
510 3977 749 4042 substantivum
776 3978 956 4063 praedicati
986 3979 1055 4043 loco
1083 3979 1205 4044 dictum
1234 3982 1388 4066 sequitur,
1415 3980 1510 4043 modo

107 4080 150 4144 ad
174 4104 223 4164 ea,
246 4103 330 4165 quae
356 4083 570 4167 praecedunt,
594 4082 689 4146 modo
712 4083 754 4146 ad
775 4104 892 4152 nomen
913 4105 1051 4168 sequens
1074 4086 1352 4167 accommodatum
1377 4084 1418 4149 cf.
1445 4085 1508 4147 Sol.

106 4184 160 4266 27,
181 4183 200 4247 8
225 4186 323 4267 ἰσχύν,
345 4181 413 4273 ήνι)
427 4186 539 4271 ἀνδρες
557 4181 673 4274 σήματ’
690 4182 932 4275 ἔχουσάρετής,
957 4209 1019 4272 quo
1042 4188 1113 4253 loco
1135 4211 1313 4275 pronomen
1341 4190 1383 4255 ad
1410 4212 1510 4252 unum

107 4298 234 4374 spectat
260 4289 406 4371 verbum,
440 4312 504 4354 non
538 4290 580 4353 ad
612 4301 714 4355 totum
748 4293 964 4375 enuntiatum,
997 4292 1031 4355 id
1060 4293 1146 4378 quod
1180 4294 1217 4357 fit
1249 4294 1381 4380 reliquis
1415 4294 1508 4359 locis:

105 4392 199 4478 Tyrt.
219 4393 326 4479 12„13
342 4391 393 4481 ἥδ’
402 4397 507 4483 ἀρετή,
531 4392 600 4460 τόδ’
616 4396 737 4460 ἀεθλον
758 4396 792 4459 ἰν
815 4399 1038 4482 ἀνθρώποισιν
1060 4398 1205 4483 ἀριστον,
1234 4399 1297 4464 Sol.
1315 4399 1367 4482 24,
1384 4401 1402 4462 7
1419 4397 1508 4465 ταῦτ’

105 4499 224 4585 ἀφενος
246 4504 406 4585 θνητοῖσι,
433 4498 577 4582 Theogn.
602 4499 665 4562 688
689 4498 791 4565 οάδενὶ
815 4510 910 4565 τοῦτο
934 4499 1044 4585 θέμις;
1080 4524 1218 4587 quocum
1251 4504 1322 4567 loco
1354 4504 1508 4569 homerici

106 4603 247 4666 conferri
275 4612 422 4687 possunt,
451 4604 568 4689 quibus
594 4603 614 4692 ή
638 4602 734 4688 θέμις
756 4602 844 4669 ἐστίν
868 4605 912 4689 (B
929 4605 969 4668 73
989 4605 1045 4702 εἰ.)
1074 4616 1105 4668 et
1127 4612 1145 4696 ή
1169 4612 1226 4691 γὰρ
1249 4607 1346 4692 θέμις
1373 4610 1413 4697 (ω
1423 4611 1507 4695 ,2811)

157 4714 324 4757 miserationes
338 4715 414 4765 philol.
425 4715 514 4757 Vindob.
529 4716 574 4774 ΙΠ.Ι
585 4721 603 4756 1.
1336 4717 1351 4764 9

133 4992 148 5038 ’i
