3392 5067
206 201 247 264 26

204 414 268 456 non
299 394 339 457 de
375 399 591 460 monumentis
621 388 1095 484 sepulcralibuscogitassent.
1149 422 1225 463 nam
1260 398 1418 463 habemus
1451 400 1534 479 iarn,
1571 407 1610 461 ut

205 497 284 562 mihi
315 498 446 583 quidem
476 500 620 586 videtur,
652 515 910 587 monumentum,
946 506 1031 590 quod
1061 506 1145 569 Acte
1176 507 1335 569 ‘timorem
1368 502 1464 567 fassa'
1497 510 1610 566 extru-

205 604 263 680 xit,
295 613 330 667 ut
357 603 561 690 prohiberet,
593 608 763 691 quominus
791 610 879 674 Nero
906 610 1093 695 Poppaeam
1121 608 1276 675 Sabinam
1306 608 1510 672 matrimonio
1542 606 1611 670 sibi

203 708 363 791 iungeret.
413 708 610 774 conferenda
653 713 737 776 enim
779 722 862 796 sunt,
906 736 989 799 quae
1031 713 1164 778 Servius
1210 715 1243 776 in
1284 712 1523 777 commentariis
1564 710 1611 773 ad

207 811 306 895 Verg.
331 814 414 879 Aen.
443 813 494 877 ΙΠ
518 814 579 876 139
608 814 649 879 de
673 815 790 881 Cerere
818 817 965 902 protulit:
996 818 1140 903 ‘quidam
1167 817 1280 881 dicunt
1306 816 1443 881 diversis
1469 816 1612 880 numini-

206 915 267 980 bus
290 916 343 980 vel
365 916 450 981 bene
474 917 525 987 vel
554 918 638 983 male
666 919 808 986 faciendi
835 931 1029 1006 potestatem
1053 922 1209 1003 dicatam,
1237 930 1273 985 ut
1296 920 1417 984 Veneri
1445 921 1608 1003 coniugia,

207 1021 318 1086 Cereri
351 1022 531 1107 divortia¹)'
561 1032 592 1087 et
613 1023 682 1088 IIII
705 1024 763 1089 58:
796 1026 860 1090 ‘alii
887 1027 1000 1090 dicunt
1031 1026 1089 1091 hos
1120 1026 1196 1090 deos
1228 1047 1308 1110 quos
1339 1026 1612 1089 commemoravit

206 1127 326 1211 nuptiis
357 1148 427 1190 0000
459 1130 650 1193 contrarios:
683 1128 845 1212 Cererem,
870 1132 946 1216 quia
975 1139 1109 1216 propter
1139 1141 1268 1215 raptum
1290 1129 1375 1193 filiae
1398 1130 1528 1214 nuptias
1551 1152 1610 1191 ex-

207 1240 337 1295 ecratur
358 1231 477 1296 velex
504 1254 566 1318 quo
596 1233 668 1297 lovi
690 1245 791 1320 nupta
818 1236 965 1322 praelata
990 1236 1114 1300 Iunone
1141 1235 1314 1320 repudiata
1342 1243 1404 1316 cst3
1432 1256 1508 1298 nam
1531 1255 1610 1297 cum

206 1334 359 1400 Eleusine
382 1334 511 1401 Cereris
535 1359 664 1403 sacrum
686 1339 731 1417 fit,
755 1340 855 1404 aedes
878 1339 1010 1404 Iunonis
1034 1340 1218 1405 clauditur.
1243 1391 1250 1404 .
1272 1390 1279 1403 .
1302 1390 1309 1403 .
1331 1348 1364 1403 01
1386 1338 1507 1402 Romae
1530 1360 1611 1402 cum

207 1439 318 1505 Cereri
342 1463 434 1505 sacra
464 1442 556 1525 fiunt,
581 1443 782 1527 observatur,
811 1467 853 1508 ne
876 1446 947 1530 quis
970 1455 1096 1530 patrem
1119 1453 1176 1509 aut
1205 1444 1304 1508 filiam
1334 1445 1488 1524 nominet,
1519 1442 1610 1527 quod

206 1545 331 1609 fructus
355 1548 549 1611 matrimonii
577 1570 635 1634 per
656 1549 774 1614 11110100
799 1550 944 1614 0010101.’
998 1571 1081 1634 quae
1109 1571 1184 1613 cum
1210 1551 1256 1613 ita
1283 1549 1361 1629 sint,
1390 1570 1454 1611 non
1481 1545 1607 1630 dubito,
1650 1600 1656 1609 .

207 1653 285 1736 quin
312 1650 470 1717 Octaviae
499 1651 570 1717 loco
601 1652 677 1717 talia
707 1664 929 1735 monumenta,
962 1654 1058 1740 quale
1089 1665 1138 1717 est
1167 1653 1352 1718 aedificium
1382 1650 1463 1715 illud
1494 1650 1609 1716 Cereri

207 1755 291 1819 Pisis
315 1755 356 1821 ab
381 1756 464 1821 Acte
489 1766 682 1836 extructum,
706 1759 942 1843 significentur;
966 1758 1136 1844 probabile
1152 1757 1237 1821 01111
1261 1766 1310 1821 001
1334 1778 1415 1838 eam,
1439 1778 1538 1841 quam
1562 1756 1608 1819 di-

208 1863 399 1926 vitissimam
426 1861 527 1925 fuisse
550 1882 591 1925 ex
614 1863 803 1928 libertorum
823 1863 876 1927 vel
899 1884 1065 1928 servorum
1088 1862 1188 1927 titulis
1211 1863 1340 1945 scimus,
1369 1860 1506 1924 diversis
1528 1860 1609 1924 locis

208 1968 275 2029 eius
307 1967 436 2051 generis
467 1965 588 2052 templa
618 1966 853 2030 aedificavisse.
892 1970 957 2030 iam
989 1967 1227 2031 demonstrasse
1258 1964 1337 2028 mibi
1367 1964 1481 2031 videor
1510 1964 1607 2030 Octa-

208 2072 281 2133 viae
309 2073 499 2157 scriptorem
522 2072 584 2135 hoc
607 2070 677 2135 1000
704 2094 773 2135 rem
796 2073 950 2155 tetigisse,
975 2071 1016 2134 de
1036 2094 1102 2156 qua
1124 2092 1230 2155 neque
1250 2092 1270 2133 a
1293 2069 1406 2133 Tacito
1434 2091 1541 2153 neque
1563 2068 1606 2133 ab

208 2176 270 2240 alio
294 2177 450 2261 scriptore
475 2176 583 2241 edocti
607 2198 717 2241 sumus
745 2198 906 2262 quamque
934 2176 987 2240 1110
1017 2178 1078 2240 1101
1109 2198 1152 2239 ex
1181 2176 1295 2240 intima
1323 2196 1432 2238 rerum
1462 2176 1607 2259 ipsarum

209 2283 344 2345 scientia
366 2282 495 2345 haurire
518 2304 581 2346 non
605 2282 718 2367 potuit.
752 2283 871 2345 corruit
894 2282 1001 2365 igitur,
1026 2279 1114 2365 quod
1137 2280 1248 2343 Braun
1271 2280 1399 2364 aliique,
1435 2279 1491 2364 qui
1521 2278 1607 2342 banc

150 2383 153 2388 ’
208 2386 353 2451 fabulam
376 2386 476 2449 multo
499 2396 573 2471 post
602 2386 739 2450 Neronis
767 2394 914 2471 tempora
945 2386 1156 2470 compositam
1184 2405 1255 2447 esse
1287 2384 1408 2467 opinati
1432 2391 1516 2465 sunt,
1547 2404 1607 2467 pro

208 2500 296 2554 00110
320 2490 589 2572 adfirmaverunt,
622 2511 733 2554 omnes
762 2512 815 2554 res
846 2492 880 2554 in
909 2488 1068 2553 Octaviae
1096 2488 1265 2572 tragoedia
1294 2496 1449 2552 tractatas
1479 2509 1537 2552 nos
1564 2509 1607 2551 ex

207 2596 278 2661 aliis
312 2619 438 2683 quoque
474 2596 683 2680 scriptoribus
718 2605 900 2681 compertas
934 2594 1064 2660 habere.
1122 2593 1200 2679 quid
1234 2593 1321 2678 quod
1352 2614 1395 2655 ex
1428 2591 1478 2655 his
1509 2592 1606 2654 versi-

207 2702 269 2765 bus
298 2703 377 2787 ipsis
408 2702 566 2785 suspicari
600 2722 769 2786 possumus
800 2701 858 2764 vix
888 2698 1044 2763 credibile
1075 2720 1145 2762 0000
1179 2698 1274 2762 buius
1308 2696 1439 2761 fabulae
1474 2696 1606 2779 scripto-

207 2829 276 2871 rem
298 2806 398 2871 multo
422 2816 494 2890 post
516 2804 655 2869 Neronis
678 2813 818 2869 aetatem
841 2805 974 2867 vixisse.
1014 2813 1101 2867 certe
1124 2802 1355 2889 posterioribus
1379 2822 1507 2886 quoque
1530 2808 1605 2863 tem-

207 2910 340 2997 poribus
368 2910 513 2975 homines
542 2921 750 2975 monumenta
776 2909 818 2973 ab
847 2909 932 2973 Acte
960 2917 1111 2971 extructa
1138 2906 1309 2982 videbant,
1338 2928 1471 2969 causam
1498 2914 1604 2967 tamen

209 3015 381 3079 extruendi
408 3018 489 3080 scire
516 3038 580 3079 non
609 3022 769 3099 poterant.
809 3036 886 3078 narn
913 3014 1039 3077 etiamsi
1072 3012 1180 3075 Acten
1209 3013 1357 3073 timorem
1389 3007 1509 3073 fassam
1537 3030 1606 3071 esse

208 3120 423 3186 monumentis
447 3122 603 3184 extructis
628 3119 767 3203 cuidam,
793 3141 868 3183 cum
890 3117 991 3181 Actes
1013 3124 1222 3198 monumenta
1245 3113 1440 3199 sepulcralia
1462 3112 1605 3196 vidisset,

209 3228 241 3289 in
265 3235 407 3290 mentem
429 3225 573 3289 incidere
595 3225 709 3309 potuit,
736 3234 845 3287 tamen
868 3223 910 3286 ab
935 3224 989 3299 eis,
1015 3224 1070 3307 qui
1092 3230 1206 3305 postea
1228 3218 1350 3303 templa
1371 3218 1414 3281 ab
1438 3217 1523 3280 Acte
1546 3217 1605 3279 diis

209 3331 381 3394 aedificata
410 3331 628 3411 intuebantur,
660 3327 759 3391 talem
789 3327 984 3392 aedificandi
1012 3347 1144 3389 causam
1171 3324 1349 3388 divinatam
1376 3344 1447 3386 esse
1477 3342 1606 3408 prorsus

209 3434 395 3518 negandum
419 3445 475 3499 est.
1671 3415 1672 3426 ¹

313 3539 386 3603 Oct.
404 3537 557 3624 231sqq.:
582 3520 715 3603 vidimus
739 3536 823 3600 00010
846 3536 942 3598 iubar
965 3536 969 3618 Ι
995 3533 1109 3597 ardeas
1130 3544 1277 3596 comatam
1295 3531 1437 3615 pandere
1459 3530 1606 3615 bifestum
1671 3555 1672 3562 ¹

201 3644 319 3730 focam,
340 3646 345 3727 Ι
364 3666 426 3728 qua
444 3643 591 3727 plaustro
607 3643 719 3706 turdus
738 3641 835 3705 1100110
858 3650 987 3703 aeterna
1010 3638 1074 3701 0100
1093 3636 1098 3722 Ι
1116 3637 1195 3723 repit
1218 3636 1339 3712 Bootes,
1354 3634 1482 3720 friporo
1492 3634 1604 3696 Arctoo

208 3748 343 3835 11901102)
369 3748 460 3813 010110
484 3750 600 3812 crinita
615 3746 825 3831 significatur,
851 3766 934 3830 quae
958 3768 986 3808 a.
1004 3743 1067 3806 LX
1090 3743 1123 3805 in
1147 3740 1236 3805 caelo
1259 3740 1420 3824 adparuit.
1466 3736 1605 3823 Ritter3)

210 3853 410 3937 Scaligerum
434 3861 563 3917 secutus
585 3873 627 3915 ex
650 3851 712 3914 hac
736 3850 1039 3913 commemoratione
1063 3843 1221 3909 conclusit
1237 3843 1395 3909 Octaviae
1415 3844 1602 3927 scriptorem

315 3995 335 4061 1)
355 3996 395 4049 cf.
413 3994 527 4045 Prelleri
544 3992 629 4057 Myth.
648 3991 745 4052 Roma,
765 3997 783 4039 1,
796 3991 823 4039 11
841 4008 867 4055 p.
880 3991 957 4052 65sq.
977 3989 1038 4037 adn.
1051 3990 1075 4037 4.

315 4082 335 4145 ²)
355 4083 399 4133 Sic
417 4098 478 4131 cum
492 4080 588 4130 Bothio
603 4078 772 4129 scribendum
792 4082 840 4128 est.
869 4078 899 4125 in
917 4075 1054 4125 codicibus
1073 4079 1159 4123 extat:
1179 4073 1283 4138 ‘frigido
1296 4072 1393 4122 Arctoo
1411 4071 1519 4136 rigens,
1537 4070 1606 4134 quod

210 4172 274 4221 ferri
297 4172 398 4234 nequit.
435 4170 574 4217 Pantanus
597 4166 705 4232 quidem
729 4165 795 4214 duos
819 4165 925 4213 Lucani
946 4162 1020 4211 locos
1043 4160 1148 4222 adtulit,
1167 4161 1233 4210 VIII
1251 4162 1302 4209 363
1322 4160 1426 4220 01250,
1449 4159 1496 4207 ubi
1516 4158 1606 4221 ‘frigus
1671 4183 1672 4222 j

210 4258 345 4309 Arctoum'
364 4257 476 4322 legitur3
495 4254 541 4304 sed
560 4259 623 4303 ante
636 4268 728 4302 omnes
747 4251 885 4301 adserendi
903 4256 980 4300 erant
992 4249 1063 4299 Med.
1077 4250 1140 4297 683:
1159 4248 1272 4297 ‘Taurus
1290 4246 1414 4296 cohercet
1431 4246 1531 4309 frigore
1543 4243 1604 4292 Arc·
1671 4281 1672 4316 3

210 4352 254 4395 too
273 4345 379 4410 rigens',
403 4343 468 4394 Oed.
488 4343 538 4390 546
562 4340 669 4405 ‘frigore
687 4345 797 4389 aeterno
816 4338 921 4403 rigens',
946 4352 1013 4402 quos
1030 4351 1124 4385 versus
1141 4334 1251 4385 Richter
1273 4335 1302 4382 in
1325 4334 1365 4383 ed.
1385 4332 1602 4382 0110011234

211 4432 357 4482 adnotavit.

315 4518 335 4582 ³)
355 4518 394 4568 (if.
412 4516 494 4583 praef.
513 4533 538 4581 p.
551 4515 590 4564 XI
609 4515 678 4564 ‘aevi
696 4513 843 4564 Neroniani
862 4516 985 4561 cometen
1003 4511 1042 4559 ait
1060 4510 1174 4560 describi
1192 4514 1247 4557 tam
1265 4512 1390 4557 accurate
1409 4512 1437 4555 01
1458 4511 1514 4555 tam
1532 4505 1603 4554 lucu·

212 4606 293 4668 lente,
311 4613 341 4656 ut
360 4607 441 4655 stiam
460 4606 523 4655 hinc
541 4604 574 4653 ad
593 4601 734 4668 aequalem
753 4607 860 4667 poetam
878 4598 922 4649 vel
941 4603 1031 4649 aetate
1049 4613 1192 4663 supparem
1211 4596 1307 4646 deduci
1327 4594 1482 4644 videamur'.
