3392 5067
1470 221 1531 285 113

130 415 157 475 si
172 414 303 499 quidem
325 436 460 478 caesura
480 424 529 479 est
551 424 624 499 post
646 414 781 477 alteram
804 416 891 477 tertii
914 414 1006 497 pedis
1028 412 1198 498 syllabam,
1219 414 1339 498 optimc
1356 412 1527 497 quadrant,

128 518 162 580 id
186 518 272 603 quod
295 520 409 603 paucis
432 521 622 604 perstrinxit
644 518 868 601 Kuellenberg
890 518 909 581 l,
933 540 960 581 c.
984 540 1038 602 pp.
1061 516 1102 579 20
1125 526 1158 579 et
1181 516 1231 600 27,
1257 515 1312 579 ubi
1336 518 1433 581 etiam
1457 516 1529 596 alia,

129 642 212 705 quae
243 622 308 686 huc
338 633 500 708 spectant,
530 623 673 709 protulit.
720 645 815 707 porro
852 646 925 686 cum
960 644 998 687 ea
1013 666 1017 673 -
1031 644 1107 707 pars
1140 621 1336 701 hexametri,
1369 643 1452 705 quae
1484 629 1532 683 cst

129 736 204 788 ante
229 748 397 791 caesuram
426 730 695 813 semiquinariam,
724 729 853 812 utrique
880 727 1074 811 pentametri
1102 725 1246 789 membro
1270 725 1475 810 respondeat,
1506 726 1532 787 si

130 830 161 892 in
197 840 398 915 pentametro
432 831 589 896 formulae
623 832 805 896 homericae
839 832 1058 912 inveniuntur,
1097 829 1185 893 haud
1223 851 1296 893 raro
1330 829 1380 907 lit,
1418 838 1454 893 ut
1491 851 1532 891 ex

130 936 234 1019 priore
261 946 354 1019 parte
381 935 563 1000 hexametri
590 939 623 1000 in
646 937 843 1020 alterutram,
874 936 1018 999 crebrius
1043 944 1150 997 autem
1174 936 1207 997 in
1230 936 1439 1019 posteriorem
1462 956 1532 1019 par·

124 1022 196 1102 'tem
227 1040 476 1122 transferantur,
512 1041 553 1104 cf.
581 1041 804 1124 Kuellenberg
836 1040 857 1104 l.
883 1064 909 1103 c.
942 1062 972 1125 p.
1000 1040 1049 1117 19,
1073 1038 1129 1102 ubi
1160 1038 1255 1103 Hom.
1279 1044 1303 1121 β
1326 1038 1389 1102 370
1414 1040 1533 1103 πόντον

130 1136 185 1206 ἐπ)
196 1147 364 1229 ἀτρύγετον
389 1152 471 1211 κακὰ
497 1149 635 1227 πάσχειν
661 1142 733 1211 οὐδ’)
746 1145 931 1231 ἀλάλησθαι
963 1145 1163 1228 comparavit
1195 1166 1268 1207 oum
1299 1143 1444 1225 Theogn.
1469 1141 1532 1205 248

132 1247 303 1327 ἰχθυόεντα
336 1260 442 1335 περῶν
472 1252 600 1316 πόντον
622 1246 676 1316 ttr'
698 1252 875 1335 ἀτρύγετον.
927 1250 1013 1336 quod
1051 1250 1077 1311 si
1113 1248 1269 1312 formulae
1307 1271 1349 1313 ex
1388 1255 1533 1311 extremo

132 1351 320 1417 hexametro
347 1355 467 1439 potitae
494 1355 528 1418 in
555 1365 757 1439 pentametro
785 1363 909 1435 extant,
937 1362 992 1416 aut
1019 1353 1105 1416 solae
1129 1353 1370 1418 terminationes
1394 1352 1532 1416 vocabu-

131 1455 234 1518 lorum
258 1466 434 1539 mutantur,
458 1458 548 1522 velut
570 1458 714 1541 Theogn.
741 1458 804 1521 808
828 1460 933 1546 ὀμφὴν
955 1461 1076 1545 σημήνῃ
1096 1454 1209 1535 πίονος
1230 1456 1265 1533 ἐξ
1288 1458 1412 1537 ἀδύτου,
1438 1478 1533 1541 quem

132 1581 262 1623 versum
287 1561 434 1625 conferas
462 1584 536 1625 cum
559 1562 589 1625 Ε
608 1562 673 1626 512
702 1566 797 1640 αὐτὸς
820 1556 990 1627 όἈίνείαν
1012 1561 1098 1644 μάλα
1120 1558 1234 1638 πίονος
1256 1559 1292 1637 ἐξ
1314 1561 1455 1643 ἀδύτοιο,
1480 1570 1535 1623 aut

132 1662 235 1727 verba
258 1664 351 1728 aliter
374 1664 581 1748 collocantur,
606 1667 639 1729 id
663 1665 748 1751 quod
771 1665 808 1728 fit
830 1665 977 1749 Theogn.
1002 1664 1066 1728 814
1086 1674 1117 1727 et
1139 1664 1222 1728 1016
1247 1717 1252 1727 .
1273 1716 1278 1727 .
1298 1714 1304 1727 .
1322 1660 1535 1745 ὅντιν’ίχοοσι

132 1770 206 1834 νόον
225 1768 230 1851 Ι
251 1767 365 1834 collato
388 1770 423 1833 X
445 1770 509 1833 382
536 1770 621 1857 όφροι
643 1768 680 1835 κε’
700 1795 732 1835 τι
759 1780 880 1853 γνῶμεν
905 1776 1023 1853 Τρώων
1048 1771 1123 1835 νόον
1150 1770 1184 1835 όν
1198 1765 1257 1833 τιν’
1271 1765 1404 1850 ἔχουσιν.
1451 1790 1534 1853 quae

133 1894 184 1934 res
211 1895 277 1936 non
302 1873 386 1956 fugit
408 1874 712 1957 Kuellenbergium3
751 1874 808 1938 sed
836 1874 957 1938 addere
982 1873 1124 1937 debebat
1151 1894 1393 1957 nonnumquam
1424 1872 1534 1935 sedem

133 1976 306 2041 verborum
332 1978 428 2061 longe
455 1978 552 2042 aliam
579 1979 649 2042 fieri
678 1988 711 2042 et
737 1979 931 2064 aliquotiens
954 2001 1019 2041 una
1042 2000 1116 2041 cum
1139 1977 1417 2041 terminationibus
1442 1975 1534 2039 collo-

134 2081 293 2145 cationem
322 2086 448 2147 mutari.
494 2083 575 2147 illud
605 2086 704 2165 enim,
733 2093 768 2147 ut
796 2083 947 2169 exempla
974 2082 1134 2163 adferam,
1166 2083 1311 2165 Theogn.
1341 2081 1404 2144 234
1426 2077 1534 2165 Κύρν’,

133 2182 240 2272 όλίχης
266 2195 359 2274 τιμῆς
381 2183 516 2272 ἔμμορεν
538 2188 658 2265 ἐσθλός
684 2190 760 2277 ἀνήρ
789 2187 954 2272 probatur,
987 2209 1060 2250 cum
1092 2186 1179 2270 apud
1208 2186 1385 2248 Homerum
1418 2181 1535 2268 ἔμμορε

133 2298 226 2379 τιμῆς
262 2312 390 2376 semper
419 2293 453 2354 in
484 2292 549 2354 fine
573 2313 686 2354 versus
714 2302 862 2377 ponatur,
891 2292 952 2356 hoo
978 2314 1019 2353 ex
1047 2291 1239 2374 pentametri
1268 2289 1411 2353 clausula
1438 2297 1535 2374 μοῖρα

133 2392 218 2475 κίχοι
237 2399 393 2477 θανάτου,
414 2417 496 2480 quae
516 2396 635 2478 legitur
657 2397 749 2481 Tyrt.
764 2396 793 2477 7,
809 2396 839 2471 2,
865 2396 975 2459 Mimn.
994 2396 1023 2476 6,
1040 2395 1069 2478 2,
1095 2394 1157 2459 Sol.
1176 2394 1226 2478 20,
1243 2396 1273 2477 4,
1297 2395 1442 2478 Theogn.
1460 2394 1533 2475 340,

134 2498 284 2583 adparet3
323 2499 411 2585 apud
438 2500 617 2564 Homerum
648 2500 892 2580 autem1416,
924 2500 1027 2585 9476
1057 2498 1147 2579 τέλος
1177 2504 1336 2566 θανάτοιο
1366 2496 1467 2584 κιχείη
1503 2500 1534 2559 in

134 2624 248 2666 versus
264 2603 328 2666 fine
344 2614 444 2667 extat.
483 2603 625 2667 clausula
648 2604 742 2668 modo
766 2606 865 2667 citata
888 2606 984 2667 etiam
1008 2603 1110 2667 altera
1134 2626 1175 2667 ex
1200 2626 1298 2667 causa
1320 2604 1454 2685 insignis
1472 2612 1534 2682 est,

135 2706 251 2790 legitur
278 2710 364 2771 enim
391 2730 449 2792 pro
473 2707 583 2771 verbis
606 2706 696 2787 τέλος
718 2713 887 2789 θανάτοιο,
918 2729 1001 2792 quae
1028 2729 1126 2792 saepe
1154 2710 1186 2770 in
1209 2707 1312 2771 Iliade
1338 2716 1371 2769 et
1393 2705 1535 2789 Odyssia

135 2812 353 2894 inveniuntur,
385 2812 472 2896 apud
502 2822 614 2898 poetas
645 2812 803 2896 elegiacos
833 2818 930 2896 μοῖρα
960 2816 1114 2893 θανάτου,
1147 2832 1342 2897 quamquam
1372 2810 1535 2873 Homerus

136 2914 217 2978 haec
240 2916 400 2981 vocabula
428 2919 474 2979 sic
504 2938 664 3001 nusquam
692 2918 866 2999 coniungit.
914 2916 1004 2978 cuius
1034 2918 1080 2978 rei
1114 2937 1212 2979 causa
1242 2916 1323 2979 haec
1355 2923 1417 2998 est,
1449 2914 1534 2998 quod

136 3024 328 3104 pentametri
357 3024 483 3084 numeri
514 3019 689 3105 postulant,
719 3029 754 3083 ut
784 3030 856 3104 post
887 3042 1055 3083 caesuram
1092 3020 1189 3104 longa
1225 3018 1350 3103 syllaba
1387 3027 1533 3103 ponatur.

136 3124 192 3186 sed
216 3124 297 3188 haec
321 3123 501 3206 sufficiant3
523 3147 599 3190 nam
622 3125 706 3188 infra
728 3125 770 3187 ad
793 3124 878 3187 hanc
902 3148 970 3187 rem
992 3125 1180 3188 recurrendi
1204 3124 1331 3188 occasio
1355 3124 1423 3185 erit.

239 3228 291 3291 De
322 3239 491 3314 poetarum
522 3228 741 3312 elegiacorum
771 3250 890 3311 genere
922 3228 1052 3291 dicendi
1086 3227 1229 3292 nonnulli
1260 3229 1321 3291 viri
1352 3228 1440 3291 docti
1471 3230 1535 3289 iam

137 3331 307 3416 diligenter
341 3344 485 3417 egerunt.
535 3333 644 3417 relego
679 3333 732 3397 hic
763 3372 805 3379 —
840 3356 916 3419 nam
951 3333 1032 3396 aliae
1068 3355 1125 3395 suo
1161 3354 1307 3417 quaeque
1345 3331 1415 3395 loco
1453 3332 1537 3394 infra

137 3438 473 3503 commemorabuntur
504 3476 546 3485 -
574 3439 616 3503 ad
639 3437 808 3519 Ahrentis,
836 3438 991 3521 Renneri,
1020 3437 1265 3520 Kuellenbergii
1299 3439 1536 3500 commentatio·

136 3563 194 3604 nes
226 3545 292 3605 iam
322 3566 419 3628 supra
454 3545 576 3606 citatas.
624 3543 681 3605 sed
713 3545 917 3626 quaestiones
951 3544 1115 3605 institutae
1149 3544 1252 3625 magis
1286 3541 1329 3604 ad
1363 3539 1537 3604 dialectum

137 3655 294 3729 spectant,
322 3648 363 3710 ad
395 3647 515 3711 formas
546 3646 793 3724 vocabulorum,
830 3646 872 3709 ad
908 3645 1062 3709 formulas
1096 3667 1176 3729 quas
1206 3654 1323 3709 vocant
1356 3644 1536 3708 homericos

137 3771 233 3833 quam
261 3749 304 3813 ad
331 3753 506 3836 syntaxim,
538 3753 641 3833 magis
670 3749 712 3814 ad
739 3772 801 3829 res,
829 3772 912 3834 quac
935 3752 974 3813 iis
998 3772 1071 3812 oum
1095 3750 1238 3813 Homero
1266 3749 1399 3832 aliisque
1423 3751 1536 3811 vetori-

137 3853 197 3918 bus
223 3857 326 3940 poetis
354 3857 455 3940 epicis
483 3877 668 3918 communes
692 3864 776 3934 sunt,
805 3876 902 3939 quam
926 3854 968 3917 ad
995 3876 1058 3934 eas,
1084 3853 1202 3939 quibus
1230 3853 1272 3917 ab
1300 3854 1349 3916 his
1373 3853 1535 3916 differunt.

137 3982 237 4044 quare
259 3960 337 4024 mihi
359 3962 393 4023 in
416 3961 523 4023 animo
547 3968 596 4022 est
618 3959 680 4022 hac
700 3957 976 4043 disputatiuncula
999 3961 1030 4021 in
1051 3948 1102 4020 res
1126 3958 1168 4021 ad
1192 3959 1355 4041 syntaxim
1379 3959 1537 4041 pertinen-

136 4073 194 4146 tes,
215 4086 298 4148 quae
322 4064 440 4147 dignae
467 4074 542 4127 sunt
563 4063 605 4126 'de
629 4062 746 4148 quibus
769 4072 886 4145 agatur
911 4064 956 4125 ita
978 4064 1152 4146 inquirere,
1180 4070 1302 4126 utnon
1326 4062 1438 4138 solum,
1461 4062 1536 4144 quid

137 4178 250 4254 poetae
274 4168 408 4252 elegiaci
431 4167 573 4231 Homero
597 4167 749 4251 debeant,
774 4167 832 4229 sed
856 4169 962 4249 etiam,
988 4166 1104 4251 quibus
1127 4166 1225 4230 rebus
1248 4166 1290 4230 ab
1315 4189 1352 4229 eo
1376 4166 1537 4245 differant,

136 4272 303 4358 adpareat.
347 4273 463 4358 quibus
486 4294 593 4358 pauca
617 4271 658 4333 de
683 4274 775 4355 copia
798 4280 895 4355 atque
919 4270 959 4333 de
983 4273 1015 4333 vi
1040 4269 1271 4335 vocabulorum
1295 4271 1442 4333 adiciam.
1487 4294 1536 4330 no-

137 4398 200 4461 que
222 4400 299 4441 vero
327 4398 437 4442 omnes
463 4387 574 4462 poetas
602 4376 762 4460 elegiacos
794 4378 981 4461 respiciam,
1017 4376 1088 4459 sed,
1116 4376 1150 4439 id
1181 4376 1266 4461 quod
1297 4376 1428 4439 Renner
1462 4398 1536 4459 quo—

138 4503 200 4567 que
228 4482 319 4564 fecit,
348 4485 539 4545 vetustiores
567 4491 706 4558 tantum,
735 4480 907 4564 Callinum,
932 4480 1120 4564 Tyrtaeum,
1144 4481 1386 4556 Archilochum,
1412 4480 1535 4551 Asium,

137 4586 341 4668 Pisandrum,
364 4587 603 4664 Mimnermum,
630 4585 789 4669 Solonem,
815 4584 1048 4663 Cleobulinam,
1070 4585 1304 4661 Demodocum,
1327 4584 1538 4669 Phocylidenr

187 4698 356 4739 Dissertationes
371 4699 444 4748 philol.
458 4699 547 4740 Viudoh.
564 4698 603 4738 ΙΙΙ.
620 4702 639 4737 1.
1365 4691 1380 4741 8
