3392 5067
213 1514 278 1615 Ex
292 1552 426 1617 Homeri
447 1553 645 1617 carminibus
665 1549 830 1638 tamquam
852 1576 869 1617 e
889 1555 976 1618 fonte
997 1556 1133 1639 perenni
1149 1576 1259 1619 omnes
1280 1553 1347 1618 fere
1368 1556 1510 1619 omnium

110 1674 293 1750 temporum
319 1666 431 1743 poetas
455 1656 604 1721 Graecos
626 1656 771 1721 hausisse
795 1667 930 1727 constat.
964 1658 1064 1744 quod
1087 1667 1196 1723 autem
1219 1659 1259 1722 de
1283 1661 1385 1744 poetis
1413 1661 1510 1725 omni-

110 1768 171 1832 bus
195 1767 260 1831 dici
287 1773 403 1850 potest,
431 1762 464 1825 id
488 1763 635 1847 exceptis
661 1764 710 1843 iis,
735 1764 789 1847 qui
812 1772 886 1848 post
908 1762 997 1827 illum
1022 1765 1164 1827 carmina
1188 1766 1281 1848 epica
1304 1762 1451 1828 fecerunt
1479 1773 1511 1828 et

109 1871 195 1935 hanc
216 1873 321 1956 ipsam
343 1867 386 1931 ob
410 1887 543 1930 causam
563 1868 701 1950 vestigia
724 1868 792 1929 cius
815 1888 879 1930 non
900 1870 991 1952 sequi
1013 1890 1078 1931 non
1098 1877 1281 1953 potuerunt,
1305 1870 1446 1935 maxime
1470 1869 1510 1933 de

110 1973 339 2044 vetustioribus
367 1972 470 2056 poetis
497 1969 647 2053 elegiacis
670 1970 767 2034 valet.
813 1970 846 2035 hi
874 1974 959 2034 enim
988 1982 1020 2035 et
1047 1972 1134 2056 quod
1163 1971 1205 2035 ad
1232 1981 1360 2059 tempus
1388 1973 1511 2038 adtinet

109 2079 240 2164 reliquis
266 2077 399 2163 propius
426 2074 469 2138 ad
497 2096 570 2138 eam
598 2083 747 2155 aetatem,
777 2096 840 2159 qua
864 2076 1008 2139 carmina
1030 2076 1194 2151 homerica
1216 2085 1286 2140 orta
1309 2086 1392 2160 sunt,
1417 2099 1510 2143 acce-

110 2184 191 2247 dunt
220 2191 252 2247 et
281 2190 419 2247 metrum
448 2179 680 2261 adhibuerunt,
717 2182 769 2243 cui
800 2195 875 2244 cum
903 2203 1000 2245 versu
1029 2181 1173 2263 heroico,
1208 2204 1228 2245 a
1258 2203 1321 2267 quo
1354 2183 1510 2266 originem

110 2287 214 2370 duxit,
241 2308 359 2371 magna
387 2295 435 2348 est
463 2283 646 2348 similitudo.
689 2283 831 2368 accedit,
861 2284 947 2369 quod
970 2287 1136 2349 veterrimi
1163 2308 1283 2364 eorum,
1312 2285 1456 2351 Oallinus
1480 2297 1511 2350 et

110 2392 281 2476 Tyrtaeus,
306 2390 419 2453 eodem
442 2389 537 2452 modo
563 2411 626 2474 quo
648 2388 702 2451 ille
724 2411 883 2474 persaepe
907 2388 1024 2453 bellica
1047 2400 1178 2453 canunt.

212 2494 278 2560 Sed
300 2494 366 2559 noli
388 2503 504 2580 putare
527 2496 651 2579 poesim
674 2493 853 2577 elegiacam
875 2502 976 2557 totam
1000 2516 1042 2556 ex
1059 2494 1195 2558 Homeri
1215 2495 1412 2560 carminibus
1435 2517 1511 2582 pen-

110 2599 196 2663 dere.
236 2600 386 2685 quamvis
414 2600 499 2662 enim
530 2600 608 2662 satis
635 2600 787 2683 antiquae
816 2600 881 2661 sint
908 2599 1069 2683 quaedam
1093 2620 1176 2683 quae
1203 2608 1343 2665 aetatem
1370 2601 1512 2665 tulerunt
1560 2624 1564 2632 ·

108 2705 177 2768 eius
209 2704 373 2789 reliquiae,
407 2713 515 2768 tamen
552 2724 707 2787 magnum
740 2690 895 2787 temporis
929 2706 1069 2788 spatium
1101 2705 1186 2767 inter
1219 2703 1277 2768 has
1313 2714 1345 2768 et
1374 2704 1511 2769 Iliadem

109 2806 350 2893 Odyssiamque
377 2808 559 2872 intercedit.
605 2817 702 2893 atque
730 2806 812 2870 haec
839 2807 901 2870 fuit
920 2796 1037 2890 causa,
1068 2830 1125 2871 cur
1147 2829 1266 2891 magna
1291 2807 1347 2872 illa
1369 2810 1510 2874 varietas

109 2920 142 2976 et
175 2912 351 2977 verborum
388 2912 564 2977 formarum
602 2921 634 2975 et
669 2932 780 2975 rerum
813 2911 856 2975 ad
894 2914 1059 2996 syntaxim
1097 2914 1326 2997 spectantium,
1362 2934 1444 2997 quae
1478 2914 1511 2976 in

108 3016 244 3081 Homeri
279 3017 477 3081 carminibus
514 3018 635 3103 passim
673 3017 883 3100 conspicitur,
918 3017 1129 3097 minueretur,
1164 3016 1338 3081 multorum
1374 3016 1511 3081 vocabu-

108 3121 213 3185 lorum
235 3123 285 3185 vis
312 3130 369 3185 aut
395 3121 491 3205 longe
519 3121 581 3185 alia
608 3121 701 3184 fieret
726 3129 783 3184 aut
808 3119 1040 3185 transferretur
1063 3130 1119 3183 aut
1141 3120 1404 3206 amplificaretur,
1429 3122 1511 3185 aliae

109 3247 208 3290 voces
236 3225 277 3290 ab
305 3248 365 3288 usu
392 3235 645 3306 removerentur,
673 3224 756 3289 aliae
782 3226 816 3288 in
844 3246 938 3289 usum
964 3227 1196 3310 reciperentur.
1241 3247 1377 3311 quarum
1403 3248 1512 3290 rerum

110 3352 241 3407 causam
271 3352 314 3393 ex
345 3340 528 3416 temporum
562 3329 740 3393 rationibus
770 3330 973 3413 potissimum
1002 3330 1178 3413 petendam
1209 3350 1279 3393 esse
1312 3330 1406 3394 facile
1436 3330 1512 3394 inde

109 3434 258 3519 adparet,
286 3434 372 3518 quod
404 3456 516 3520 saepe,
544 3434 602 3498 ubi
632 3436 715 3496 inter
738 3432 873 3497 Homeri
904 3443 936 3496 et
965 3444 1133 3518 poetarum
1165 3435 1380 3519 elegiacorum
1409 3456 1512 3519 genus

110 3538 241 3602 dicendi
271 3538 444 3602 discrimen
476 3538 640 3623 quoddam
670 3537 853 3618 intercedit,
890 3537 1021 3622 elegeae
1058 3561 1132 3603 cum
1166 3539 1296 3624 hymnis
1327 3539 1512 3621 homericis,
1541 3534 1544 3541 ’

110 3643 230 3727 quippe
256 3642 299 3705 ad
328 3664 463 3727 quorum
490 3652 630 3707 aetatem
657 3645 788 3728 propius
816 3644 990 3724 accedant,
1019 3645 1136 3707 mirum
1163 3645 1196 3706 in
1223 3644 1355 3708 modum
1383 3665 1513 3708 eonsen-

109 3748 194 3809 tiunt
227 3767 332 3830 neque
361 3758 470 3811 tamen
499 3757 587 3811 certa
614 3748 801 3812 imitationis
830 3770 872 3811 ex
899 3748 948 3811 his
973 3770 1147 3833 expressae
1171 3749 1310 3831 vestigia
1337 3750 1371 3810 in
1394 3748 1513 3832 elegeis

109 3853 264 3937 extant.¹)

216 4098 235 4160 ¹)
254 4097 377 4161 Hymnos
400 4098 549 4147 homericos
572 4099 658 4163 poetis
682 4098 808 4163 elegiacis
830 4099 914 4148 fuisso
937 4098 1061 4163 exemplo
1079 4098 1104 4148 J.
1119 4098 1150 4148 G.
1170 4098 1278 4147 Renner
1297 4105 1379 4163 nogat
1396 4101 1425 4149 in
1443 4114 1512 4147 corn·

109 4186 278 4234 mentatione
302 4188 346 4234 cui
369 4187 514 4251 inscripsit:
539 4187 643 4236 ‘Ueber
666 4186 712 4235 das
734 4187 934 4235 Formelwessu
957 4188 992 4235 im
1016 4186 1202 4250 griechischen
1224 4186 1296 4252 Epos
1323 4185 1379 4235 und
1407 4186 1514 4251 epische

109 4272 334 4322 Reminiscenzeu
357 4274 385 4321 in
409 4272 455 4322 der
477 4272 581 4322 dlteren
605 4274 790 4337 griechischen
813 4274 921 4338 Elegie’
944 4290 969 4337 p.
989 4275 1028 4335 16,
1055 4273 1182 4338 idemque
1205 4274 1237 4323 de
1259 4273 1417 4338 Theognido
1439 4272 1515 4321 Rich.

109 4358 296 4423 Kuellenberg
313 4360 342 4408 in
360 4361 546 4410 dissertatione
565 4376 635 4425 quae
655 4366 695 4409 est
714 4361 768 4410 ‘De
785 4362 938 4409 imitatione
950 4360 1134 4425 Theognidea'
1155 4360 1189 4425 (v.
1203 4361 1223 4409 Ι.
1240 4360 1301 4411 diss.
1315 4360 1379 4426 phil.
1393 4359 1515 4424 Argent.)

109 4464 134 4511 p.
155 4447 187 4495 12
206 4446 266 4496 adn.
288 4449 300 4494 1
321 4448 467 4496 contendit.
499 4449 545 4511 qui
564 4447 580 4495 l.
598 4464 619 4497 c.
639 4449 738 4512 excipit
755 4448 876 4513 Theogn.
896 4464 938 4497 vv.
960 4450 1052 4509 1-10‚
1071 4463 1138 4512 quos
1162 4449 1208 4512 qui
1227 4449 1332 4512 scripsit
1353 4447 1515 4511 hymnorum

109 4549 195 4599 genus
214 4532 320 4583 dicendi
337 4535 458 4583 imitatus
476 4539 524 4583 est.
561 4534 609 4583 sed
630 4534 679 4583 hos
697 4549 790 4583 versus
801 4550 825 4583 a
843 4534 1000 4599 Theognide
1023 4534 1216 4584 abiudicandos
1238 4550 1295 4583 esse
1314 4535 1345 4583 G.
1363 4535 1396 4584 ab
1419 4534 1513 4585 Hartel

109 4621 173 4671 Mel.
194 4620 304 4670 vindl
327 4638 370 4685 pp.
391 4625 472 4685 lsqq.
493 4621 617 4670 ostendit.
