<?xml version="1.0" encoding="UTF-8"?>
<!DOCTYPE html PUBLIC "-//W3C//DTD XHTML 1.0 Transitional//EN"
    "http://www.w3.org/TR/xhtml1/DTD/xhtml1-transitional.dtd">
<html xmlns="http://www.w3.org/1999/xhtml" xml:lang="en" lang="en">
 <head>
  <title>
</title>
<meta http-equiv="Content-Type" content="text/html;charset=utf-8" />
  <meta name='ocr-system' content='tesseract 3.04.00' />
  <meta name='ocr-capabilities' content='ocr_page ocr_carea ocr_par ocr_line ocrx_word'/>
</head>
<body>
  <div class='ocr_page' id='page_1' title='image "./dissertationesp04wiengoog_0199.png"; bbox 0 0 3392 5067; ppageno 0'>
   <div class='ocr_carea' id='block_1_1' title="bbox 171 202 231 265">
    <p class='ocr_par' dir='ltr' id='par_1_1' title="bbox 171 202 231 265">
     <span class='ocr_line' id='line_1_1' title="bbox 171 202 231 265; baseline 0.017 -1"><span class='ocrx_word' id='word_1_1' title='bbox 171 202 231 265; x_wconf 93' lang='grc'>188</span> 
     </span>
    </p>
   </div>
   <div class='ocr_carea' id='block_1_2' title="bbox 168 393 1565 796">
    <p class='ocr_par' dir='ltr' id='par_1_2' title="bbox 170 393 1564 589">
     <span class='ocr_line' id='line_1_2' title="bbox 170 393 1564 486; baseline 0.004 -27"><span class='ocrx_word' id='word_1_2' title='bbox 170 393 248 460; x_wconf 87' lang='grc' dir='ltr'><em>θεοί</em></span> <span class='ocrx_word' id='word_1_3' title='bbox 270 418 331 480; x_wconf 86' lang='grc' dir='ltr'>περ</span> <span class='ocrx_word' id='word_1_4' title='bbox 351 396 355 480; x_wconf 76' lang='lat' dir='ltr'>l</span> <span class='ocrx_word' id='word_1_5' title='bbox 379 395 434 461; x_wconf 88' lang='grc' dir='ltr'>καί</span> <span class='ocrx_word' id='word_1_6' title='bbox 460 394 544 483; x_wconf 80' lang='grc' dir='ltr'><em>φίλῳ</em></span> <span class='ocrx_word' id='word_1_7' title='bbox 572 395 663 481; x_wconf 74' lang='grc' dir='ltr'><em>ἀνδρί</em></span> <span class='ocrx_word' id='word_1_8' title='bbox 691 398 839 463; x_wconf 83' lang='grc' dir='ltr'><em>δύνανται</em></span> <span class='ocrx_word' id='word_1_9' title='bbox 868 396 1050 481; x_wconf 80' lang='grc' dir='ltr'><em>ἀλαλκέμεν,</em></span> <span class='ocrx_word' id='word_1_10' title='bbox 1078 398 1204 463; x_wconf 80' lang='grc' dir='ltr'><em>ὁππότε</em></span> <span class='ocrx_word' id='word_1_11' title='bbox 1225 422 1279 462; x_wconf 92' lang='grc' dir='ltr'>κεν</span> <span class='ocrx_word' id='word_1_12' title='bbox 1303 400 1341 484; x_wconf 81' lang='grc' dir='ltr'>δὴ</span> <span class='ocrx_word' id='word_1_13' title='bbox 1361 398 1365 482; x_wconf 77' lang='grc' dir='ltr'>Ι</span> <span class='ocrx_word' id='word_1_14' title='bbox 1385 395 1469 484; x_wconf 75' lang='grc' dir='ltr'><strong><em>μοῖρ’</em></strong></span> <span class='ocrx_word' id='word_1_15' title='bbox 1489 399 1564 486; x_wconf 71' lang='grc' dir='ltr'><em>ὀλοὴ</em></span> 
     </span>
     <span class='ocr_line' id='line_1_3' title="bbox 170 498 723 589; baseline 0.007 -27"><span class='ocrx_word' id='word_1_16' title='bbox 170 498 327 589; x_wconf 83' lang='grc' dir='ltr'><em>καθέλῃσι</em></span> <span class='ocrx_word' id='word_1_17' title='bbox 349 499 533 588; x_wconf 78' lang='grc' dir='ltr'><em>τανηλεγέος</em></span> <span class='ocrx_word' id='word_1_18' title='bbox 555 504 723 566; x_wconf 75' lang='grc' dir='ltr'><em>θανάτοιο.</em></span> 
     </span>
    </p>

    <p class='ocr_par' dir='ltr' id='par_1_3' title="bbox 168 602 1565 796">
     <span class='ocr_line' id='line_1_4' title="bbox 273 602 1564 693; baseline 0.005 -27"><span class='ocrx_word' id='word_1_19' title='bbox 273 604 437 667; x_wconf 86' lang='lat' dir='ltr'>Particula</span> <span class='ocrx_word' id='word_1_20' title='bbox 463 602 550 681; x_wconf 78' lang='grc' dir='ltr'><em>ἐπεί,</em></span> <span class='ocrx_word' id='word_1_21' title='bbox 579 605 621 668; x_wconf 91' lang='lat' dir='ltr'>ad</span> <span class='ocrx_word' id='word_1_22' title='bbox 649 627 746 690; x_wconf 90' lang='lat' dir='ltr'>quam</span> <span class='ocrx_word' id='word_1_23' title='bbox 773 606 979 670; x_wconf 90' lang='lat' dir='ltr'>tractandam</span> <span class='ocrx_word' id='word_1_24' title='bbox 1005 608 1070 671; x_wconf 91' lang='lat' dir='ltr'>iam</span> <span class='ocrx_word' id='word_1_25' title='bbox 1097 606 1279 690; x_wconf 89' lang='lat' dir='ltr'>adgredior,</span> <span class='ocrx_word' id='word_1_26' title='bbox 1312 607 1407 671; x_wconf 93' lang='lat' dir='ltr'>modo</span> <span class='ocrx_word' id='word_1_27' title='bbox 1437 616 1564 693; x_wconf 88' lang='lat' dir='ltr'>tempus</span> 
     </span>
     <span class='ocr_line' id='line_1_5' title="bbox 168 698 1565 796; baseline 0.002 -25"><span class='ocrx_word' id='word_1_28' title='bbox 168 698 265 771; x_wconf 50' lang='lat' dir='ltr'>¹modo</span> <span class='ocrx_word' id='word_1_29' title='bbox 290 730 421 773; x_wconf 87' lang='lat' dir='ltr'>causam</span> <span class='ocrx_word' id='word_1_30' title='bbox 445 708 620 791; x_wconf 88' lang='lat' dir='ltr'>significari</span> <span class='ocrx_word' id='word_1_31' title='bbox 644 718 778 773; x_wconf 87' lang='lat' dir='ltr'>constat.</span> <span class='ocrx_word' id='word_1_32' title='bbox 827 710 868 775; x_wconf 90' lang='lat' dir='ltr'>dc</span> <span class='ocrx_word' id='word_1_33' title='bbox 890 734 951 774; x_wconf 92' lang='lat' dir='ltr'>usu</span> <span class='ocrx_word' id='word_1_34' title='bbox 974 711 1068 774; x_wconf 92' lang='lat' dir='ltr'>huius</span> <span class='ocrx_word' id='word_1_35' title='bbox 1092 711 1269 796; x_wconf 78' lang='lat' dir='ltr'>particulae</span> <span class='ocrx_word' id='word_1_36' title='bbox 1296 712 1438 796; x_wconf 81' lang='lat' dir='ltr'>itemque</span> <span class='ocrx_word' id='word_1_37' title='bbox 1462 713 1502 776; x_wconf 89' lang='lat' dir='ltr'>de</span> <span class='ocrx_word' id='word_1_38' title='bbox 1527 714 1565 775; x_wconf 90' lang='lat' dir='ltr'>iis</span> 
     </span>
    </p>
   </div>
   <div class='ocr_carea' id='block_1_3' title="bbox 170 813 1583 4665">
    <p class='ocr_par' dir='ltr' id='par_1_4' title="bbox 170 813 1573 2779">
     <span class='ocr_line' id='line_1_6' title="bbox 170 813 1564 905; baseline 0.004 -30"><span class='ocrx_word' id='word_1_39' title='bbox 170 813 304 894; x_wconf 89' lang='lat' dir='ltr'>voculis,</span> <span class='ocrx_word' id='word_1_40' title='bbox 329 833 412 897; x_wconf 88' lang='lat' dir='ltr'>quae</span> <span class='ocrx_word' id='word_1_41' title='bbox 436 836 510 877; x_wconf 89' lang='lat' dir='ltr'>cum</span> <span class='ocrx_word' id='word_1_42' title='bbox 535 836 573 877; x_wconf 89' lang='lat' dir='ltr'>ea</span> <span class='ocrx_word' id='word_1_43' title='bbox 596 816 783 879; x_wconf 82' lang='lat' dir='ltr'>cohaerent:</span> <span class='ocrx_word' id='word_1_44' title='bbox 808 814 952 900; x_wconf 79' lang='grc' dir='ltr'><em>ἐπείπερ,</em></span> <span class='ocrx_word' id='word_1_45' title='bbox 976 816 1098 904; x_wconf 80' lang='grc' dir='ltr'>ἐπειδή,</span> <span class='ocrx_word' id='word_1_46' title='bbox 1122 817 1297 905; x_wconf 75' lang='grc' dir='ltr'><strong><em>ἐπειδήπερ</em></strong></span> <span class='ocrx_word' id='word_1_47' title='bbox 1324 819 1508 901; x_wconf 82' lang='lat' dir='ltr'>nuperrime</span> <span class='ocrx_word' id='word_1_48' title='bbox 1532 820 1564 881; x_wconf 94' lang='lat' dir='ltr'>in</span> 
     </span>
     <span class='ocr_line' id='line_1_7' title="bbox 170 914 1564 1006; baseline 0.006 -28"><span class='ocrx_word' id='word_1_49' title='bbox 170 916 245 979; x_wconf 89' lang='lat' dir='ltr'>Mel.</span> <span class='ocrx_word' id='word_1_50' title='bbox 267 916 406 982; x_wconf 91' lang='lat' dir='ltr'>Vindob.</span> <span class='ocrx_word' id='word_1_51' title='bbox 429 918 494 981; x_wconf 88' lang='lat' dir='ltr'>VH</span> <span class='ocrx_word' id='word_1_52' title='bbox 518 918 559 981; x_wconf 93' lang='grc'>82</span> <span class='ocrx_word' id='word_1_53' title='bbox 579 941 648 1003; x_wconf 93' lang='lat' dir='ltr'>sqq.</span> <span class='ocrx_word' id='word_1_54' title='bbox 672 918 785 1003; x_wconf 89' lang='lat' dir='ltr'>Zycha</span> <span class='ocrx_word' id='word_1_55' title='bbox 808 922 875 1004; x_wconf 89' lang='lat' dir='ltr'>egit</span> <span class='ocrx_word' id='word_1_56' title='bbox 897 930 929 984; x_wconf 91' lang='lat' dir='ltr'>et</span> <span class='ocrx_word' id='word_1_57' title='bbox 951 944 982 1006; x_wconf 89' lang='lat' dir='ltr'>p.</span> <span class='ocrx_word' id='word_1_58' title='bbox 1005 920 1047 983; x_wconf 84' lang='lat'>84</span> <span class='ocrx_word' id='word_1_59' title='bbox 1077 914 1246 986; x_wconf 87' lang='lat' dir='ltr'>numerum</span> <span class='ocrx_word' id='word_1_60' title='bbox 1277 930 1309 984; x_wconf 90' lang='lat' dir='ltr'>et</span> <span class='ocrx_word' id='word_1_61' title='bbox 1339 944 1450 986; x_wconf 91' lang='lat' dir='ltr'>eorum</span> <span class='ocrx_word' id='word_1_62' title='bbox 1479 921 1564 987; x_wconf 92' lang='lat' dir='ltr'>loco·</span> 
     </span>
     <span class='ocr_line' id='line_1_8' title="bbox 170 1021 1565 1112; baseline 0.006 -30"><span class='ocrx_word' id='word_1_63' title='bbox 170 1042 251 1100; x_wconf 89' lang='lat' dir='ltr'>rum,</span> <span class='ocrx_word' id='word_1_64' title='bbox 285 1021 400 1105; x_wconf 90' lang='lat' dir='ltr'>quibus</span> <span class='ocrx_word' id='word_1_65' title='bbox 430 1022 504 1089; x_wconf 75' lang='grc' dir='ltr'><em>ἐπεί</em></span> <span class='ocrx_word' id='word_1_66' title='bbox 526 1024 568 1087; x_wconf 92' lang='lat' dir='ltr'>ad</span> <span class='ocrx_word' id='word_1_67' title='bbox 600 1046 732 1089; x_wconf 90' lang='lat' dir='ltr'>causam</span> <span class='ocrx_word' id='word_1_68' title='bbox 763 1034 898 1110; x_wconf 90' lang='lat' dir='ltr'>spectat,</span> <span class='ocrx_word' id='word_1_69' title='bbox 928 1034 960 1088; x_wconf 92' lang='lat' dir='ltr'>et</span> <span class='ocrx_word' id='word_1_70' title='bbox 990 1046 1111 1107; x_wconf 92' lang='lat' dir='ltr'>eorum,</span> <span class='ocrx_word' id='word_1_71' title='bbox 1142 1025 1260 1110; x_wconf 92' lang='lat' dir='ltr'>quibus</span> <span class='ocrx_word' id='word_1_72' title='bbox 1291 1025 1333 1089; x_wconf 89' lang='lat' dir='ltr'>ad</span> <span class='ocrx_word' id='word_1_73' title='bbox 1360 1036 1488 1112; x_wconf 89' lang='lat' dir='ltr'>tempus</span> <span class='ocrx_word' id='word_1_74' title='bbox 1517 1051 1565 1091; x_wconf 92' lang='lat' dir='ltr'>re-</span> 
     </span>
     <span class='ocr_line' id='line_1_9' title="bbox 171 1123 1565 1217; baseline 0.007 -32"><span class='ocrx_word' id='word_1_75' title='bbox 171 1123 340 1190; x_wconf 87' lang='lat' dir='ltr'>ferendum</span> <span class='ocrx_word' id='word_1_76' title='bbox 364 1135 422 1211; x_wconf 88' lang='lat' dir='ltr'>est,</span> <span class='ocrx_word' id='word_1_77' title='bbox 447 1130 634 1213; x_wconf 81' lang='lat' dir='ltr'>composuit.</span> <span class='ocrx_word' id='word_1_78' title='bbox 674 1150 715 1191; x_wconf 85' lang='lat' dir='ltr'>ex</span> <span class='ocrx_word' id='word_1_79' title='bbox 739 1151 802 1215; x_wconf 92' lang='lat' dir='ltr'>quo</span> <span class='ocrx_word' id='word_1_80' title='bbox 825 1129 968 1193; x_wconf 89' lang='lat' dir='ltr'>locorum</span> <span class='ocrx_word' id='word_1_81' title='bbox 992 1139 1167 1213; x_wconf 88' lang='lat' dir='ltr'>conspectu</span> <span class='ocrx_word' id='word_1_82' title='bbox 1190 1130 1396 1195; x_wconf 87' lang='lat' dir='ltr'>manifestum</span> <span class='ocrx_word' id='word_1_83' title='bbox 1419 1131 1455 1194; x_wconf 91' lang='lat' dir='ltr'>fit</span> <span class='ocrx_word' id='word_1_84' title='bbox 1477 1132 1565 1217; x_wconf 90' lang='lat' dir='ltr'>apud</span> 
     </span>
     <span class='ocr_line' id='line_1_10' title="bbox 171 1232 1565 1319; baseline 0.005 -29"><span class='ocrx_word' id='word_1_85' title='bbox 171 1250 281 1291; x_wconf 88' lang='lat' dir='ltr'>omnes</span> <span class='ocrx_word' id='word_1_86' title='bbox 306 1233 478 1316; x_wconf 83' lang='lat' dir='ltr'>scriptores</span> <span class='ocrx_word' id='word_1_87' title='bbox 501 1240 631 1317; x_wconf 88' lang='lat' dir='ltr'>praeter</span> <span class='ocrx_word' id='word_1_88' title='bbox 653 1232 856 1298; x_wconf 90' lang='lat' dir='ltr'>Herodotum</span> <span class='ocrx_word' id='word_1_89' title='bbox 878 1241 910 1296; x_wconf 90' lang='lat' dir='ltr'>et</span> <span class='ocrx_word' id='word_1_90' title='bbox 933 1232 1183 1319; x_wconf 88' lang='lat' dir='ltr'>Xenophontem</span> <span class='ocrx_word' id='word_1_91' title='bbox 1210 1233 1296 1297; x_wconf 88' lang='lat' dir='ltr'>illam</span> <span class='ocrx_word' id='word_1_92' title='bbox 1320 1235 1387 1297; x_wconf 91' lang='lat' dir='ltr'>vim</span> <span class='ocrx_word' id='word_1_93' title='bbox 1415 1236 1476 1298; x_wconf 91' lang='lat' dir='ltr'>hac</span> <span class='ocrx_word' id='word_1_94' title='bbox 1500 1256 1565 1299; x_wconf 92' lang='lat' dir='ltr'>cre-</span> 
     </span>
     <span class='ocr_line' id='line_1_11' title="bbox 170 1332 1566 1422; baseline 0.004 -26"><span class='ocrx_word' id='word_1_95' title='bbox 170 1332 259 1397; x_wconf 87' lang='lat' dir='ltr'>brius</span> <span class='ocrx_word' id='word_1_96' title='bbox 283 1337 316 1397; x_wconf 92' lang='lat' dir='ltr'>in</span> <span class='ocrx_word' id='word_1_97' title='bbox 340 1358 378 1399; x_wconf 91' lang='lat' dir='ltr'>ea</span> <span class='ocrx_word' id='word_1_98' title='bbox 404 1336 563 1422; x_wconf 89' lang='lat' dir='ltr'>particula</span> <span class='ocrx_word' id='word_1_99' title='bbox 585 1339 699 1401; x_wconf 89' lang='lat' dir='ltr'>inesse.</span> <span class='ocrx_word' id='word_1_100' title='bbox 746 1338 832 1421; x_wconf 90' lang='lat' dir='ltr'>quod</span> <span class='ocrx_word' id='word_1_101' title='bbox 860 1359 963 1422; x_wconf 91' lang='lat' dir='ltr'>aeque</span> <span class='ocrx_word' id='word_1_102' title='bbox 987 1338 1027 1401; x_wconf 93' lang='lat' dir='ltr'>de</span> <span class='ocrx_word' id='word_1_103' title='bbox 1051 1337 1170 1421; x_wconf 89' lang='lat' dir='ltr'>elegeis</span> <span class='ocrx_word' id='word_1_104' title='bbox 1193 1338 1289 1401; x_wconf 83' lang='lat' dir='ltr'>valet.</span> <span class='ocrx_word' id='word_1_105' title='bbox 1336 1339 1392 1402; x_wconf 91' lang='lat' dir='ltr'>sed</span> <span class='ocrx_word' id='word_1_106' title='bbox 1420 1339 1472 1403; x_wconf 91' lang='lat' dir='ltr'>hic</span> <span class='ocrx_word' id='word_1_107' title='bbox 1499 1347 1566 1401; x_wconf 91' lang='lat' dir='ltr'>tan-</span> 
     </span>
     <span class='ocr_line' id='line_1_12' title="bbox 170 1437 1566 1529; baseline 0.005 -29"><span class='ocrx_word' id='word_1_108' title='bbox 170 1448 239 1501; x_wconf 92' lang='lat' dir='ltr'>tum</span> <span class='ocrx_word' id='word_1_109' title='bbox 270 1439 311 1501; x_wconf 90' lang='lat' dir='ltr'>de</span> <span class='ocrx_word' id='word_1_110' title='bbox 341 1440 379 1504; x_wconf 93' lang='lat' dir='ltr'>iis</span> <span class='ocrx_word' id='word_1_111' title='bbox 409 1441 487 1504; x_wconf 89' lang='lat' dir='ltr'>locis</span> <span class='ocrx_word' id='word_1_112' title='bbox 519 1441 741 1505; x_wconf 89' lang='lat' dir='ltr'>disserendum</span> <span class='ocrx_word' id='word_1_113' title='bbox 773 1450 835 1525; x_wconf 88' lang='lat' dir='ltr'>est,</span> <span class='ocrx_word' id='word_1_114' title='bbox 871 1442 988 1527; x_wconf 88' lang='lat' dir='ltr'>quibus</span> <span class='ocrx_word' id='word_1_115' title='bbox 1018 1437 1090 1507; x_wconf 71' lang='grc' dir='ltr'><em>ἐπεί</em></span> <span class='ocrx_word' id='word_1_116' title='bbox 1122 1444 1187 1506; x_wconf 92' lang='lat' dir='ltr'>vim</span> <span class='ocrx_word' id='word_1_117' title='bbox 1217 1444 1429 1529; x_wconf 86' lang='lat' dir='ltr'>temporalem</span> <span class='ocrx_word' id='word_1_118' title='bbox 1458 1442 1566 1507; x_wconf 89' lang='lat' dir='ltr'>habet.</span> 
     </span>
     <span class='ocr_line' id='line_1_13' title="bbox 170 1542 1568 1633; baseline 0.003 -28"><span class='ocrx_word' id='word_1_119' title='bbox 170 1552 236 1606; x_wconf 89' lang='lat' dir='ltr'>tres</span> <span class='ocrx_word' id='word_1_120' title='bbox 260 1542 304 1606; x_wconf 91' lang='lat' dir='ltr'>illi</span> <span class='ocrx_word' id='word_1_121' title='bbox 328 1554 414 1626; x_wconf 82' lang='lat' dir='ltr'>sunt,</span> <span class='ocrx_word' id='word_1_122' title='bbox 434 1546 579 1628; x_wconf 84' lang='lat' dir='ltr'>Theogn.</span> <span class='ocrx_word' id='word_1_123' title='bbox 603 1545 736 1630; x_wconf 75' lang='lat' dir='ltr'>275sq,</span> <span class='ocrx_word' id='word_1_124' title='bbox 764 1545 821 1610; x_wconf 92' lang='lat' dir='ltr'>ubi</span> <span class='ocrx_word' id='word_1_125' title='bbox 849 1556 881 1609; x_wconf 90' lang='lat' dir='ltr'>et</span> <span class='ocrx_word' id='word_1_126' title='bbox 907 1547 1084 1632; x_wconf 83' lang='lat' dir='ltr'>particulae</span> <span class='ocrx_word' id='word_1_127' title='bbox 1108 1555 1141 1610; x_wconf 91' lang='lat' dir='ltr'>et</span> <span class='ocrx_word' id='word_1_128' title='bbox 1164 1548 1249 1611; x_wconf 91' lang='lat' dir='ltr'>modi</span> <span class='ocrx_word' id='word_1_129' title='bbox 1273 1550 1401 1612; x_wconf 88' lang='lat' dir='ltr'>variant</span> <span class='ocrx_word' id='word_1_130' title='bbox 1424 1547 1480 1633; x_wconf 86' lang='lat' dir='ltr'>(de</span> <span class='ocrx_word' id='word_1_131' title='bbox 1503 1569 1568 1632; x_wconf 93' lang='lat' dir='ltr'>qua</span> 
     </span>
     <span class='ocr_line' id='line_1_14' title="bbox 170 1646 1565 1737; baseline 0.006 -29"><span class='ocrx_word' id='word_1_132' title='bbox 170 1670 205 1709; x_wconf 89' lang='lat' dir='ltr'>re</span> <span class='ocrx_word' id='word_1_133' title='bbox 222 1646 412 1713; x_wconf 82' lang='lat' dir='ltr'>Buchholzii</span> <span class='ocrx_word' id='word_1_134' title='bbox 435 1650 508 1713; x_wconf 91' lang='lat' dir='ltr'>adn.</span> <span class='ocrx_word' id='word_1_135' title='bbox 526 1649 584 1734; x_wconf 87' lang='lat' dir='ltr'>cf.)</span> <span class='ocrx_word' id='word_1_136' title='bbox 608 1651 729 1729; x_wconf 82' lang='grc' dir='ltr'><em>παῖδας</em></span> <span class='ocrx_word' id='word_1_137' title='bbox 747 1649 820 1715; x_wconf 76' lang='grc' dir='ltr'><em>ἐπεὶ</em></span> <span class='ocrx_word' id='word_1_138' title='bbox 842 1650 988 1737; x_wconf 81' lang='grc' dir='ltr'><em>θρέψαιο</em></span> <span class='ocrx_word' id='word_1_139' title='bbox 1010 1649 1064 1717; x_wconf 86' lang='grc' dir='ltr'>καί</span> <span class='ocrx_word' id='word_1_140' title='bbox 1086 1653 1205 1737; x_wconf 75' lang='grc' dir='ltr'><em>ἄρμενα</em></span> <span class='ocrx_word' id='word_1_141' title='bbox 1227 1656 1334 1717; x_wconf 83' lang='grc' dir='ltr'><em>πάντα</em></span> <span class='ocrx_word' id='word_1_142' title='bbox 1356 1652 1565 1737; x_wconf 84' lang='grc' dir='ltr'>παράσχοις,Ι</span> 
     </span>
     <span class='ocr_line' id='line_1_15' title="bbox 171 1749 1567 1844; baseline 0 -27"><span class='ocrx_word' id='word_1_143' title='bbox 171 1755 315 1841; x_wconf 77' lang='grc' dir='ltr'><em>χρήματα</em></span> <span class='ocrx_word' id='word_1_144' title='bbox 339 1749 369 1820; x_wconf 80' lang='lat' dir='ltr'>d&#39;</span> <span class='ocrx_word' id='word_1_145' title='bbox 380 1756 410 1819; x_wconf 84' lang='grc' dir='ltr'>εἰ</span> <span class='ocrx_word' id='word_1_146' title='bbox 424 1758 578 1841; x_wconf 79' lang='grc' dir='ltr'><em>καταθῇς,</em></span> <span class='ocrx_word' id='word_1_147' title='bbox 603 1754 715 1818; x_wconf 90' lang='lat' dir='ltr'>Mimn.</span> <span class='ocrx_word' id='word_1_148' title='bbox 736 1756 763 1836; x_wconf 94' lang='grc'>1,</span> <span class='ocrx_word' id='word_1_149' title='bbox 781 1754 858 1839; x_wconf 81' lang='lat' dir='ltr'>bsq.</span> <span class='ocrx_word' id='word_1_150' title='bbox 875 1754 946 1819; x_wconf 82' lang='grc' dir='ltr'><em>ἐπεί</em></span> <span class='ocrx_word' id='word_1_151' title='bbox 970 1751 1000 1820; x_wconf 87' lang='lat' dir='ltr'>d&#39;</span> <span class='ocrx_word' id='word_1_152' title='bbox 1016 1756 1165 1842; x_wconf 79' lang='grc' dir='ltr'><em>ὀδυνηρὸν</em></span> <span class='ocrx_word' id='word_1_153' title='bbox 1187 1754 1313 1844; x_wconf 79' lang='grc' dir='ltr'><em>ἐπέλθῃ</em></span> <span class='ocrx_word' id='word_1_154' title='bbox 1333 1755 1337 1841; x_wconf 73' lang='lat' dir='ltr'>l</span> <span class='ocrx_word' id='word_1_155' title='bbox 1356 1765 1460 1843; x_wconf 78' lang='grc' dir='ltr'>γῆρας,</span> <span class='ocrx_word' id='word_1_156' title='bbox 1489 1754 1567 1818; x_wconf 89' lang='lat' dir='ltr'>ibid.</span> 
     </span>
     <span class='ocr_line' id='line_1_16' title="bbox 175 1856 1569 1946; baseline 0.004 -29"><span class='ocrx_word' id='word_1_157' title='bbox 175 1856 223 1933; x_wconf 92' lang='grc'>12,</span> <span class='ocrx_word' id='word_1_158' title='bbox 248 1858 328 1943; x_wconf 86' lang='lat' dir='ltr'>3sq.</span> <span class='ocrx_word' id='word_1_159' title='bbox 350 1857 423 1923; x_wconf 79' lang='grc' dir='ltr'><em>ἐπεὶ</em></span> <span class='ocrx_word' id='word_1_160' title='bbox 439 1911 446 1924; x_wconf 94' lang='grc'><strong>.</strong></span> <span class='ocrx_word' id='word_1_161' title='bbox 464 1910 470 1923; x_wconf 93' lang='grc'><strong>.</strong></span> <span class='ocrx_word' id='word_1_162' title='bbox 490 1910 496 1923; x_wconf 92' lang='grc'><strong>.</strong></span> <span class='ocrx_word' id='word_1_163' title='bbox 513 1861 678 1946; x_wconf 79' lang='grc' dir='ltr'><em>εἰσαναβῇ.</em></span> <span class='ocrx_word' id='word_1_164' title='bbox 703 1882 744 1922; x_wconf 86' lang='lat' dir='ltr'>ex</span> <span class='ocrx_word' id='word_1_165' title='bbox 766 1859 884 1944; x_wconf 90' lang='lat' dir='ltr'>quibus</span> <span class='ocrx_word' id='word_1_166' title='bbox 907 1859 986 1922; x_wconf 92' lang='lat' dir='ltr'>locis</span> <span class='ocrx_word' id='word_1_167' title='bbox 1009 1859 1146 1945; x_wconf 87' lang='lat' dir='ltr'>adparet</span> <span class='ocrx_word' id='word_1_168' title='bbox 1167 1858 1240 1925; x_wconf 78' lang='grc' dir='ltr'><em>ἐπεί</em></span> <span class='ocrx_word' id='word_1_169' title='bbox 1263 1882 1388 1945; x_wconf 92' lang='lat' dir='ltr'>quoque</span> <span class='ocrx_word' id='word_1_170' title='bbox 1408 1859 1569 1945; x_wconf 88' lang='lat' dir='ltr'>particula</span> 
     </span>
     <span class='ocr_line' id='line_1_17' title="bbox 173 1961 1569 2050; baseline 0.001 -25"><span class='ocrx_word' id='word_1_171' title='bbox 173 1963 211 2026; x_wconf 73' lang='lat' dir='ltr'>dlv</span> <span class='ocrx_word' id='word_1_172' title='bbox 229 1961 310 2047; x_wconf 70' lang='grc' dir='ltr'><em>(κέν)</em></span> <span class='ocrx_word' id='word_1_173' title='bbox 337 1986 399 2027; x_wconf 94' lang='lat' dir='ltr'>non</span> <span class='ocrx_word' id='word_1_174' title='bbox 416 1964 543 2029; x_wconf 90' lang='lat' dir='ltr'>adiecta</span> <span class='ocrx_word' id='word_1_175' title='bbox 559 1986 632 2028; x_wconf 93' lang='lat' dir='ltr'>cum</span> <span class='ocrx_word' id='word_1_176' title='bbox 649 1964 854 2027; x_wconf 88' lang='lat' dir='ltr'>coniunctivo</span> <span class='ocrx_word' id='word_1_177' title='bbox 872 1965 1033 2048; x_wconf 85' lang='lat' dir='ltr'>coniungi,</span> <span class='ocrx_word' id='word_1_178' title='bbox 1056 1963 1089 2027; x_wconf 94' lang='lat' dir='ltr'>id</span> <span class='ocrx_word' id='word_1_179' title='bbox 1106 1964 1192 2048; x_wconf 92' lang='lat' dir='ltr'>quod</span> <span class='ocrx_word' id='word_1_180' title='bbox 1214 1986 1319 2049; x_wconf 90' lang='lat' dir='ltr'>neque</span> <span class='ocrx_word' id='word_1_181' title='bbox 1342 1965 1429 2050; x_wconf 91' lang='lat' dir='ltr'>apud</span> <span class='ocrx_word' id='word_1_182' title='bbox 1453 1965 1569 2028; x_wconf 90' lang='lat' dir='ltr'>Home-</span> 
     </span>
     <span class='ocr_line' id='line_1_18' title="bbox 173 2066 1569 2154; baseline 0.001 -24"><span class='ocrx_word' id='word_1_183' title='bbox 173 2089 246 2130; x_wconf 89' lang='lat' dir='ltr'>rum</span> <span class='ocrx_word' id='word_1_184' title='bbox 271 2068 327 2153; x_wconf 77' lang='grc' dir='ltr'>(εί.</span> <span class='ocrx_word' id='word_1_185' title='bbox 355 2070 381 2134; x_wconf 94' lang='grc'>0</span> <span class='ocrx_word' id='word_1_186' title='bbox 405 2068 477 2149; x_wconf 94' lang='grc'>363,</span> <span class='ocrx_word' id='word_1_187' title='bbox 500 2095 518 2133; x_wconf 88' lang='lat' dir='ltr'>o</span> <span class='ocrx_word' id='word_1_188' title='bbox 542 2068 592 2150; x_wconf 94' lang='grc'>86,</span> <span class='ocrx_word' id='word_1_189' title='bbox 617 2068 728 2153; x_wconf 91' lang='lat' dir='ltr'>hymn.</span> <span class='ocrx_word' id='word_1_190' title='bbox 753 2066 863 2153; x_wconf 80' lang='lat' dir='ltr'>Apoll:</span> <span class='ocrx_word' id='word_1_191' title='bbox 889 2068 964 2131; x_wconf 91' lang='lat' dir='ltr'>Del.</span> <span class='ocrx_word' id='word_1_192' title='bbox 984 2067 1059 2153; x_wconf 80' lang='lat'>158)</span> <span class='ocrx_word' id='word_1_193' title='bbox 1083 2090 1188 2152; x_wconf 91' lang='lat' dir='ltr'>neque</span> <span class='ocrx_word' id='word_1_194' title='bbox 1219 2068 1306 2154; x_wconf 91' lang='lat' dir='ltr'>apud</span> <span class='ocrx_word' id='word_1_195' title='bbox 1338 2067 1416 2133; x_wconf 90' lang='lat' dir='ltr'>alios</span> <span class='ocrx_word' id='word_1_196' title='bbox 1439 2070 1569 2153; x_wconf 89' lang='lat' dir='ltr'>scripto·</span> 
     </span>
     <span class='ocr_line' id='line_1_19' title="bbox 172 2171 1568 2258; baseline 0.001 -24"><span class='ocrx_word' id='word_1_197' title='bbox 172 2194 224 2234; x_wconf 88' lang='lat' dir='ltr'>res</span> <span class='ocrx_word' id='word_1_198' title='bbox 248 2172 295 2257; x_wconf 85' lang='lat' dir='ltr'>(in</span> <span class='ocrx_word' id='word_1_199' title='bbox 319 2196 415 2258; x_wconf 87' lang='lat' dir='ltr'>prosa</span> <span class='ocrx_word' id='word_1_200' title='bbox 438 2176 580 2237; x_wconf 88' lang='lat' dir='ltr'>oratione</span> <span class='ocrx_word' id='word_1_201' title='bbox 605 2181 695 2236; x_wconf 83' lang='lat' dir='ltr'>extat</span> <span class='ocrx_word' id='word_1_202' title='bbox 717 2173 840 2237; x_wconf 88' lang='lat' dir='ltr'>Herod.</span> <span class='ocrx_word' id='word_1_203' title='bbox 866 2171 948 2235; x_wconf 89' lang='lat' dir='ltr'>VIII</span> <span class='ocrx_word' id='word_1_204' title='bbox 963 2171 1021 2257; x_wconf 87' lang='grc'>22)</span> <span class='ocrx_word' id='word_1_205' title='bbox 1044 2171 1196 2257; x_wconf 86' lang='lat' dir='ltr'>frequens</span> <span class='ocrx_word' id='word_1_206' title='bbox 1220 2182 1282 2253; x_wconf 80' lang='lat' dir='ltr'>cst3</span> <span class='ocrx_word' id='word_1_207' title='bbox 1307 2173 1347 2236; x_wconf 87' lang='lat' dir='ltr'>cf.</span> <span class='ocrx_word' id='word_1_208' title='bbox 1372 2172 1486 2258; x_wconf 86' lang='lat' dir='ltr'>Zycha</span> <span class='ocrx_word' id='word_1_209' title='bbox 1501 2172 1523 2236; x_wconf 89' lang='lat' dir='ltr'>l.</span> <span class='ocrx_word' id='word_1_210' title='bbox 1541 2194 1568 2235; x_wconf 93' lang='lat' dir='ltr'>c.</span> 
     </span>
     <span class='ocr_line' id='line_1_20' title="bbox 173 2276 1572 2367; baseline 0.002 -29"><span class='ocrx_word' id='word_1_211' title='bbox 173 2300 204 2361; x_wconf 93' lang='lat' dir='ltr'>p.</span> <span class='ocrx_word' id='word_1_212' title='bbox 224 2276 294 2341; x_wconf 88' lang='grc'>104.</span> <span class='ocrx_word' id='word_1_213' title='bbox 355 2278 412 2343; x_wconf 90' lang='lat' dir='ltr'>sed</span> <span class='ocrx_word' id='word_1_214' title='bbox 443 2278 561 2341; x_wconf 88' lang='lat' dir='ltr'>talibus</span> <span class='ocrx_word' id='word_1_215' title='bbox 590 2276 669 2341; x_wconf 91' lang='lat' dir='ltr'>locis</span> <span class='ocrx_word' id='word_1_216' title='bbox 700 2279 780 2367; x_wconf 78' lang='grc' dir='ltr'><em>ἐπήν</em></span> <span class='ocrx_word' id='word_1_217' title='bbox 810 2278 959 2341; x_wconf 84' lang='lat' dir='ltr'>usitatius</span> <span class='ocrx_word' id='word_1_218' title='bbox 990 2285 1048 2357; x_wconf 88' lang='lat' dir='ltr'>est,</span> <span class='ocrx_word' id='word_1_219' title='bbox 1081 2298 1140 2361; x_wconf 90' lang='lat' dir='ltr'>pro</span> <span class='ocrx_word' id='word_1_220' title='bbox 1171 2300 1235 2362; x_wconf 92' lang='lat' dir='ltr'>qua</span> <span class='ocrx_word' id='word_1_221' title='bbox 1266 2276 1382 2341; x_wconf 91' lang='lat' dir='ltr'>vocula</span> <span class='ocrx_word' id='word_1_222' title='bbox 1411 2299 1572 2362; x_wconf 86' lang='lat' dir='ltr'>nusquam</span> 
     </span>
     <span class='ocr_line' id='line_1_21' title="bbox 173 2380 1570 2470; baseline -0.001 -25"><span class='ocrx_word' id='word_1_223' title='bbox 173 2380 246 2446; x_wconf 76' lang='grc' dir='ltr'><em>ἐπεί</em></span> <span class='ocrx_word' id='word_1_224' title='bbox 268 2382 370 2447; x_wconf 75' lang='grc' dir='ltr'><em>κεναί</em></span> <span class='ocrx_word' id='word_1_225' title='bbox 387 2380 458 2446; x_wconf 84' lang='grc' dir='ltr'><em>ἐπεὶ</em></span> <span class='ocrx_word' id='word_1_226' title='bbox 481 2382 520 2446; x_wconf 74' lang='lat' dir='ltr'>dv</span> <span class='ocrx_word' id='word_1_227' title='bbox 534 2392 718 2466; x_wconf 89' lang='lat' dir='ltr'>usurpatur.</span> <span class='ocrx_word' id='word_1_228' title='bbox 756 2382 876 2465; x_wconf 90' lang='lat' dir='ltr'>legitur</span> <span class='ocrx_word' id='word_1_229' title='bbox 898 2390 1008 2445; x_wconf 90' lang='lat' dir='ltr'>autem</span> <span class='ocrx_word' id='word_1_230' title='bbox 1029 2381 1110 2470; x_wconf 79' lang='grc' dir='ltr'><em>ἐπήν</em></span> <span class='ocrx_word' id='word_1_231' title='bbox 1131 2381 1243 2444; x_wconf 90' lang='lat' dir='ltr'>Mimn.</span> <span class='ocrx_word' id='word_1_232' title='bbox 1268 2380 1298 2461; x_wconf 94' lang='grc'>2,</span> <span class='ocrx_word' id='word_1_233' title='bbox 1315 2382 1335 2444; x_wconf 83' lang='grc'>3</span> <span class='ocrx_word' id='word_1_234' title='bbox 1351 2389 1383 2444; x_wconf 94' lang='lat' dir='ltr'>et</span> <span class='ocrx_word' id='word_1_235' title='bbox 1398 2381 1428 2463; x_wconf 88' lang='grc'>3,</span> <span class='ocrx_word' id='word_1_236' title='bbox 1447 2382 1475 2462; x_wconf 90' lang='lat' dir='ltr'>l,</span> <span class='ocrx_word' id='word_1_237' title='bbox 1505 2380 1570 2445; x_wconf 83' lang='lat' dir='ltr'>Sol.</span> 
     </span>
     <span class='ocr_line' id='line_1_22' title="bbox 173 2483 1572 2572; baseline 0 -23"><span class='ocrx_word' id='word_1_238' title='bbox 173 2486 225 2567; x_wconf 95' lang='grc'>24,</span> <span class='ocrx_word' id='word_1_239' title='bbox 250 2487 278 2563; x_wconf 81' lang='lat' dir='ltr'>b,</span> <span class='ocrx_word' id='word_1_240' title='bbox 304 2485 448 2568; x_wconf 84' lang='lat' dir='ltr'>Theogn.</span> <span class='ocrx_word' id='word_1_241' title='bbox 474 2486 546 2549; x_wconf 84' lang='grc'>299.</span> <span class='ocrx_word' id='word_1_242' title='bbox 590 2507 632 2549; x_wconf 84' lang='lat' dir='ltr'>ex</span> <span class='ocrx_word' id='word_1_243' title='bbox 655 2486 771 2571; x_wconf 91' lang='lat' dir='ltr'>quibus</span> <span class='ocrx_word' id='word_1_244' title='bbox 794 2484 943 2548; x_wconf 88' lang='lat' dir='ltr'>versibus</span> <span class='ocrx_word' id='word_1_245' title='bbox 967 2493 1091 2547; x_wconf 89' lang='lat' dir='ltr'>tantum</span> <span class='ocrx_word' id='word_1_246' title='bbox 1119 2484 1183 2549; x_wconf 87' lang='lat' dir='ltr'>Sol.</span> <span class='ocrx_word' id='word_1_247' title='bbox 1208 2483 1260 2569; x_wconf 95' lang='grc'>24,</span> <span class='ocrx_word' id='word_1_248' title='bbox 1283 2484 1359 2569; x_wconf 78' lang='lat' dir='ltr'>bsq.</span> <span class='ocrx_word' id='word_1_249' title='bbox 1388 2485 1469 2572; x_wconf 76' lang='grc' dir='ltr'><em>ἐπὴν</em></span> <span class='ocrx_word' id='word_1_250' title='bbox 1490 2489 1572 2549; x_wconf 81' lang='grc' dir='ltr'><em>κατὰ</em></span> 
     </span>
     <span class='ocr_line' id='line_1_23' title="bbox 173 2587 1573 2679; baseline -0.001 -25"><span class='ocrx_word' id='word_1_251' title='bbox 173 2587 261 2655; x_wconf 60' lang='grc' dir='ltr'><em>ταῦτ)</em></span> <span class='ocrx_word' id='word_1_252' title='bbox 282 2588 436 2679; x_wconf 76' lang='grc' dir='ltr'><em>ἀφίκηται</em></span> <span class='ocrx_word' id='word_1_253' title='bbox 457 2590 460 2675; x_wconf 75' lang='lat' dir='ltr'>l</span> <span class='ocrx_word' id='word_1_254' title='bbox 480 2594 542 2677; x_wconf 73' lang='grc' dir='ltr'>ἥβη</span> <span class='ocrx_word' id='word_1_255' title='bbox 574 2592 686 2675; x_wconf 84' lang='lat' dir='ltr'>paucis</span> <span class='ocrx_word' id='word_1_256' title='bbox 718 2589 956 2674; x_wconf 90' lang='lat' dir='ltr'>perstringendi</span> <span class='ocrx_word' id='word_1_257' title='bbox 987 2598 1070 2654; x_wconf 87' lang='lat' dir='ltr'>sunt.</span> <span class='ocrx_word' id='word_1_258' title='bbox 1116 2588 1203 2652; x_wconf 91' lang='lat' dir='ltr'>idem</span> <span class='ocrx_word' id='word_1_259' title='bbox 1235 2590 1319 2651; x_wconf 90' lang='lat' dir='ltr'>enim</span> <span class='ocrx_word' id='word_1_260' title='bbox 1354 2588 1573 2669; x_wconf 84' lang='lat' dir='ltr'>fragmentum</span> 
     </span>
     <span class='ocr_line' id='line_1_24' title="bbox 175 2690 1476 2779; baseline -0.002 -22"><span class='ocrx_word' id='word_1_261' title='bbox 175 2695 262 2779; x_wconf 88' lang='lat' dir='ltr'>apud</span> <span class='ocrx_word' id='word_1_262' title='bbox 286 2694 430 2778; x_wconf 84' lang='lat' dir='ltr'>Theogn.</span> <span class='ocrx_word' id='word_1_263' title='bbox 457 2694 596 2779; x_wconf 78' lang='lat' dir='ltr'>719sqq.</span> <span class='ocrx_word' id='word_1_264' title='bbox 620 2696 787 2779; x_wconf 85' lang='lat' dir='ltr'>repetitur,</span> <span class='ocrx_word' id='word_1_265' title='bbox 817 2694 873 2757; x_wconf 92' lang='lat' dir='ltr'>ubi</span> <span class='ocrx_word' id='word_1_266' title='bbox 896 2692 969 2757; x_wconf 94' lang='lat' dir='ltr'>libri</span> <span class='ocrx_word' id='word_1_267' title='bbox 992 2692 1073 2756; x_wconf 88' lang='lat' dir='ltr'>falso</span> <span class='ocrx_word' id='word_1_268' title='bbox 1096 2690 1174 2758; x_wconf 79' lang='grc' dir='ltr'><em>ὅταν</em></span> <span class='ocrx_word' id='word_1_269' title='bbox 1197 2690 1289 2758; x_wconf 79' lang='grc' dir='ltr'><em>δέκα</em></span> <span class='ocrx_word' id='word_1_270' title='bbox 1312 2692 1476 2755; x_wconf 88' lang='lat' dir='ltr'>exhibent.</span> 
     </span>
    </p>

    <p class='ocr_par' dir='ltr' id='par_1_5' title="bbox 175 2795 1573 3617">
     <span class='ocr_line' id='line_1_25' title="bbox 281 2795 1572 2883; baseline -0.005 -20"><span class='ocrx_word' id='word_1_271' title='bbox 281 2801 406 2880; x_wconf 74' lang='lat' dir='ltr'>Quarta</span> <span class='ocrx_word' id='word_1_272' title='bbox 430 2801 622 2883; x_wconf 90' lang='lat' dir='ltr'>coniunctio,</span> <span class='ocrx_word' id='word_1_273' title='bbox 658 2820 721 2883; x_wconf 91' lang='lat' dir='ltr'>qua</span> <span class='ocrx_word' id='word_1_274' title='bbox 751 2807 866 2883; x_wconf 89' lang='lat' dir='ltr'>poetae</span> <span class='ocrx_word' id='word_1_275' title='bbox 900 2798 1035 2881; x_wconf 85' lang='lat' dir='ltr'>elegiaci</span> <span class='ocrx_word' id='word_1_276' title='bbox 1068 2799 1101 2860; x_wconf 94' lang='lat' dir='ltr'>in</span> <span class='ocrx_word' id='word_1_277' title='bbox 1136 2798 1310 2860; x_wconf 88' lang='lat' dir='ltr'>enuntiatis</span> <span class='ocrx_word' id='word_1_278' title='bbox 1340 2795 1572 2880; x_wconf 88' lang='lat' dir='ltr'>temporalibus</span> 
     </span>
     <span class='ocr_line' id='line_1_26' title="bbox 175 2899 1573 2988; baseline -0.002 -22"><span class='ocrx_word' id='word_1_279' title='bbox 175 2914 317 2985; x_wconf 87' lang='lat' dir='ltr'>utuntur,</span> <span class='ocrx_word' id='word_1_280' title='bbox 341 2901 410 2969; x_wconf 81' lang='grc' dir='ltr'><em>εὖτε</em></span> <span class='ocrx_word' id='word_1_281' title='bbox 435 2914 491 2981; x_wconf 88' lang='lat' dir='ltr'>est,</span> <span class='ocrx_word' id='word_1_282' title='bbox 516 2925 598 2988; x_wconf 88' lang='lat' dir='ltr'>quae</span> <span class='ocrx_word' id='word_1_283' title='bbox 622 2902 760 2966; x_wconf 88' lang='lat' dir='ltr'>eandem</span> <span class='ocrx_word' id='word_1_284' title='bbox 783 2923 879 2986; x_wconf 89' lang='lat' dir='ltr'>quam</span> <span class='ocrx_word' id='word_1_285' title='bbox 903 2902 956 2967; x_wconf 73' lang='lat' dir='ltr'>dra</span> <span class='ocrx_word' id='word_1_286' title='bbox 980 2904 1046 2966; x_wconf 89' lang='lat' dir='ltr'>vim</span> <span class='ocrx_word' id='word_1_287' title='bbox 1069 2900 1177 2965; x_wconf 89' lang='lat' dir='ltr'>habet.</span> <span class='ocrx_word' id='word_1_288' title='bbox 1202 2899 1325 2964; x_wconf 87' lang='lat' dir='ltr'>Archil.</span> <span class='ocrx_word' id='word_1_289' title='bbox 1340 2900 1391 2983; x_wconf 92' lang='grc'>18,</span> <span class='ocrx_word' id='word_1_290' title='bbox 1407 2900 1428 2963; x_wconf 88' lang='grc'>2</span> <span class='ocrx_word' id='word_1_291' title='bbox 1444 2922 1482 2963; x_wconf 89' lang='lat' dir='ltr'>ea</span> <span class='ocrx_word' id='word_1_292' title='bbox 1499 2922 1573 2963; x_wconf 94' lang='lat' dir='ltr'>cum</span> 
     </span>
     <span class='ocr_line' id='line_1_27' title="bbox 175 3004 1572 3093; baseline -0.004 -20"><span class='ocrx_word' id='word_1_293' title='bbox 175 3012 303 3093; x_wconf 90' lang='lat' dir='ltr'>aoristo,</span> <span class='ocrx_word' id='word_1_294' title='bbox 327 3009 383 3073; x_wconf 87' lang='lat' dir='ltr'>As.</span> <span class='ocrx_word' id='word_1_295' title='bbox 409 3008 429 3071; x_wconf 95' lang='grc'>2</span> <span class='ocrx_word' id='word_1_296' title='bbox 452 3031 526 3072; x_wconf 91' lang='lat' dir='ltr'>cum</span> <span class='ocrx_word' id='word_1_297' title='bbox 550 3007 742 3093; x_wconf 85' lang='lat' dir='ltr'>imperfecto</span> <span class='ocrx_word' id='word_1_298' title='bbox 766 3007 865 3070; x_wconf 87' lang='lat' dir='ltr'>dere</span> <span class='ocrx_word' id='word_1_299' title='bbox 889 3005 988 3069; x_wconf 91' lang='lat' dir='ltr'>semel</span> <span class='ocrx_word' id='word_1_300' title='bbox 1011 3006 1108 3087; x_wconf 82' lang='lat' dir='ltr'>facta,</span> <span class='ocrx_word' id='word_1_301' title='bbox 1132 3004 1278 3087; x_wconf 86' lang='lat' dir='ltr'>Theogn.</span> <span class='ocrx_word' id='word_1_302' title='bbox 1295 3004 1358 3068; x_wconf 76' lang='lat'>356</span> <span class='ocrx_word' id='word_1_303' title='bbox 1382 3004 1422 3069; x_wconf 93' lang='lat' dir='ltr'>de</span> <span class='ocrx_word' id='word_1_304' title='bbox 1445 3006 1572 3067; x_wconf 91' lang='lat' dir='ltr'>actione</span> 
     </span>
     <span class='ocr_line' id='line_1_28' title="bbox 175 3109 1573 3199; baseline -0.007 -19"><span class='ocrx_word' id='word_1_305' title='bbox 175 3118 299 3196; x_wconf 84' lang='lat' dir='ltr'>iterata,</span> <span class='ocrx_word' id='word_1_306' title='bbox 330 3114 420 3199; x_wconf 85' lang='lat' dir='ltr'>Tyrt.</span> <span class='ocrx_word' id='word_1_307' title='bbox 446 3114 475 3196; x_wconf 80' lang='lat' dir='ltr'>I,</span> <span class='ocrx_word' id='word_1_308' title='bbox 504 3112 524 3176; x_wconf 91' lang='grc'>2</span> <span class='ocrx_word' id='word_1_309' title='bbox 552 3122 585 3175; x_wconf 89' lang='lat' dir='ltr'>et</span> <span class='ocrx_word' id='word_1_310' title='bbox 612 3112 723 3175; x_wconf 89' lang='lat' dir='ltr'>Mimn.</span> <span class='ocrx_word' id='word_1_311' title='bbox 753 3112 802 3192; x_wconf 89' lang='grc'>14,</span> <span class='ocrx_word' id='word_1_312' title='bbox 827 3111 846 3174; x_wconf 89' lang='grc'><strong>6</strong></span> <span class='ocrx_word' id='word_1_313' title='bbox 878 3133 951 3174; x_wconf 94' lang='lat' dir='ltr'>cum</span> <span class='ocrx_word' id='word_1_314' title='bbox 974 3112 1116 3195; x_wconf 86' lang='lat' dir='ltr'>optativo</span> <span class='ocrx_word' id='word_1_315' title='bbox 1139 3110 1216 3172; x_wconf 88' lang='lat' dir='ltr'>item</span> <span class='ocrx_word' id='word_1_316' title='bbox 1245 3109 1285 3172; x_wconf 91' lang='lat' dir='ltr'>de</span> <span class='ocrx_word' id='word_1_317' title='bbox 1308 3110 1434 3172; x_wconf 90' lang='lat' dir='ltr'>actione</span> <span class='ocrx_word' id='word_1_318' title='bbox 1457 3111 1573 3171; x_wconf 88' lang='lat' dir='ltr'>iterata</span> 
     </span>
     <span class='ocr_line' id='line_1_29' title="bbox 177 3212 1572 3303; baseline -0.005 -21"><span class='ocrx_word' id='word_1_319' title='bbox 177 3221 388 3303; x_wconf 88' lang='lat' dir='ltr'>coniungitur.</span> <span class='ocrx_word' id='word_1_320' title='bbox 436 3220 656 3282; x_wconf 90' lang='lat' dir='ltr'>coniunctivus</span> <span class='ocrx_word' id='word_1_321' title='bbox 686 3216 804 3299; x_wconf 87' lang='lat' dir='ltr'>legitur</span> <span class='ocrx_word' id='word_1_322' title='bbox 827 3214 949 3278; x_wconf 87' lang='lat' dir='ltr'>Archil.</span> <span class='ocrx_word' id='word_1_323' title='bbox 967 3214 997 3296; x_wconf 90' lang='grc'>3,</span> <span class='ocrx_word' id='word_1_324' title='bbox 1025 3213 1054 3290; x_wconf 88' lang='grc'>2,</span> <span class='ocrx_word' id='word_1_325' title='bbox 1087 3212 1231 3296; x_wconf 86' lang='lat' dir='ltr'>Theogn.</span> <span class='ocrx_word' id='word_1_326' title='bbox 1248 3212 1300 3294; x_wconf 82' lang='lat'>49,</span> <span class='ocrx_word' id='word_1_327' title='bbox 1325 3212 1376 3294; x_wconf 76' lang='lat'>70,</span> <span class='ocrx_word' id='word_1_328' title='bbox 1400 3212 1473 3296; x_wconf 82' lang='lat'>394,</span> <span class='ocrx_word' id='word_1_329' title='bbox 1498 3212 1572 3293; x_wconf 91' lang='grc'>842,</span> 
     </span>
     <span class='ocr_line' id='line_1_30' title="bbox 178 3315 1572 3409; baseline -0.005 -22"><span class='ocrx_word' id='word_1_330' title='bbox 178 3326 270 3407; x_wconf 91' lang='grc'>1166,</span> <span class='ocrx_word' id='word_1_331' title='bbox 298 3324 389 3387; x_wconf 87' lang='grc'>1268.</span> <span class='ocrx_word' id='word_1_332' title='bbox 437 3322 620 3409; x_wconf 90' lang='lat' dir='ltr'>quodcum</span> <span class='ocrx_word' id='word_1_333' title='bbox 650 3320 696 3402; x_wconf 86' lang='lat' dir='ltr'>fit,</span> <span class='ocrx_word' id='word_1_334' title='bbox 727 3340 885 3403; x_wconf 87' lang='lat' dir='ltr'>nusquam</span> <span class='ocrx_word' id='word_1_335' title='bbox 916 3319 955 3383; x_wconf 71' lang='grc' dir='ltr'>ἄν</span> <span class='ocrx_word' id='word_1_336' title='bbox 983 3317 1083 3400; x_wconf 82' lang='lat' dir='ltr'>deest,</span> <span class='ocrx_word' id='word_1_337' title='bbox 1115 3338 1198 3401; x_wconf 89' lang='lat' dir='ltr'>quae</span> <span class='ocrx_word' id='word_1_338' title='bbox 1228 3315 1388 3401; x_wconf 88' lang='lat' dir='ltr'>particula</span> <span class='ocrx_word' id='word_1_339' title='bbox 1411 3318 1507 3379; x_wconf 88' lang='lat' dir='ltr'>etiam</span> <span class='ocrx_word' id='word_1_340' title='bbox 1530 3316 1572 3380; x_wconf 89' lang='lat' dir='ltr'>ab</span> 
     </span>
     <span class='ocr_line' id='line_1_31' title="bbox 176 3419 1573 3513; baseline -0.006 -22"><span class='ocrx_word' id='word_1_341' title='bbox 176 3429 326 3512; x_wconf 78' lang='lat' dir='ltr'>Homero,</span> <span class='ocrx_word' id='word_1_342' title='bbox 355 3429 410 3513; x_wconf 92' lang='lat' dir='ltr'>qui</span> <span class='ocrx_word' id='word_1_343' title='bbox 435 3449 509 3490; x_wconf 92' lang='lat' dir='ltr'>cum</span> <span class='ocrx_word' id='word_1_344' title='bbox 531 3447 612 3490; x_wconf 90' lang='lat' dir='ltr'>voce</span> <span class='ocrx_word' id='word_1_345' title='bbox 634 3422 704 3490; x_wconf 81' lang='grc' dir='ltr'><em>εὖτε</em></span> <span class='ocrx_word' id='word_1_346' title='bbox 727 3445 886 3507; x_wconf 88' lang='lat' dir='ltr'>nusquam</span> <span class='ocrx_word' id='word_1_347' title='bbox 912 3419 965 3488; x_wconf 81' lang='grc' dir='ltr'>κέν</span> <span class='ocrx_word' id='word_1_348' title='bbox 992 3423 1166 3504; x_wconf 86' lang='lat' dir='ltr'>coniungit,</span> <span class='ocrx_word' id='word_1_349' title='bbox 1195 3442 1257 3483; x_wconf 92' lang='lat' dir='ltr'>uno</span> <span class='ocrx_word' id='word_1_350' title='bbox 1280 3420 1350 3483; x_wconf 93' lang='lat' dir='ltr'>loco</span> <span class='ocrx_word' id='word_1_351' title='bbox 1378 3430 1515 3505; x_wconf 86' lang='lat' dir='ltr'>excepto</span> <span class='ocrx_word' id='word_1_352' title='bbox 1540 3419 1573 3506; x_wconf 71' lang='lat' dir='ltr'>(q</span> 
     </span>
     <span class='ocr_line' id='line_1_32' title="bbox 177 3532 567 3617; baseline -0.01 -20"><span class='ocrx_word' id='word_1_353' title='bbox 177 3534 253 3615; x_wconf 75' lang='grc'>202)</span> <span class='ocrx_word' id='word_1_354' title='bbox 279 3554 406 3617; x_wconf 89' lang='lat' dir='ltr'>semper</span> <span class='ocrx_word' id='word_1_355' title='bbox 428 3532 567 3595; x_wconf 88' lang='lat' dir='ltr'>additur.</span> 
     </span>
    </p>

    <p class='ocr_par' dir='ltr' id='par_1_6' title="bbox 178 3628 1583 4331">
     <span class='ocr_line' id='line_1_33' title="bbox 280 3628 1574 3715; baseline -0.008 -14"><span class='ocrx_word' id='word_1_356' title='bbox 280 3639 375 3702; x_wconf 89' lang='lat' dir='ltr'>Duae</span> <span class='ocrx_word' id='word_1_357' title='bbox 407 3636 648 3701; x_wconf 87' lang='lat' dir='ltr'>coniunctiones</span> <span class='ocrx_word' id='word_1_358' title='bbox 678 3642 804 3698; x_wconf 91' lang='lat' dir='ltr'>tantum</span> <span class='ocrx_word' id='word_1_359' title='bbox 834 3634 868 3695; x_wconf 92' lang='lat' dir='ltr'>in</span> <span class='ocrx_word' id='word_1_360' title='bbox 898 3654 937 3695; x_wconf 90' lang='lat' dir='ltr'>ea</span> <span class='ocrx_word' id='word_1_361' title='bbox 966 3640 1058 3715; x_wconf 88' lang='lat' dir='ltr'>parte</span> <span class='ocrx_word' id='word_1_362' title='bbox 1090 3631 1276 3714; x_wconf 86' lang='lat' dir='ltr'>elegearum</span> <span class='ocrx_word' id='word_1_363' title='bbox 1299 3628 1497 3712; x_wconf 86' lang='lat' dir='ltr'>Theognidis</span> <span class='ocrx_word' id='word_1_364' title='bbox 1529 3630 1574 3691; x_wconf 92' lang='lat' dir='ltr'>in·</span> 
     </span>
     <span class='ocr_line' id='line_1_34' title="bbox 178 3730 1573 3827; baseline -0.006 -21"><span class='ocrx_word' id='word_1_365' title='bbox 178 3746 358 3820; x_wconf 87' lang='lat' dir='ltr'>veniuntur,</span> <span class='ocrx_word' id='word_1_366' title='bbox 383 3764 466 3827; x_wconf 89' lang='lat' dir='ltr'>quae</span> <span class='ocrx_word' id='word_1_367' title='bbox 490 3741 549 3804; x_wconf 92' lang='lat' dir='ltr'>sub</span> <span class='ocrx_word' id='word_1_368' title='bbox 572 3739 667 3803; x_wconf 90' lang='lat' dir='ltr'>huius</span> <span class='ocrx_word' id='word_1_369' title='bbox 682 3739 812 3801; x_wconf 91' lang='lat' dir='ltr'>nomine</span> <span class='ocrx_word' id='word_1_370' title='bbox 836 3735 940 3799; x_wconf 87' lang='lat' dir='ltr'>fertur</span> <span class='ocrx_word' id='word_1_371' title='bbox 960 3758 1067 3821; x_wconf 92' lang='lat' dir='ltr'>neque</span> <span class='ocrx_word' id='word_1_372' title='bbox 1091 3734 1133 3799; x_wconf 92' lang='lat' dir='ltr'>ab</span> <span class='ocrx_word' id='word_1_373' title='bbox 1159 3756 1198 3809; x_wconf 86' lang='lat' dir='ltr'>eo</span> <span class='ocrx_word' id='word_1_374' title='bbox 1219 3733 1367 3818; x_wconf 87' lang='lat' dir='ltr'>profecta</span> <span class='ocrx_word' id='word_1_375' title='bbox 1390 3742 1447 3815; x_wconf 84' lang='lat' dir='ltr'>est,</span> <span class='ocrx_word' id='word_1_376' title='bbox 1471 3730 1573 3817; x_wconf 79' lang='grc' dir='ltr'><em>ἡνίκα,</em></span> 
     </span>
     <span class='ocr_line' id='line_1_35' title="bbox 178 3838 1574 3934; baseline -0.009 -23"><span class='ocrx_word' id='word_1_377' title='bbox 178 3872 260 3934; x_wconf 90' lang='lat' dir='ltr'>quae</span> <span class='ocrx_word' id='word_1_378' title='bbox 285 3847 400 3911; x_wconf 88' lang='lat' dir='ltr'>vocula</span> <span class='ocrx_word' id='word_1_379' title='bbox 423 3846 510 3930; x_wconf 90' lang='lat' dir='ltr'>apud</span> <span class='ocrx_word' id='word_1_380' title='bbox 533 3845 712 3908; x_wconf 88' lang='lat' dir='ltr'>Homerum</span> <span class='ocrx_word' id='word_1_381' title='bbox 736 3842 836 3905; x_wconf 89' lang='lat' dir='ltr'>semel</span> <span class='ocrx_word' id='word_1_382' title='bbox 861 3842 895 3924; x_wconf 83' lang='grc' dir='ltr'>(χ</span> <span class='ocrx_word' id='word_1_383' title='bbox 921 3839 1006 3924; x_wconf 81' lang='grc'>198),</span> <span class='ocrx_word' id='word_1_384' title='bbox 1031 3839 1119 3923; x_wconf 90' lang='lat' dir='ltr'>apud</span> <span class='ocrx_word' id='word_1_385' title='bbox 1135 3838 1316 3902; x_wconf 90' lang='lat' dir='ltr'>Hesiodum</span> <span class='ocrx_word' id='word_1_386' title='bbox 1338 3858 1497 3921; x_wconf 90' lang='lat' dir='ltr'>nusquam</span> <span class='ocrx_word' id='word_1_387' title='bbox 1519 3859 1574 3899; x_wconf 84' lang='lat' dir='ltr'>ex-</span> 
     </span>
     <span class='ocr_line' id='line_1_36' title="bbox 178 3939 1575 4038; baseline -0.01 -22"><span class='ocrx_word' id='word_1_388' title='bbox 178 3964 233 4034; x_wconf 86' lang='lat' dir='ltr'>tat,</span> <span class='ocrx_word' id='word_1_389' title='bbox 258 3952 401 4035; x_wconf 85' lang='lat' dir='ltr'>Theogn.</span> <span class='ocrx_word' id='word_1_390' title='bbox 427 3950 511 4015; x_wconf 77' lang='lat'>1275</span> <span class='ocrx_word' id='word_1_391' title='bbox 527 3971 573 4034; x_wconf 90' lang='lat' dir='ltr'>sq.</span> <span class='ocrx_word' id='word_1_392' title='bbox 603 3946 695 4038; x_wconf 70' lang='grc' dir='ltr'><em>ἡνίκα</em></span> <span class='ocrx_word' id='word_1_393' title='bbox 723 3970 784 4031; x_wconf 87' lang='grc' dir='ltr'>περ</span> <span class='ocrx_word' id='word_1_394' title='bbox 807 3955 845 4033; x_wconf 75' lang='grc' dir='ltr'>νῆ</span> <span class='ocrx_word' id='word_1_395' title='bbox 866 3945 870 4031; x_wconf 80' lang='grc' dir='ltr'>Ι</span> <span class='ocrx_word' id='word_1_396' title='bbox 892 3944 1082 4010; x_wconf 84' lang='grc' dir='ltr'><em>...θάλλει</em></span> <span class='ocrx_word' id='word_1_397' title='bbox 1106 3954 1137 4007; x_wconf 89' lang='lat' dir='ltr'>et</span> <span class='ocrx_word' id='word_1_398' title='bbox 1160 3941 1220 4021; x_wconf 74' lang='grc' dir='ltr'>ἕως</span> <span class='ocrx_word' id='word_1_399' title='bbox 1242 3941 1421 4006; x_wconf 65' lang='grc'>16161321</span> <span class='ocrx_word' id='word_1_400' title='bbox 1450 3939 1510 4018; x_wconf 75' lang='grc' dir='ltr'>ἕως</span> <span class='ocrx_word' id='word_1_401' title='bbox 1536 3940 1575 4003; x_wconf 74' lang='grc' dir='ltr'>ἂν</span> 
     </span>
     <span class='ocr_line' id='line_1_37' title="bbox 179 4043 1575 4146; baseline -0.012 -23"><span class='ocrx_word' id='word_1_402' title='bbox 179 4056 251 4146; x_wconf 79' lang='grc' dir='ltr'><em>ἔχῃς</em></span> <span class='ocrx_word' id='word_1_403' title='bbox 274 4055 360 4122; x_wconf 87' lang='grc' dir='ltr'><em>λείαν</em></span> <span class='ocrx_word' id='word_1_404' title='bbox 382 4054 478 4140; x_wconf 73' lang='grc' dir='ltr'><em>γένυν.</em></span> <span class='ocrx_word' id='word_1_405' title='bbox 511 4063 623 4119; x_wconf 87' lang='lat' dir='ltr'>eontra</span> <span class='ocrx_word' id='word_1_406' title='bbox 646 4062 678 4115; x_wconf 89' lang='lat' dir='ltr'>et</span> <span class='ocrx_word' id='word_1_407' title='bbox 700 4054 732 4116; x_wconf 92' lang='lat' dir='ltr'>in</span> <span class='ocrx_word' id='word_1_408' title='bbox 757 4050 906 4134; x_wconf 82' lang='lat' dir='ltr'>genuinis</span> <span class='ocrx_word' id='word_1_409' title='bbox 923 4048 1121 4131; x_wconf 80' lang='lat' dir='ltr'>Theognidis</span> <span class='ocrx_word' id='word_1_410' title='bbox 1138 4047 1258 4130; x_wconf 91' lang='lat' dir='ltr'>elegeis</span> <span class='ocrx_word' id='word_1_411' title='bbox 1281 4055 1313 4110; x_wconf 91' lang='lat' dir='ltr'>et</span> <span class='ocrx_word' id='word_1_412' title='bbox 1328 4046 1413 4130; x_wconf 91' lang='lat' dir='ltr'>apud</span> <span class='ocrx_word' id='word_1_413' title='bbox 1435 4043 1575 4128; x_wconf 87' lang='lat' dir='ltr'>reliquos</span> 
     </span>
     <span class='ocr_line' id='line_1_38' title="bbox 179 4147 1575 4249; baseline -0.011 -23"><span class='ocrx_word' id='word_1_414' title='bbox 179 4172 290 4249; x_wconf 89' lang='lat' dir='ltr'>poetas</span> <span class='ocrx_word' id='word_1_415' title='bbox 314 4161 472 4245; x_wconf 88' lang='lat' dir='ltr'>elegiacos</span> <span class='ocrx_word' id='word_1_416' title='bbox 495 4183 554 4246; x_wconf 92' lang='lat' dir='ltr'>pro</span> <span class='ocrx_word' id='word_1_417' title='bbox 578 4157 637 4236; x_wconf 72' lang='grc' dir='ltr'>ἕως</span> <span class='ocrx_word' id='word_1_418' title='bbox 663 4156 904 4219; x_wconf 88' lang='lat' dir='ltr'>coniunctiones</span> <span class='ocrx_word' id='word_1_419' title='bbox 928 4154 1012 4239; x_wconf 72' lang='grc' dir='ltr'><em>ὄφρα</em></span> <span class='ocrx_word' id='word_1_420' title='bbox 1042 4161 1073 4214; x_wconf 94' lang='lat' dir='ltr'>et</span> <span class='ocrx_word' id='word_1_421' title='bbox 1096 4147 1168 4217; x_wconf 71' lang='grc' dir='ltr'><em>ἔστε</em></span> <span class='ocrx_word' id='word_1_422' title='bbox 1191 4159 1397 4236; x_wconf 89' lang='lat' dir='ltr'>usurpantur,</span> <span class='ocrx_word' id='word_1_423' title='bbox 1424 4149 1466 4213; x_wconf 90' lang='lat' dir='ltr'>ad</span> <span class='ocrx_word' id='word_1_424' title='bbox 1494 4170 1575 4234; x_wconf 88' lang='lat' dir='ltr'>quas</span> 
     </span>
     <span class='ocr_line' id='line_1_39' title="bbox 178 4266 1583 4331; baseline -0.008 -1"><span class='ocrx_word' id='word_1_425' title='bbox 178 4270 242 4331; x_wconf 88' lang='lat' dir='ltr'>iam</span> <span class='ocrx_word' id='word_1_426' title='bbox 265 4266 496 4330; x_wconf 89' lang='lat' dir='ltr'>transeundum</span> <span class='ocrx_word' id='word_1_427' title='bbox 520 4273 578 4327; x_wconf 88' lang='lat' dir='ltr'>est.</span> <span class='ocrx_word' id='word_1_428' title='bbox 1580 4322 1583 4325; x_wconf 68' lang='grc'>,</span> 
     </span>
    </p>

    <p class='ocr_par' dir='ltr' id='par_1_7' title="bbox 178 4358 1577 4665">
     <span class='ocr_line' id='line_1_40' title="bbox 281 4358 1575 4457; baseline -0.013 -20"><span class='ocrx_word' id='word_1_429' title='bbox 281 4364 389 4457; x_wconf 81' lang='grc' dir='ltr'><em>Ὄφρα</em></span> <span class='ocrx_word' id='word_1_430' title='bbox 412 4372 518 4453; x_wconf 83' lang='lat' dir='ltr'>igitur,</span> <span class='ocrx_word' id='word_1_431' title='bbox 543 4367 583 4431; x_wconf 90' lang='lat' dir='ltr'>de</span> <span class='ocrx_word' id='word_1_432' title='bbox 600 4388 664 4452; x_wconf 92' lang='lat' dir='ltr'>qua</span> <span class='ocrx_word' id='word_1_433' title='bbox 680 4362 848 4450; x_wconf 90' lang='lat' dir='ltr'>particula,</span> <span class='ocrx_word' id='word_1_434' title='bbox 874 4370 1030 4446; x_wconf 89' lang='lat' dir='ltr'>quantum</span> <span class='ocrx_word' id='word_1_435' title='bbox 1047 4359 1088 4422; x_wconf 92' lang='lat' dir='ltr'>ad</span> <span class='ocrx_word' id='word_1_436' title='bbox 1105 4360 1270 4422; x_wconf 89' lang='lat' dir='ltr'>enuntiata</span> <span class='ocrx_word' id='word_1_437' title='bbox 1294 4358 1403 4421; x_wconf 93' lang='lat' dir='ltr'>finalia</span> <span class='ocrx_word' id='word_1_438' title='bbox 1425 4360 1575 4443; x_wconf 90' lang='lat' dir='ltr'>pertinet,</span> 
     </span>
     <span class='ocr_line' id='line_1_41' title="bbox 178 4461 1577 4565; baseline -0.01 -26"><span class='ocrx_word' id='word_1_439' title='bbox 178 4502 209 4565; x_wconf 87' lang='lat' dir='ltr'>p.</span> <span class='ocrx_word' id='word_1_440' title='bbox 229 4477 290 4539; x_wconf 73' lang='lat'>179</span> <span class='ocrx_word' id='word_1_441' title='bbox 320 4484 428 4540; x_wconf 88' lang='lat' dir='ltr'>actum</span> <span class='ocrx_word' id='word_1_442' title='bbox 452 4483 508 4556; x_wconf 87' lang='lat' dir='ltr'>est,</span> <span class='ocrx_word' id='word_1_443' title='bbox 540 4472 635 4555; x_wconf 90' lang='lat' dir='ltr'>modo</span> <span class='ocrx_word' id='word_1_444' title='bbox 658 4478 768 4532; x_wconf 88' lang='lat' dir='ltr'>nostro</span> <span class='ocrx_word' id='word_1_445' title='bbox 800 4470 850 4531; x_wconf 83' lang='lat' dir='ltr'>‘so</span> <span class='ocrx_word' id='word_1_446' title='bbox 874 4467 969 4549; x_wconf 90' lang='lat' dir='ltr'>lange</span> <span class='ocrx_word' id='word_1_447' title='bbox 993 4464 1052 4529; x_wconf 86' lang='lat' dir='ltr'>als’</span> <span class='ocrx_word' id='word_1_448' title='bbox 1082 4463 1177 4527; x_wconf 91' lang='lat' dir='ltr'>modo</span> <span class='ocrx_word' id='word_1_449' title='bbox 1200 4472 1308 4526; x_wconf 89' lang='lat' dir='ltr'>nostro</span> <span class='ocrx_word' id='word_1_450' title='bbox 1340 4461 1417 4525; x_wconf 84' lang='lat' dir='ltr'>‘bis&#39;</span> <span class='ocrx_word' id='word_1_451' title='bbox 1445 4483 1577 4545; x_wconf 89' lang='lat' dir='ltr'>respon-</span> 
     </span>
     <span class='ocr_line' id='line_1_42' title="bbox 180 4566 1577 4665; baseline -0.012 -19"><span class='ocrx_word' id='word_1_452' title='bbox 180 4583 244 4646; x_wconf 91' lang='lat' dir='ltr'>det.</span> <span class='ocrx_word' id='word_1_453' title='bbox 290 4591 386 4665; x_wconf 88' lang='lat' dir='ltr'>atque</span> <span class='ocrx_word' id='word_1_454' title='bbox 417 4579 501 4643; x_wconf 90' lang='lat' dir='ltr'>hanc</span> <span class='ocrx_word' id='word_1_455' title='bbox 531 4576 662 4661; x_wconf 89' lang='lat' dir='ltr'>quidem</span> <span class='ocrx_word' id='word_1_456' title='bbox 694 4574 761 4635; x_wconf 83' lang='lat' dir='ltr'>vim</span> <span class='ocrx_word' id='word_1_457' title='bbox 794 4580 826 4635; x_wconf 92' lang='lat' dir='ltr'>et</span> <span class='ocrx_word' id='word_1_458' title='bbox 858 4570 1001 4655; x_wconf 84' lang='lat' dir='ltr'>Theogn.</span> <span class='ocrx_word' id='word_1_459' title='bbox 1033 4567 1115 4631; x_wconf 87' lang='grc'>1128</span> <span class='ocrx_word' id='word_1_460' title='bbox 1150 4566 1262 4643; x_wconf 89' lang='lat' dir='ltr'>habet,</span> <span class='ocrx_word' id='word_1_461' title='bbox 1294 4566 1351 4630; x_wconf 90' lang='lat' dir='ltr'>ubi</span> <span class='ocrx_word' id='word_1_462' title='bbox 1380 4566 1577 4629; x_wconf 86' lang='lat' dir='ltr'>indicativus</span> 
     </span>
    </p>
   </div>
   <div class='ocr_carea' id='block_1_4' title="bbox 0 0 1711 5067">
    <p class='ocr_par' dir='ltr' id='par_1_8' title="bbox 0 0 1711 5067">
     <span class='ocr_line' id='line_1_43' title="bbox 0 0 1711 5067; baseline 0 0"><span class='ocrx_word' id='word_1_463' title='bbox 0 0 1711 5067; x_wconf 95' lang='lat' dir='ltr'> </span> 
     </span>
    </p>
   </div>
  </div>
 </body>
</html>
