3392 5067
186 231 228 294 20

185 423 345 484 didicerat.
383 418 522 504 Braun1)
554 417 689 482 adnotat
719 417 825 480 Taciti
854 417 985 500 quidem
1008 417 1112 481 verba
1140 419 1271 504 ‘quippe
1302 418 1364 483 sibi
1396 458 1435 466 -
1466 419 1588 483 intelle-

185 525 293 610 gebat’
318 524 359 589 ad
387 524 605 607 Agrippinam
637 524 816 607 pertinere3
847 543 924 584 nam
955 520 1058 585 verba
1082 520 1265 587 ‘Octaviam
1297 545 1439 587 sororem
1463 525 1589 588 Britan-

84 638 86 642 ’
186 631 259 694 nici'
283 627 483 713 Nipperdeio
510 627 618 691 iudice
646 623 840 710 interpolata
863 647 948 707 esse3
978 624 1138 691 Octaviae
1160 630 1352 713 scriptorem
1375 638 1484 692 autem
1506 627 1589 691 haec

185 738 257 819 ipsa
279 732 382 797 verba
409 734 441 795 in
466 731 577 795 codice
604 752 660 793 suo
688 729 806 813 legisse
834 729 973 814 ideoque
996 752 1110 794 versus
1136 730 1208 795 illos
1232 734 1458 817 composuisse.
1505 754 1589 819 quae

185 849 308 902 temere
331 837 434 901 effusa
457 858 528 899 esse
552 833 722 899 concedes.
754 833 947 920 Nipperdey
970 836 1056 898 enim
1078 836 1148 920 ipse
1171 846 1284 921 postea
1306 836 1466 901 intellexit
1487 836 1589 901 verba

187 942 241 1007 illa
275 940 458 1005 ‘Octaviam
493 961 636 1005 sororem
672 938 862 1004 Britannici’
893 940 1036 1023 genuina
1068 962 1140 1005 esse
1176 961 1282 1025 neque
1316 939 1478 1006 dubitavit
1515 963 1590 1005 cum

185 1048 223 1111 F.
233 1047 357 1111 Rittero
373 1055 448 1109 ante
462 1043 652 1109 ‘Octaviam'
666 1042 860 1128 particulam
872 1042 989 1128 ‘atque’
1003 1045 1156 1124 inserere,
1172 1066 1236 1129 qua
1250 1047 1392 1131 reposita
1410 1048 1474 1109 iam
1500 1046 1589 1109 nulla

186 1154 219 1216 in
242 1150 291 1215 bis
314 1150 424 1214 verbis
452 1151 535 1213 inest
558 1148 700 1213 offensio.
747 1146 788 1210 de
811 1149 989 1212 imitatione
1015 1158 1125 1214 autem
1149 1151 1284 1233 cogitari
1307 1151 1435 1214 omnino
1463 1150 1588 1235 nequit3

186 1278 261 1320 nam
276 1254 383 1319 Taciti
399 1253 503 1317 verba
518 1253 650 1339 ‘quippe
672 1250 732 1316 sibi
750 1260 933 1317 extremum
948 1253 1106 1319 auxilium
1129 1254 1286 1338 ereptum'
1310 1253 1353 1317 ad
1373 1254 1589 1340 Agrippinam

187 1361 367 1446 spectantia
398 1379 530 1444 prorsus
562 1358 661 1422 alium
692 1378 822 1421 sensum
852 1355 975 1421 habent
1005 1365 1101 1443 atque
1137 1351 1294 1422 Octaviae
1324 1357 1380 1422 illa
1410 1361 1496 1443 ‘spes
1525 1380 1591 1422 una

186 1464 265 1528 mihi
287 1472 397 1548 totque
421 1462 578 1527 malorum
601 1460 702 1525 breve
727 1459 890 1524 solamen’.
920 1460 1037 1545 quibus
1061 1461 1176 1525 similia
1197 1463 1231 1524 in
1247 1460 1392 1526 Senecae
1414 1461 1589 1546 tragoediis

109 1606 112 1612 ,
187 1578 309 1650 extant,
334 1566 374 1631 cf.
388 1568 442 1631 Tr.
459 1565 523 1630 462
547 1566 575 1629 ‘o
591 1573 667 1627 nate
684 1616 690 1628 .
710 1617 716 1628 .
735 1616 741 1630 .
759 1585 832 1648 spes
856 1587 922 1629 una
938 1564 1135 1651 Phrygibus,
1158 1566 1255 1629 unica
1278 1566 1430 1630 adflictae
1453 1566 1588 1647 domus',

187 1673 302 1757 766sq.
328 1675 355 1735 ‘o
377 1670 472 1735 dulce
495 1672 623 1756 pignus,
647 1668 782 1733 odecus
804 1669 917 1755 lapsae
941 1668 1078 1733 domus.
1098 1722 1104 1734 .
1124 1671 1321 1753 ‚genetricis
1344 1692 1363 1735 o
1387 1691 1461 1755 spes
1485 1670 1588 1750 vana',

187 1776 302 1861 703sq.
328 1776 470 1839 ‘unicum
493 1774 644 1839 adflictae
660 1772 737 1837 mihi
754 1772 898 1837 solamen
920 1774 975 1837 hic
991 1774 1060 1857 est’,
1085 1773 1172 1837 Med.
1190 1774 1264 1859 945,
1286 1773 1410 1838 Phaed.
1427 1774 1501 1857 267,
1515 1774 1588 1839 578.

290 1880 363 1944 Oct.
385 1878 426 1943 93
440 1901 521 1964 sqq.:
546 1878 616 1941 lieet
639 1879 798 1964 inpratara
822 1877 1015 1964 (Neronem)
1040 1876 1045 1962 Ι
1070 1878 1161 1941 dirae
1179 1878 1302 1963 pudeat
1328 1885 1452 1942 marcere
1479 1880 1590 1957 matria

187 1983 417 2072 (Agrippinae)
441 1985 495 2046 boc
517 1984 682 2068 imperium
705 1982 825 2068 cepisse,
850 1981 918 2045 licet
941 1993 1061 2045 tantam
1083 2004 1196 2045 manae
1216 1993 1312 2046 morte
1333 1983 1493 2068 rependat,
1518 1982 1523 2069 l
1539 1982 1590 2069 fe-

187 2100 233 2152 ret
259 2091 337 2151 banc
366 2088 492 2150 titolum
518 2098 587 2172 post
606 2085 688 2171 fata
720 2098 821 2149 tamea
845 2085 852 2172 Ι
867 2085 994 2170 femina
1024 2086 1114 2171 toaqo
1143 2109 1262 2172 semper
1287 2088 1322 2150 ia
1350 2110 1422 2150 aevo
1447 2087 1590 2173 Braun2)

188 2195 356 2278 scripsisse
386 2201 480 2277 putat
510 2214 597 2273 eum,
633 2192 687 2275 qui
718 2190 803 2254 banc
835 2188 980 2255 fabulam
1011 2193 1199 2275 composuit,
1230 2191 1456 2256 recordantem
1486 2191 1591 2255 Taciti

187 2297 299 2380 verba,
324 2318 408 2381 quae
425 2304 538 2359 extant
554 2294 640 2359 Ann.
660 2295 762 2359 XIIII
777 2296 804 2357 1:
822 2295 1017 2381 flapraatior
1039 2297 1071 2358 ia
1087 2296 1152 2358 dies
1169 2318 1271 2359 amore
1288 2296 1449 2381 Poppaeae
1465 2295 1591 2380 (Nero),

187 2424 265 2486 qaae
287 2452 293 2465 .
316 2448 323 2463 .
347 2448 353 2462 .
373 2400 545 2485 principem
567 2448 574 2462 .
592 2399 748 2485 papillam
771 2410 903 2476 vocaret,
926 2400 981 2483 qai
1002 2400 1096 2462 iureis
1119 2398 1230 2462 alariis
1253 2399 1402 2463 obaoatue
1423 2423 1487 2464 aaa
1502 2400 1592 2463 modo

186 2505 321 2591 imperii,
349 2505 402 2568 secl
425 2504 576 2567 libertatis
600 2505 692 2566 etiam
713 2503 873 2587 iadiperet.
909 2504 995 2588 quod
1019 2502 1169 2588 equidem
1192 2503 1375 2589 praefracte
1399 2526 1491 2589 nego.
1515 2526 1591 2567 nam

188 2630 384 2694 quamquam
406 2611 441 2672 in
463 2616 598 2691 utroque
626 2606 696 2670 loco
721 2606 832 2671 similis
854 2610 939 2671 inest
962 2610 1130 2687 sententia,
1154 2609 1188 2672 id
1211 2618 1280 2671 tum
1303 2606 1433 2673 demum
1457 2608 1592 2673 alicuius

186 2715 343 2778 momenti
364 2715 433 2795 erit,
458 2714 484 2775 si
500 2709 661 2775 constabit
675 2710 835 2775 Octaviae
860 2714 1052 2795 scriptorem
1075 2735 1133 2776 sua
1157 2734 1199 2775 ex
1214 2712 1328 2777 Tacito
1344 2712 1498 2777 hausisse.
1524 2712 1592 2795 sed,

186 2819 248 2882 nisi
270 2817 372 2900 fallor,
396 2818 516 2902 optimo
539 2817 609 2880 iure
634 2814 829 2880 contendere
853 2837 1022 2902 possumus
1046 2838 1119 2879 eum
1143 2837 1227 2901 quae
1248 2818 1318 2901 ipse
1341 2816 1502 2881 sentiebat
1524 2839 1592 2902 pro-

187 2925 361 2989 nuntiasse.
408 2920 577 3004 versibus,
592 2922 646 3005 qui
673 2919 781 3005 paullo
806 2930 880 3006 post
902 2920 978 2984 inde
1001 2919 1044 2983 ab
1069 2922 1245 2984 centesimo
1268 2930 1431 3005 secuntur,
1455 2919 1594 2985 Octavia

186 3026 272 3091 mala
295 3048 354 3089 sua
376 3032 559 3089 enumerat:
592 3025 724 3089 Tacitus
748 3023 833 3088 Ann.
854 3023 959 3088 XIIII
979 3024 1021 3087 63
1050 3026 1163 3109 paucis
1193 3026 1345 3087 miseram
1376 3027 1444 3088 eius
1475 3033 1593 3089 sortem

188 3130 426 3216 complectitur,
457 3138 630 3214 postquam
659 3150 731 3191 eam
762 3131 795 3191 in
826 3128 960 3192 exilium
989 3129 1118 3213 pulsam
1149 3150 1219 3191 esse
1249 3130 1405 3191 narravit.
1457 3137 1593 3214 utroque

188 3236 286 3319 igitur
310 3235 381 3298 loco
410 3230 538 3297 Claudii
565 3232 810 3317 Britannicique
839 3232 957 3295 caedes
990 3242 1023 3296 et
1049 3231 1188 3297 Neronis
1215 3231 1375 3296 adulteria
1405 3254 1479 3298 cum
1508 3234 1592 3296 Acte

120 3363 122 3368 ’
188 3337 338 3424 libertai)
366 3346 399 3401 et
424 3338 578 3423 Poppaea
601 3336 724 3402 Sabina
752 3338 923 3400 commissa
950 3346 1190 3401 enumerantur.
1237 3338 1295 3401 sed
1322 3337 1404 3400 baec
1432 3338 1538 3401 omnia
1561 3346 1594 3399 et

188 3445 224 3527 is,
249 3444 304 3527 qui
327 3441 503 3507 Octaviam
527 3444 715 3526 composuit,
744 3450 777 3504 et
799 3441 931 3505 Tacitus
960 3444 1128 3505 occasione
1152 3440 1230 3506 data
1252 3463 1391 3525 urguere
1416 3439 1590 3508 debebant.

189 3550 305 3611 mirum
328 3566 406 3608 sane
430 3553 487 3625 est,
513 3545 598 3629 quod
621 3547 654 3608 in
678 3543 817 3608 Octavia
839 3565 945 3628 neque
967 3543 1029 3608 hoc
1052 3566 1158 3629 neque
1182 3545 1243 3610 alio
1266 3546 1336 3610 loco
1359 3544 1509 3609 adulterii
1533 3547 1591 3608 cri-

190 3652 296 3734 minis,
313 3647 400 3735 quod
414 3649 547 3713 Tacitus
562 3650 662 3713 refert
678 3649 777 3733 (Ann.
792 3648 895 3713 XIIII
911 3650 954 3713 60
964 3650 1028 3735 sq.)
1046 3651 1219 3715 confictum
1236 3672 1317 3733 esse,
1332 3658 1369 3714 ut
1383 3652 1469 3714 iusta
1484 3672 1591 3731 causa,

295 3827 303 3858 ¹
335 3826 375 3875 Cf.
415 3828 479 3874 ‚26.

295 3826 317 3977 Β)
336 3912 373 3961 Oi.
395 3843 420 3975 T
440 3914 481 3973 44,
501 3912 547 3960 ubi
571 3912 637 3960 haec
661 3911 792 3977 disputat:
818 3912 889 3961 ‘Wie
911 3928 973 3961 vom
991 3911 1063 3961 Verf.
1083 3912 1130 3961 der
1148 3912 1261 3961 Octavia
1284 3912 1442 3976 dargestellt
1464 3913 1508 3975 ist,
1531 3912 1592 3960 dass

190 4000 261 4050 Nero
280 3999 336 4049 sich
359 4000 406 4049 der
423 4014 476 4048 von
495 3998 642 4064 Agrippina
664 3998 719 4048 ihm
738 3998 916 4049 verschafften
936 3999 1093 4049 Herrschaft
1111 3999 1219 4049 sohtime
1242 3999 1297 4048 und
1317 4000 1465 4063 Agrippina
1486 3998 1530 4047 fur
1547 3998 1590 4046 ihr
1673 4007 1674 4010 ’

191 4086 334 4137 Geschenk
357 4088 405 4134 mit
428 4086 486 4135 dem
505 4086 581 4134 Tode
604 4085 749 4150 gleichsam
773 4085 885 4135 belohnt
908 4085 981 4147 wird,
1005 4101 1034 4135 so
1053 4085 1119 4135 wird
1143 4101 1171 4135 er
1195 4085 1263 4134 nach
1281 4086 1392 4135 Tacitus
1415 4084 1592 4149 Darstellung
1673 4093 1674 4136 i

191 4173 318 4236 dadurch,
337 4173 396 4222 dass
414 4172 469 4221 ihm
488 4188 541 4221 ron
554 4173 680 4237 Poppaea
698 4173 773 4221 seine
791 4172 987 4223 besch‘amende
1005 4171 1157 4237 abbiingige
1171 4171 1295 4236 Stellung
1308 4171 1475 4237 Agrippinen
1493 4186 1591 4237 gogon-

191 4262 257 4311 iiber
276 4262 382 4325 gezoigt
399 4259 473 4320 wird,
493 4259 599 4308 endlich
619 4274 679 4307 zum
699 4259 893 4309 Muttermorde
911 4258 1068 4321 gettieben’

259 4356 260 4359 ’
296 4348 318 4413 ³)
336 4346 464 4397 Versibus
485 4348 533 4395 104
543 4363 581 4411 sq.
605 4364 635 4395 ac
652 4362 722 4396 meae
737 4348 741 4411 Ι
756 4347 867 4396 subiecta
882 4346 1002 4410 sanatae
1024 4347 1078 4395 lace
1099 4362 1150 4394 aaa
1170 4352 1248 4409 prata
1264 4347 1346 4409 fruor
1368 4345 1454 4395 Acten
1478 4344 1593 4395 Neronis
1673 4363 1674 4366 ¹

192 4434 315 4483 libertam
334 4435 430 4499 respici
452 4438 525 4497 puto,
552 4435 616 4497 quia
633 4433 785 4499 Poppaeam
805 4433 932 4483 Sabinam
952 4434 1066 4483 Octavia
1084 4433 1173 4482 dicere
1191 4448 1245 4482 non
1263 4434 1351 4498 potuit
1369 4431 1498 4482 famulam
1515 4448 1591 4483 suam

193 4536 263 4584 esse;
289 4521 357 4573 adde
376 4522 448 4586 quod
465 4538 490 4571 v.
506 4523 553 4570 125
573 4520 688 4587 legimus
707 4520 778 4571 adice
796 4522 836 4571 bie
854 4524 992 4585 superbam
1006 4521 1129 4584 paelicem
1142 4560 1167 4573 ..
1183 4538 1197 4583 ‚3
1216 4520 1294 4571 malis
1312 4522 1394 4586 igitur
1411 4522 1465 4570 iam
1483 4534 1592 4570 enume-

193 4610 257 4657 ratis
275 4608 379 4659 accedit
397 4608 524 4674 Poppaea
542 4608 648 4658 Sabina.
