3392 5067
1434 254 1475 318 22

77 447 218 511 Neronis
241 447 440 535 temporibus
462 449 592 512 vixisse.
640 447 698 511 sed
720 456 810 512 recte
832 447 967 533 Vater1)
992 446 1156 531 Scaligero
1179 456 1212 511 et
1234 447 1358 511 Rittero
1381 467 1478 532 oppo-

79 553 144 615 suit
167 561 283 617 ornatu
309 554 437 637 poetico
460 552 606 617 detracto
629 550 707 616 nihil
729 554 762 615 in
791 552 959 636 tragoedia
982 575 1151 638 superesse
1179 562 1308 637 praeter
1330 549 1478 635 vulgaria

79 666 112 719 et
135 658 211 719 trita
233 657 296 720 nisi
311 656 397 740 quod
421 665 546 721 cometa
568 656 621 719 ille
637 655 753 740 plagae
776 655 1030 741 septemtrionali
1045 656 1280 739 adsignaretur.
1320 678 1403 742 quae
1425 677 1478 718 res

80 761 211 824 maioris
228 765 380 827 momenti
396 772 492 846 esset,
516 761 578 825 nisi
601 760 689 846 apud
706 762 866 827 Senecam
883 761 1016 841 Quaest.
1033 771 1098 826 nat.
1116 761 1181 826 VII
1196 762 1232 825 21
1262 762 1342 825 haec
1358 762 1479 845 legere·

80 887 167 929 mus:
200 868 270 931 ‘sex
292 865 457 931 mensibus
480 867 533 930 hic
554 866 717 952 (cometa),
743 888 838 950 quem
862 888 920 929 nos
935 866 1073 930 Neronis
1097 867 1281 951 principatu
1303 865 1479 929 laetissimo

80 970 223 1033 vidimus
247 972 461 1057 spectandum
485 992 519 1034 se
542 970 702 1056 praebuit,
730 972 763 1033 in
786 969 952 1034 diversum
979 970 1023 1034 illi
1047 969 1226 1035 Claudiano
1249 973 1478 1033 circumactus:

81 1073 134 1137 ille
157 1077 244 1140 enim
259 1099 280 1140 a
294 1078 524 1161 septemtrione
547 1077 580 1138 in
595 1075 752 1138 verticem
777 1096 912 1159 surgens
929 1077 1083 1138 orientem
1109 1077 1201 1160 petiit
1224 1096 1351 1161 semper
1367 1074 1478 1139 obscu-

81 1180 156 1260 rior,
181 1178 235 1242 hic
257 1179 300 1244 ab
324 1180 440 1244 eadem
463 1189 555 1266 parte
579 1180 694 1266 coepit,
720 1180 777 1243 sed
800 1182 833 1243 in
862 1180 1064 1244 occidentem
1087 1181 1224 1244 tendens
1247 1180 1289 1244 ad
1312 1178 1480 1243 meridiem

82 1283 174 1348 flexit
191 1294 223 1348 et
245 1285 291 1350 ibi
308 1308 342 1349 se
358 1284 517 1350 subduxit
540 1283 649 1348 oculis'
674 1294 706 1347 et
722 1282 788 1347 VII
804 1284 860 1347 29:
885 1286 979 1348 ‘intra
1002 1294 1130 1349 sextum
1153 1307 1296 1349 mensem
1313 1284 1480 1349 dimidiam

84 1387 163 1451 caeli
186 1398 312 1473 partem
335 1390 528 1453 transcurrit
549 1388 603 1451 hic
626 1389 791 1474 proximus
815 1387 980 1475 (cometa),
1008 1412 1028 1452 a
1051 1391 1280 1475 septemtrione
1302 1398 1407 1453 motus
1431 1391 1479 1452 sui

84 1494 210 1556 initium
225 1492 321 1557 fecit.
336 1543 342 1557 .
358 1493 374 1558 .'
399 1492 558 1558 Octaviae
575 1495 712 1578 scriptor
728 1494 825 1577 igitur
837 1516 922 1578 quae
939 1493 980 1557 de
997 1503 1122 1558 cometa
1137 1495 1282 1558 narravit
1297 1517 1340 1558 ex
1355 1495 1480 1558 Seneca

84 1597 212 1661 haurire
227 1599 345 1682 potuit,
370 1619 566 1683 quamquam
583 1597 644 1662 hoc
661 1607 749 1662 certe
764 1600 834 1662 veri
850 1598 953 1663 simile
969 1621 1032 1662 non
1048 1608 1106 1662 est.
1138 1599 1224 1684 quod
1240 1621 1318 1662 vero
1334 1597 1479 1680 Braun2)

83 1702 124 1765 ad
148 1701 207 1765 hos
223 1724 341 1787 eosque
358 1705 412 1787 qui
428 1704 576 1787 proxime
593 1712 746 1767 secuntur
761 1725 875 1768 versus
892 1702 1023 1789 atoma
1041 1726 1103 1788 pro
1126 1726 1240 1767 summ
1262 1705 1390 1790 peri-iter,
1418 1703 1481 1766 tela

84 1830 137 1868 cur
155 1806 291 1892 frastra
313 1807 392 1872 iacis
417 1808 422 1893 Ι
445 1808 562 1871 increta
585 1809 694 1871 totiens
721 1818 829 1872 temere
850 1807 953 1893 repuli
974 1830 1068 1871 manu
1095 1807 1269 1894 adscripsit
1291 1809 1369 1872 Tac.
1393 1807 1479 1872 Ann.

83 1910 186 1973 XIIII
205 1909 245 1974 12
261 1920 294 1975 et
308 1911 360 1989 22,
385 1932 521 1996 quorum
537 1914 643 1996 priore
660 1912 731 1977 loco
751 1911 901 1997 prodigia
916 1921 990 1996 post
1006 1912 1208 1999 Agrippinae
1224 1923 1359 1976 mortem
1383 1912 1480 1995 faeta,

84 2015 185 2079 altero
210 2030 337 2079 cometa
359 2015 412 2079 ille
436 2026 666 2093 memorantur,
691 2025 758 2080 tota
781 2016 966 2101 similitudo,
991 2038 1073 2101 quac
1096 2017 1142 2081 illi
1164 2019 1248 2081 inter
1271 2015 1427 2082 Octaviae
1451 2026 1482 2080 et

85 2119 190 2183 Taciti
212 2119 300 2184 locos
323 2120 527 2184 intercedere
541 2120 724 2202 videbatur,
748 2122 780 2183 in
802 2142 839 2185 eo
862 2122 967 2206 posita
989 2130 1047 2204 est,
1072 2120 1157 2206 quod
1181 2121 1314 2186 eaedem
1336 2143 1388 2185 res
1411 2143 1481 2186 nar-

84 2231 205 2286 rantur.
245 2223 285 2288 do
312 2225 491 2289 imitatione
521 2247 561 2288 ne
590 2224 799 2307 cogitandum
822 2223 954 2309 quidem
980 2236 1038 2288 est.
1078 2248 1154 2290 nam
1177 2248 1224 2302 ea,
1250 2247 1333 2310 quae
1359 2225 1481 2311 profert

83 2326 243 2393 Octaviae
267 2330 415 2413 scriptor,
440 2352 482 2393 ex
504 2329 610 2393 Taciti
634 2329 723 2393 libris
747 2351 826 2414 quos
851 2350 910 2393 nos
933 2329 1091 2393 habemus
1114 2330 1242 2393 haurire
1266 2332 1394 2394 omnino
1417 2351 1481 2392 non

83 2433 199 2517 potuit,
223 2435 308 2517 quia,
333 2433 420 2518 qnod
444 2435 508 2498 iam
531 2433 680 2515 vidimus,
709 2434 754 2498 ibi
777 2455 841 2497 non
865 2442 987 2498 extant.
1033 2436 1142 2519 itaque
1165 2434 1218 2498 hie
1241 2455 1369 2520 quoque
1391 2433 1482 2497 locus

83 2546 195 2601 eontra
218 2538 396 2603 Braunium
419 2538 505 2603 facit.
550 2559 655 2623 neque
679 2547 810 2622 poetam
835 2561 876 2601 ex
901 2538 1045 2603 Senecae
1069 2539 1197 2623 seriptis
1220 2562 1279 2603 sua
1301 2547 1482 2603 mutuatum

83 2664 154 2705 esse
181 2645 252 2705 veri
279 2641 383 2706 simile
406 2652 464 2709 est.
503 2652 639 2707 noverat
665 2642 717 2707 ille
744 2642 877 2727 quidem
905 2663 983 2706 sane
1007 2642 1150 2706 Senecae
1174 2665 1282 2727 opera,
1310 2653 1346 2707 nt
1372 2652 1485 2728 postea

84 2745 278 2811 videbimus.
307 2747 440 2812 sedeur
460 2768 581 2833 quaeso
602 2756 781 2811 statuamus
806 2768 881 2811 enm
904 2747 985 2811 haec
1008 2746 1090 2811 libro
1114 2749 1190 2810 satis
1210 2746 1317 2832 amplo
1340 2746 1483 2832 perlecto

84 2852 193 2936 potius
217 2854 412 2937 comperisse
434 2874 532 2938 qnam
552 2861 608 2915 aut
629 2853 695 2915 suis
716 2850 817 2915 oculis
836 2850 959 2915 vidisse
980 2861 1036 2915 aut
1057 2852 1146 2915 fama
1168 2853 1297 2934 cognita
1320 2850 1482 2916 habuisse.

190 2954 262 3020 Oct.
287 2955 348 3020 257
359 2977 427 3041 sqq.
453 2965 485 3021 et
507 2956 586 3021 Tac.
611 2956 696 3019 Ann.
720 2954 771 3018 XI
787 2956 831 3019 34
853 2955 1048 3019 Messalinae
1070 2955 1267 3040 flagitiorum
1289 2957 1409 3018 mentio
1433 2954 1484 3034 fit3

84 3060 201 3123 artiore
217 3069 326 3125 autem
342 3060 471 3124 vinculo
486 3060 519 3123 hi
542 3058 604 3124 loci
619 3062 702 3123 inter
718 3082 752 3123 se
768 3082 833 3124 non
848 3068 924 3123 sunt
939 3060 1111 3123 coniuncti.
1142 3082 1217 3124 cum
1234 3059 1308 3122 Oct.
1325 3060 1389 3122 262
1402 3079 1483 3142 sqq.:

81 3163 133 3225 illi
146 3163 252 3227 soluta
267 3165 351 3227 crine
368 3164 520 3227 succincta
537 3162 690 3248 crepitibus
710 3162 714 3249 Ι
734 3162 834 3226 ultrice
850 3162 967 3247 Erinys
983 3163 1065 3225 vcriit
1080 3165 1124 3226 ad
1143 3163 1265 3249 Stypios
1282 3174 1364 3226 toros
1384 3161 1388 3247 l
1408 3186 1483 3247 rap-

84 3279 192 3351 tasque
216 3267 362 3331 thalamis
384 3268 536 3351 sanquine
559 3268 694 3331 eatiuait
709 3268 802 3353 faces
818 3267 930 3330 Braun
946 3266 1115 3331 nonnullos
1138 3268 1225 3331 locos
1240 3290 1283 3331 ex
1298 3267 1376 3330 Tac.
1394 3267 1483 3330 Ann.

82 3372 135 3435 XI
148 3371 200 3435 31.
217 3370 269 3435 35.
286 3372 337 3435 37.
356 3371 396 3435 38
421 3372 609 3457 desumptus
630 3374 817 3456 composuit,
843 3372 961 3457 quibus
977 3371 1172 3435 Messalinae
1195 3374 1302 3435 exitus
1323 3380 1483 3435 narratur.

83 3484 180 3561 putat
200 3478 386 3558 enimcum,
410 3478 465 3561 qui
481 3500 535 3539 vv.
553 3476 616 3539 262
629 3498 675 3561 sq.
694 3478 833 3560 scripsit,
851 3475 1070 3539 ‘simulacrum
1086 3476 1165 3540 illud
1182 3474 1374 3560 vindemiae,
1398 3476 1485 3559 quod

83 3580 263 3644 Messalina
286 3580 393 3665 paullo
415 3591 492 3645 ante
516 3580 650 3645 caedem
673 3602 764 3644 suam
792 3601 853 3664 per
876 3580 1009 3643 domum
1033 3579 1269 3665 celebrabat',³)
1292 3580 1485 3665 respexisse,

81 3684 173 3769 quod
196 3685 348 3773 equidem
371 3707 434 3749 non
458 3685 567 3766 video,
599 3707 675 3750 nam
697 3686 729 3747 in
753 3683 910 3749 furiarum
934 3684 1151 3769 descriptione
1178 3683 1258 3748 nihil
1281 3686 1374 3766 inest,
1399 3685 1486 3769 quod

82 3791 185 3852 miros
208 3811 267 3852 nos
290 3788 411 3853 habere
434 3791 545 3875 possit,
577 3811 682 3875 neque
705 3789 880 3853 Messalina
906 3790 978 3873 ipsa
1005 3790 1037 3851 in
1061 3787 1200 3853 Octavia
1223 3790 1333 3853 ‘ultrix
1356 3789 1484 3874 Erinys’

81 3892 280 3974 nominatur,
306 3894 392 3977 quod
408 3895 519 3959 Braun
535 3894 710 3959 arbitratus
727 3904 785 3976 est,
803 3895 907 3979 quiin
924 3915 954 3958 v.
972 3892 1037 3955 262
1052 3892 1167 3957 falsam
1175 3892 1200 3979 ⁴)
1224 3893 1373 3958 codicum
1389 3894 1486 3979 serip-

192 4118 213 4184 ¹)
232 4120 271 4170 Cf.
290 4137 315 4185 p.
330 4122 378 4170 601
391 4138 429 4186 sq.

192 4206 414 4273 Mffipfflm

191 4294 213 4357 ³)
233 4293 273 4343 Gt.
293 4294 356 4344 Tac.
376 4296 446 4345 Ann.
465 4296 544 4345 xlal
566 4297 690 4347 ‘feminae
709 4296 825 4362 pellibus
844 4298 983 4346 accinctae
1001 4295 1172 4346 adsultabant
1187 4335 1192 4345 .
1207 4335 1212 4344 .
1226 4334 1232 4344 .
1247 4298 1305 4360 ipsa
1324 4298 1397 4346 crine
1407 4298 1487 4359 fluxo,

78 4384 209 4447 thyrsum
229 4383 370 4446 quatiens)

192 4467 215 4532 ⁴)
232 4468 397 4520 Adverbium
416 4472 481 4522 ‘illo'
500 4474 621 4537 ineptum
641 4478 689 4534 est,
710 4474 774 4537 quia
792 4478 921 4521 secuntur
932 4471 1016 4520 verba
1034 4472 1076 4520 ‘ad
1089 4472 1196 4536 Stygios
1209 4472 1298 4533 toros'3
1317 4476 1411 4520 contra
1422 4470 1487 4520 ‘illo'

79 4560 108 4607 in
130 4554 193 4604 ‘illi'
213 4562 316 4607 mutato
335 4559 497 4609 Messalinae
515 4560 599 4624 ipsius
619 4560 719 4609 mentio
739 4560 878 4626 aptissima
896 4563 944 4607 est.
975 4557 1043 4607 adde
1063 4558 1133 4623 quod
1151 4560 1180 4607 in
1199 4557 1275 4608 codd.
1293 4556 1317 4606 A
1335 4559 1490 4623 saepissime

79 4647 291 4699 terminationes
311 4652 491 4698 commutatae
511 4652 580 4696 sunt.
