3392 5067
346 205 471 269 328

347 417 432 459 ex
486 395 611 458 hac
672 396 894 460 tabula
938 397 1006 459 id
1051 397 1417 462 redundare
1451 396 1711 461 videtur
1756 399 2122 488 iamborum
2165 421 2352 463 usum
2402 400 2526 462 sibi
2572 398 2708 463 fere
2756 403 3137 478 constitisse,

348 501 398 561 si
448 501 739 583 excipias
771 500 1009 563 Eubuli
1030 501 1078 585 ¹)
1126 510 1191 564 et
1221 499 1611 564 Philemonis
1657 502 1982 587 reliquiaS,
2031 524 2192 588 quas
2238 502 2561 567 excellere
2609 504 2886 590 simplici
2932 507 3138 568 trime-

346 612 590 666 trorum
651 612 973 667 structura
1034 626 1115 667 ex
1176 603 1315 667 aliis
1379 627 1635 691 quoque
1697 605 1893 670 rebus
1952 595 2420 691 intellegemus⁸
2515 629 2660 672 cum
2715 617 2928 672 autem
2990 611 3140 672 iam-

345 706 578 770 borum
623 730 891 772 numero
938 729 1066 771 non
1114 708 1497 794 explicetur,
1542 732 1659 773 cur
1700 711 1971 796 spondei
2010 713 2200 796 primi
2240 711 2426 797 pedis
2467 714 2742 776 rariores
2786 712 2964 795 fiant,
3011 714 3140 775 iam

347 809 685 875 videamus
733 812 813 875 de
859 811 1135 906 pedibus
1181 812 1555 898 trisyllabis,
1642 817 1848 899 primo
1894 817 1961 878 in
2007 815 2173 901 pede
2222 814 2428 901 pedes
2473 815 2791 900 trisyllabi
2838 817 3144 900 leguntur

344 913 409 976 in
458 917 745 979 centenis
795 915 1123 980 versibus:

1340 1196 1374 1246 d
1857 1155 2004 1205 tribr.
2289 1155 2436 1205 tribr.

1229 1210 1336 1261 ὅρη
1776 1247 1831 1291 et
1865 1240 2063 1306 dactyl.
2189 1242 2326 1292 dact.
2362 1258 2519 1308 anap.

947 1420 1308 1485 Antiphanem
1369 1461 1659 1473 .....
1892 1424 1975 1473 7·5
2292 1423 2410 1473 18·5

945 1505 1383 1558 Anaxandridem
1439 1547 1450 1557 .
1510 1549 1520 1559 .
1579 1549 1590 1559 .
1649 1549 1660 1560 .
1893 1512 1976 1559 7·6
2290 1513 2409 1560 21·ss

877 1576 882 1580 ’
950 1591 1225 1642 Eubulum
1303 1633 1661 1647 ......
1891 1599 1972 1646 9·1
2291 1598 2408 1646 21·7

950 1678 1231 1729 Alexidem
1303 1719 1660 1732 ......
1859 1684 1976 1732 14·4
2290 1685 2409 1732 26·7

948 1765 1245 1815 Timoclem
1299 1805 1658 1819 ......
1859 1771 1975 1818 10·4
2290 1771 2409 1818 234

947 1858 1087 1916 poet.
1128 1855 1253 1901 min.
1292 1853 1430 1903 med.
1469 1870 1603 1905 com.
1650 1895 1659 1904 .
1859 1857 1974 1905 12·2
2291 1857 2409 1904 24'9

947 1938 1319 1989 Philemonem
1372 1978 1658 1990 .....
1859 1943 1923 1989 14
2289 1944 2408 1990 24·2

947 2025 1227 2089 Diphilum
1300 2066 1659 2078 ......
1861 2029 1973 2077 14·7
2291 2032 2410 2078 272

948 2112 1301 2163 Menandrum
1367 2152 1659 2164 .....
1860 2117 1972 2163 14·1
2292 2118 2410 2165 228

948 2205 1089 2262 poet.
1128 2201 1257 2248 min.
1295 2216 1417 2250 nov.
1456 2216 1589 2250 com.
1650 2241 1659 2250 .
1860 2202 1974 2250 15·9
2292 2205 2410 2251 31·ss

346 2378 526 2440 vides
574 2380 777 2461 primo
824 2380 889 2440 in
936 2378 1101 2463 pede
1152 2380 1583 2464 spondeorum
1631 2404 1972 2445 numerum
2019 2381 2417 2464 decrescere,
2475 2383 2626 2468 quia
2685 2403 2992 2447 numerus
3038 2405 3148 2469 pe·

346 2483 502 2545 dum
557 2483 907 2546 solutorum
963 2482 1085 2546 hoc
1140 2485 1206 2547 in
1262 2485 1428 2569 pede
1476 2484 1786 2569 paulatim
1834 2487 2076 2572 utique,
2125 2487 2241 2550 sed
2290 2497 2661 2550 constanter
2708 2489 2842 2550 fere
2891 2489 3144 2552 crescit.

343 2608 471 2670 qua
534 2589 599 2651 in
653 2610 723 2650 re
777 2586 845 2649 id
900 2609 1099 2652 unum
1154 2612 1446 2673 premam
1510 2611 1590 2652 ne
1654 2591 1828 2675 apud
1894 2592 2173 2655 comicos
2229 2589 2495 2676 quidem
2551 2601 2776 2676 poetas
2834 2614 3148 2676 umquam

346 2691 583 2776 pedem
629 2692 903 2756 alterum
948 2702 1061 2757 aut
1108 2703 1408 2777 quartum
1453 2695 1808 2779 spondeum
1855 2698 2164 2781 recipere.
2246 2718 2410 2780 quac
2458 2718 2562 2758 res
2609 2704 2746 2760 tam
2792 2705 2944 2760 nota
2989 2705 3149 2759 tam-

345 2818 469 2880 que
533 2808 710 2860 certa
772 2806 886 2878 est,
949 2806 1020 2859 ut
1074 2796 1290 2861 facere
1352 2822 1478 2861 non
1534 2801 1795 2883 possim,
1854 2803 2009 2883 quin
2065 2800 2368 2883 profitear
2437 2822 2538 2865 me
2596 2801 2954 2864 adtonitum
3011 2800 3148 2863 fere

347 2902 563 2984 fuisse,
628 2924 775 2964 cum
828 2901 1147 2984 legissem,
1207 2902 1378 2987 quod
1435 2902 1822 2990 Chaignet2)
1886 2904 2007 2967 sibi
2061 2906 2386 2968 invenisse
2452 2905 2727 2989 videtur,
2782 2905 3149 2969 trimetrum

350 3005 709 3089 spondeum
757 3005 1095 3070 admittere
1142 3009 1205 3070 in
1254 3007 1407 3071 sede
1454 3019 1701 3092 quarta.
1796 3008 1958 3070 haec
2005 3010 2175 3072 enim
2222 3009 2378 3072 dicit
2425 3032 2486 3092 p.
2542 3008 2694 3071 181:
2759 3013 2861 3072 ‘on
2919 3018 3151 3072 trouve

354 3110 719 3192 cependant
749 3132 837 3172 un
872 3112 1154 3194 spondee
1188 3134 1270 3173 au
1302 3112 1658 3197 quatrieme
1690 3110 1843 3195 pied
1878 3111 2040 3183 dans
2073 3111 2132 3174 le
2169 3135 2313 3176 vers
2347 3113 2529 3198 (Eur.
2559 3113 2770 3198 Iphig.
2799 3112 2946 3176 Aul.
2988 3112 3147 3198 404)

1063 3276 1230 3341 αἰαῖ·
1272 3273 1497 3362 φίλους
1557 3272 1655 3358 ἄρ’
1687 3275 1829 3357 οὐχὶ
1880 3279 2192 3362 κεκτήμην
2236 3278 2432 3356 τάλας

1048 3399 1510 3462 ,ΛΨ-ιυ
1599 3396 1785 3462 -l-
1902 3398 2366 3466 -1--lv-

351 3545 413 3596 et
458 3535 651 3621 paulo
698 3546 868 3621 post:
920 3539 1111 3600 ‘aussi
1162 3558 1235 3598 ce
1280 3557 1428 3599 vers
1475 3536 1636 3600 a-t-il
1682 3536 1829 3601 subi
1875 3546 2084 3601 toutes
2133 3547 2332 3601 sortes
2382 3539 2462 3601 de
2511 3539 2892 3620 restitution,
2942 3549 3152 3603 metro

348 3641 631 3724 iubente,
695 3662 944 3704 comme
1006 3662 1087 3704 on
1153 3640 1285 3703 dit’.
1381 3662 1576 3724 quam
1638 3663 1774 3704 rem
1839 3629 2141 3726 equidem
2200 3645 2484 3727 reperire
2551 3665 2677 3706 non
2733 3644 2939 3728 potui3
2995 3664 3152 3708 nam

354 3755 664 3830 quantum
727 3747 855 3807 scio
909 3754 1167 3828 praeter
1217 3745 1671 3828 Hartungium,
1737 3749 1845 3830 qui
1901 3748 2157 3832 scripsit
2202 3751 2316 3811 οὐκ
2359 3748 2726 3836 ἐκεκτήμην,
2789 3769 2978 3810 nemo
3024 3747 3152 3811 hoc

352 3852 415 3911 in
465 3871 654 3911 versu
701 3857 965 3932 propter
1011 3859 1290 3913 metrum
1336 3847 1576 3932 aliquid
1625 3850 2005 3914 mutandum
2055 3873 2193 3913 esse
2243 3853 2510 3915 censuit.
2575 3852 2769 3914 immo
2819 3850 3151 3934 spondeus

355 3955 607 4016 omnino
657 3953 777 4013 hoc
823 3952 961 4015 loco
1010 3975 1137 4015 non
1184 3952 1396 4032 adest3
1437 3976 1589 4016 nam
1637 3956 1816 4017 vocis
1862 3952 2005 4036 οὖχί
2049 3955 2290 4018 vocalis
2337 3979 2360 4019 ι
2407 3978 2534 4018 non
2578 3963 2650 4018 ut
2696 3981 2737 4035 ι,
2781 3955 2951 4041 quod
2995 3956 3151 4019 dici-

354 4067 457 4120 tur
503 4057 832 4136 ὃεικτικόν,
876 4056 1086 4139 longa,
1141 4057 1255 4120 sed
1303 4057 1599 4121 omnibus
1645 4058 1837 4140 locis„
1870 4061 1978 4144 qui
2024 4070 2170 4121 sunt
2219 4061 2518 4143 sescenti,
2568 4058 2788 4123 brevis
2835 4069 2951 4146 est.
3030 4061 3150 4124 sed

565 4319 605 4380 ¹)
645 4317 799 4378 Quod
834 4321 939 4366 iam
966 4318 1145 4383 Bergk
1182 4299 1363 4381 sensit,
1402 4321 1493 4383 qui
1530 4321 1585 4367 in
1623 4319 1743 4368 hist.
1781 4320 1885 4370 litt.
1916 4321 2003 4370 Gr.
2033 4322 2158 4383 1111,
2185 4338 2234 4386 p.
2266 4325 2362 4371 163
2401 4322 2467 4371 de
2505 4337 2568 4371 ea
2604 4337 2662 4370 re
2699 4322 2857 4370 dixitz
2897 4321 3007 4371 ‘der
3034 4322 3149 4370 Tri-

355 4412 522 4454 meter
559 4406 627 4452 ist
664 4405 799 4453 nach
839 4405 931 4453 der
968 4413 1220 4470 strengen
1255 4405 1443 4470 Regel,
1481 4407 1582 4454 wie
1621 4405 1709 4455 bei
1746 4406 1960 4456 keinem
1999 4409 2234 4458 anderen
2272 4408 2532 4466 Komiker
2568 4408 2800 4473 gebaut’.

568 4491 609 4555 2)
649 4491 845 4540 ‘Essais
875 4492 939 4541 de
968 4490 1231 4556 matrique
1272 4492 1530 4556 Grecque.
1582 4492 1661 4541 Le
1694 4509 1816 4543 vers
1852 4495 2160 4560 iambique',
2196 4497 2290 4560 qui
2326 4495 2462 4544 liber
2498 4497 2553 4543 in
2592 4495 2770 4544 lucem
2809 4495 3031 4544 emissus
3069 4501 3155 4544 est

355 4579 573 4628 Parisiis
609 4577 1179 4630 MDCCCLXXXVII.
