3392 5067
1477 265 1536 327 181

245 453 382 537 Propius
406 451 448 515 ad
472 452 627 516 eiusmodi
650 452 737 517 locos
761 475 800 516 ca
823 455 989 517 enuntiata
1012 454 1181 538 accedunt,
1209 455 1318 519 ubist
1342 477 1414 519 cum
1439 465 1538 541 opta-

84 580 87 586 ·
140 560 219 622 tivo
244 559 458 640 coniungitur,
487 560 678 643 praesertim
702 561 728 621 si
753 560 956 623 enuntiatum
983 560 1210 622 secundarium
1238 561 1420 645 praecedit,
1449 561 1539 624 velut

141 661 290 747 Xenopb.
315 661 345 743 2,
363 661 461 746 Ῑεηη.
488 656 557 726 ἀλλ’
579 663 610 726 εί
631 664 688 746 μὲν
709 671 861 750 ταχυτῆτι
884 663 995 728 ποδῶν
1017 661 1104 750 νίκην
1125 686 1174 741 τις
1196 664 1306 748 άροιτο
1327 664 1331 749 )
1350 665 1370 753 λ)
1392 670 1538 731 πενταθ-

140 767 247 848 λεύων,
279 762 361 833 ἔνθα
388 769 465 843 Διὸς
491 764 620 852 τέμενος
643 766 647 851 Ι
668 769 738 854 ’πάρ
769 766 881 832 Πίσαο
912 771 985 852 ῥοῇς
1014 768 1047 830 ἒν
1070 763 1245 855 Ὀλυμπίῃ,
1276 766 1340 834 εἴτε
1370 768 1535 854 παλαίων)

140 869 235 957 ήκαί
257 871 456 956 πυκτοσύνην
483 870 690 954 ἀλγινόεσσαν
716 866 805 951 ἔχων,
831 869 835 955 Ι
860 870 923 935 εἴτε
950 874 987 935 τὸ
1016 871 1117 936 δεινὸν
1144 871 1273 952 δίεθλον,
1302 870 1319 937 ὃ
1342 877 1539 959 παγκράτιον

140 974 315 1055 καλέουσιν,
341 975 345 1060 l
370 972 517 1040 άστοῖσίν
541 969 571 1038 κ’
593 974 642 1060 εἴη
669 975 856 1061 κυδρότερος
883 982 1056 1060 προσορᾶν,
1087 977 1120 1037 in
1148 996 1210 1059 quo
1242 974 1337 1059 longo
1365 976 1538 1041 verborum

141 1077 265 1143 ambitu
295 1077 527 1164 particularum
555 1080 690 1142 variatio
721 1078 939 1142 memorabilis
973 1088 1030 1141 est.
1077 1078 1118 1142 de
1148 1079 1280 1164 reliquis
1311 1089 1417 1144 autem
1448 1080 1537 1162 locis,

140 1185 172 1247 in
195 1181 313 1267 quibus
336 1185 499 1268 optativus
525 1182 653 1266 legitur,
681 1205 745 1246 non
773 1192 822 1245 est
846 1205 903 1246 cur
926 1192 1050 1266 agatur,
1078 1185 1139 1245 nisi
1163 1183 1249 1267 quod
1273 1183 1417 1266 Theogn.
1444 1185 1536 1266 1177,

58 1286 59 1289 ’
142 1288 168 1349 si
192 1286 294 1349 verba
315 1286 435 1350 tradita
456 1286 490 1351 εἴ
507 1280 538 1351 κ)
552 1285 618 1373 ε’ίης
641 1283 738 1374 ἔργων
760 1282 899 1373 αἰσχρῶν
922 1290 1056 1373 ἀπαθής
1077 1286 1131 1351 καί
1153 1290 1263 1371 άεργάς
1289 1290 1430 1371 genuina
1453 1299 1536 1370 sunt,

139 1391 174 1455 κε’
197 1389 335 1473 accedit,
358 1400 393 1454 ut
417 1412 514 1474 saepe
538 1392 624 1475 apud
648 1392 835 1471 Homerum,
861 1391 901 1454 de
926 1412 987 1475 quo
1013 1391 1052 1454 cf.
1069 1390 1297 1474 Naegelsbach
1321 1390 1341 1455 l.
1359 1414 1385 1456 c.
1403 1392 1477 1456 adn.
1495 1393 1537 1456 ad

139 1500 178 1559 A
200 1493 242 1558 59
266 1504 298 1557 et
320 1516 391 1557 exc.
412 1494 508 1575 VIII,
540 1496 595 1579 qui
621 1496 809 1580 ceteroquin
837 1494 877 1557 de
906 1517 945 1558 ea
972 1517 1008 1558 re
1037 1497 1227 1558 sententiam
1259 1496 1537 1581 impeditissimam

140 1598 272 1682 protulit
301 1598 399 1662 talem
430 1598 651 1663 condicionem
677 1598 719 1662 ab
748 1598 811 1662 alia
838 1597 1028 1664 condicione
1057 1597 1237 1684 supplenda
1267 1599 1410 1685 pendere
1437 1609 1535 1664 ratus.

140 1703 180 1766 cf.
206 1705 301 1766 etiam
327 1704 405 1766 Hcs.
430 1702 468 1765 fr.
494 1701 651 1766 CCXVII
667 1702 816 1788 (Goettl.)
839 1703 873 1768 εἴ
888 1728 923 1769 κε
943 1707 1052 1768 πάθοι
1071 1706 1112 1767 τά
1131 1698 1161 1766 κ)
1180 1699 1274 1788 ἔρεξε,
1299 1702 1369 1791 δίκη
1392 1700 1421 1769 κ’
1446 1706 1536 1771 ἰθεῖα

138 1805 272 1891 γένοιτο.
310 1809 376 1871 iam
403 1829 508 1891 pauca
535 1808 576 1871 de
604 1806 738 1892 apodosi
770 1806 943 1870 adicienda
973 1816 1055 1871 sunt.
1107 1808 1140 1870 in
1168 1829 1232 1892 qua
1267 1810 1429 1892 optativus
1464 1833 1537 1873 cum

24 1991 28 1998 ι
139 1911 306 1995 particulis
328 1913 377 1996 δίν,
400 1909 453 1975 κέν
468 1913 658 1975 coniunctus
681 1933 752 1974 esse
776 1912 866 1975 solet.
904 1910 1007 1975 sicubi
1024 1932 1081 1975 eae
1097 1911 1276 1996 particulae
1299 1911 1425 1994 desunt,
1450 1922 1536 1997 opta·

139 2017 225 2078 tivus
248 2018 388 2100 optantis
412 2025 458 2078 est
480 2018 628 2101 exceptis
651 2016 797 2101 Theogn.
822 2037 875 2079 vv.
896 2015 966 2097 125,
992 2015 1065 2091 927,
1091 2014 1184 2097 1187,
1210 2015 1250 2078 de
1284 2016 1401 2100 quibus
1424 2040 1455 2101 p.
1475 2016 1535 2079 178

139 2129 247 2183 actum
275 2129 333 2183 est.
378 2129 547 2205 praeterea
574 2122 687 2206 paucis
714 2120 804 2202 locis,
832 2122 860 2183 si
886 2142 938 2183 res
966 2118 1116 2205 postulat,
1145 2120 1340 2183 indicativus
1364 2123 1535 2202 invenitur,

141 2223 229 2287 velut
244 2223 389 2308 Theogn.
409 2224 471 2288 769
480 2246 526 2309 sq.
551 2230 608 2311 χρή
631 2228 775 2291 Μουσῶν
796 2228 987 2311 θεράποντα
1009 2224 1065 2289 καί
1086 2224 1225 2308 άγγελον,
1248 2222 1281 2289 εἴ
1299 2247 1332 2289 τι
1354 2228 1508 2311 περισσὸν
1532 2227 1535 2307 Ι

140 2322 247 2416 εἰδείη,
267 2326 383 2415 σοφίης
403 2334 446 2416 μή
465 2332 627 2415 φθονερὸν
641 2327 797 2409 τελέθειν,
822 2329 909 2413 quod
923 2327 1027 2392 verba
1050 2350 1089 2391 ea
1112 2330 1209 2392 etiarn
1232 2330 1348 2392 omisso
1372 2332 1535 2393 enuntiato

140 2431 353 2496 condicionali
377 2434 443 2496 vim
467 2436 558 2497 suam
582 2432 736 2497 obtinent.

242 2536 525 2601 Coniunctivus
547 2538 581 2600 in
604 2539 778 2601 enuntiatis
802 2536 1078 2600 condicionalibus
1101 2538 1188 2621 apud
1226 2545 1339 2622 poetas
1377 2536 1537 2620 elegiacos

139 2650 206 2726 tam
237 2662 335 2725 saepe
366 2639 434 2705 fere
462 2662 559 2725 quam
592 2641 680 2726 apud
707 2642 887 2705 Homerum
914 2644 1019 2726 ipsum
1048 2639 1213 2725 particulis
1241 2643 1288 2722 άν,
1312 2639 1365 2705 κέν
1392 2662 1456 2705 non
1483 2640 1536 2704 ad-

139 2746 231 2807 iectis
253 2744 380 2830 legitur.
425 2754 500 2809 sunt
522 2754 631 2809 autem
653 2745 717 2809 loci
739 2746 786 2809 hi:
819 2746 911 2829 Tyrt.
936 2745 985 2825 12,
1007 2745 1057 2821 35,
1083 2744 1146 2809 Sol.
1173 2745 1223 2826 13,
1241 2745 1292 2827 29,
1317 2745 1462 2828 Theogn.
1484 2745 1535 2822 93,

141 2836 341 2935 121,199,1)
366 2849 438 2913 321.
485 2848 613 2912 accedit
636 2848 701 2914 Sol.
723 2848 754 2931 4,
780 2848 830 2932 30,
863 2849 919 2913 ubi
946 2848 976 2913 εἰ
997 2847 1053 2913 καί
1076 2858 1179 2928 extat,
1211 2859 1243 2911 et
1273 2857 1442 2933 praeterea
1472 2848 1537 2912 huc

139 2952 312 3017 referenda
335 2963 408 3018 sunt
431 2953 494 3017 duo
518 2955 693 3034 enuntiata,
718 2975 801 3038 quae
824 2976 844 3016 a
866 2951 977 3015 verbis
1000 2948 1068 3017 οὐδ’
1084 2948 1186 3039 (μηδ’)
1211 2952 1240 3015 εἰ
1263 2954 1431 3036 incipiunt,
1456 2952 1535 3016 Call.

143 3057 171 3141 1,
197 3057 237 3121 13
261 3052 329 3122 odd'
347 3059 378 3122 εἰ
400 3066 564 3144 προγόνων
584 3054 605 3144 ᾗ
626 3056 715 3142 γένος
741 3057 947 3142 άθανάτωνλ)
976 3066 1008 3119 et
1031 3055 1177 3139 Theogn.
1202 3054 1274 3119 285.
1320 3065 1420 3119 restat
1454 3079 1537 3119 unus

141 3160 240 3242 locus,
269 3183 332 3246 quo
362 3164 462 3225 invito
492 3161 634 3246 Bergkio
663 3163 904 3226 coniunctivum
936 3159 1144 3223 scribendum
1171 3182 1240 3223 esse
1270 3169 1359 3243 puin,
1390 3160 1535 3243 Theogn.

141 3262 257 3349 627sq.
288 3265 419 3351 αἰσχρόν
440 3288 491 3329 τοι
522 3269 685 3350 μεθύοντα
714 3259 792 3350 παρ’
815 3264 946 3349 ἀνδράσι
978 3266 1096 3351 νήφοσι
1125 3270 1245 3348 μεῖναι,
1277 3265 1407 3347 αἰσχρὸν
1437 3259 1476 3343 δ),
1506 3264 1537 3328 εἰ

140 3371 248 3458 νήφων
262 3374 329 3456 πάρ
349 3373 506 3455 μεθύουσι
525 3367 611 3458 με’νη.
635 3368 748 3453 Bergk
764 3369 848 3432 enim
866 3368 1011 3432 codicem
1026 3368 1055 3452 f
1072 3378 1201 3431 secutus
1218 3367 1270 3453 (A
1286 3366 1371 3451 μένει
1388 3368 1535 3453 praebet)

139 3470 230 3557 μένοι
253 3475 394 3559 scripsit3
428 3473 485 3537 sed
508 3496 613 3559 neque
638 3497 680 3537 ex
706 3475 769 3538 hac
797 3474 967 3557 scriptura,
992 3495 1075 3558 quae
1103 3474 1200 3535 etiam
1227 3494 1287 3556 per
1314 3492 1348 3535 se
1376 3472 1536 3556 displicet,

139 3598 244 3661 neque
260 3600 302 3641 ex
325 3578 502 3643 indicativo
524 3560 612 3664 μένει
635 3581 729 3642 tertia
745 3579 907 3662 scriptura
931 3576 1016 3666 μένῃ,
1042 3598 1126 3661 quae
1150 3577 1238 3663 apud
1261 3576 1434 3641 Stobaeum
1458 3587 1490 3640 et
1504 3580 1537 3642 in

140 3681 252 3745 codice
274 3682 520 3748 Vindobonensi
543 3695 642 3765 extat,
671 3682 828 3768 explicari
852 3692 966 3768 potest.
1004 3685 1086 3765 quae
1111 3703 1184 3746 cum
1207 3684 1253 3745 ita
1276 3685 1339 3745 sint
1362 3690 1394 3743 et
1414 3681 1443 3745 εἰ
1460 3680 1536 3769 με’νη

139 3787 172 3848 in
200 3790 359 3851 sententia
385 3788 527 3871 generali
555 3811 648 3852 suum
674 3787 794 3851 habeat
820 3786 937 3867 locum,
972 3786 1033 3850 hoc
1060 3786 1235 3869 genuinum
1263 3808 1333 3850 esse
1362 3796 1448 3872 put0.
1497 3785 1537 3848 de

140 3889 257 3973 quibus
283 3889 362 3954 locis
390 3892 539 3956 omnibus
566 3892 628 3956 hoc
651 3891 897 3955 memorandum
921 3899 969 3953 est
997 3911 1156 3975 nusquam
1178 3892 1212 3953 in
1235 3890 1370 3974 apodosi
1393 3889 1537 3953 futurum

245 4121 266 4183 ¹)
285 4122 326 4169 Do
342 4120 428 4170 forma
437 4124 560 4185 correpta
572 4121 739 4169 coniunctivi
750 4118 897 4184 (κτήσεται)
918 4146 948 4154 -
969 4119 1043 4168 locus
1056 4120 1127 4167 enim
1141 4118 1185 4166 hic
1198 4124 1250 4167 est:
1275 4121 1299 4167 εἰ
1311 4115 1337 4166 δ’
1351 4116 1451 4174 ἀδίκως
1463 4118 1536 4184 παρὰ

139 4208 236 4274 καιρὸν
255 4208 324 4275 ἀνήρ
338 4248 343 4257 .
359 4248 363 4258 .
382 4244 388 4257 .
409 4204 413 4275 )
432 4206 558 4270 κτήσεται
571 4247 576 4256 .
591 4246 596 4256 .
611 4204 641 4274 ι)
662 4205 758 4257 αὐτίκα
776 4208 831 4273 μέν
849 4223 876 4256 τι
895 4208 990 4273 φέρειν
1007 4203 1101 4273 κέρδος
1120 4203 1199 4255 δοκεῖ
1216 4244 1242 4254 ..
1262 4233 1293 4239 -
1313 4205 1345 4255 cf.
1365 4206 1456 4254 Mimn.
1478 4208 1501 4267 2,
1521 4208 1536 4253 9

140 4300 167 4343 et
185 4296 210 4356 3,
230 4298 243 4343 1
264 4293 501 4361 (παραμείφεται).

244 4381 264 4445 ²)
283 4381 394 4431 Brunck
416 4397 463 4445 pro
487 4382 510 4430 εἰ
533 4380 612 4430 scribi
631 4381 718 4430 voluit
742 4382 782 4443 ἢν.
813 4386 841 4429 at
864 4378 924 4429 οὐδ’
937 4381 970 4443 tir
989 4380 1060 4444 apud
1078 4386 1171 4444 poetas
1190 4378 1324 4443 elegiacos
1342 4394 1473 4443 nusquam
1498 4380 1536 4427 in-

139 4469 255 4529 vonitur,
274 4467 345 4532 apud
364 4468 511 4517 Homerum
530 4473 570 4517 est
582 4470 754 4528 rarissimum.
773 4468 880 4533 quodsi
899 4468 1022 4532 Spituner
1039 4467 1073 4515 ad
1089 4470 1113 4516 Y
1126 4468 1172 4515 101
1192 4467 1302 4515 adnotat
1315 4465 1423 4515 voculas
1443 4462 1502 4515 οὐδ’
1513 4466 1536 4515 εἰ

139 4569 272 4619 nusquam
291 4555 367 4618 sequi
385 4556 597 4615 coniunctium,
617 4553 716 4619 legitur
734 4560 824 4604 tamem
843 4554 891 4603 ille
910 4572 926 4604 α
940 4556 999 4616 204,
1018 4558 1045 4602 et
1063 4559 1202 4619 praeterea
1220 4553 1265 4603 καὶ
1283 4554 1316 4613 εἰ,
1335 4567 1403 4617 quaa
1421 4554 1536 4617 particu-

139 4640 183 4689 lae
201 4642 290 4690 verbis
309 4638 368 4690 οὐδ’
382 4641 406 4691 εὶ
424 4640 595 4706 respondent,
614 4659 634 4691 π
652 4643 686 4691 98
705 4646 733 4690 et
752 4643 801 4690 116
820 4656 882 4689 cum
901 4642 1073 4690 coniunctivo
1093 4643 1300 4705 coniunguntur.
