3392 5067
221 221 264 284 46

225 434 335 475 omnes
350 432 508 497 personae
523 429 611 472 more
627 408 787 472 rhetorico
802 407 962 472 locuntur.
1001 410 1033 471 in
1049 407 1189 473 Octavia
1205 430 1325 494 omnes,
1347 411 1449 494 quiin
1466 432 1639 477 scaenam

221 516 393 602 prodeunt,
416 537 480 580 non
496 512 589 577 aliter
604 511 790 576 declamant
805 520 903 597 atque
922 514 956 576 in
973 514 1088 577 ceteris
1104 512 1233 591 fabulis,
1255 535 1339 597 quae
1355 514 1470 579 eodem
1485 536 1638 601 corpore

222 623 434 685 continentur.
470 639 553 704 quae
568 626 687 697 tamen,
713 615 799 701 quod
814 616 857 679 ad
880 625 1071 700 argumenta
1085 618 1210 699 attinet,
1234 626 1302 681 tam
1316 617 1464 683 diversae
1487 628 1569 684 sunt
1586 620 1637 684 ab

219 724 274 791 illa
289 733 471 810 praetexta.
496 721 554 785 sed
570 719 728 786 Octaviae
744 722 882 805 scriptor
893 741 1047 806 personas
1059 722 1156 783 etiam
1168 720 1260 803 haec,
1273 744 1357 807 quae
1369 723 1457 808 apud
1469 723 1635 788 Tacitum

220 828 379 910 locuntur,
401 827 621 891 declamantes
636 824 792 889 inducere
814 826 930 909 potnit.
958 847 1001 888 ex
1024 822 1169 889 Senecae
1190 827 1291 909 igitur
1313 827 1490 892 imitatione
1510 828 1635 893 discri-

221 955 306 1017 men,
319 931 407 1018 quod
422 933 506 996 inter
517 952 730 1017 personarum
742 950 847 993 mores
860 929 948 1014 apud
964 930 1051 993 hunc
1063 938 1095 994 et
1106 929 1195 1015 apud
1206 929 1357 995 Tacitum
1368 933 1553 1016 intercedit,
1572 956 1632 998 ex-

220 1038 335 1123 plicari
357 1037 479 1124 nequit.
511 1035 568 1100 sed
592 1042 726 1119 quaerat
747 1034 882 1100 forsitan
905 1036 1076 1119 quispiam,
1098 1044 1172 1099 uter
1194 1034 1340 1100 homines
1356 1057 1399 1099 ex
1414 1060 1494 1102 vera
1510 1060 1630 1103 eorum

220 1153 338 1207 natura
352 1142 570 1226 descripserit.
608 1141 749 1224 ingenue
764 1138 869 1203 fateor
883 1161 936 1203 me
951 1138 995 1203 ad
1009 1137 1092 1203 haec
1106 1139 1186 1205 nihil
1202 1143 1283 1206 certi
1297 1142 1494 1227 respondere
1509 1165 1630 1229 posse,

220 1270 296 1313 nam
318 1246 353 1313 id
368 1268 495 1332 qnoque
519 1247 653 1330 cogitari
675 1254 783 1331 potest
805 1254 956 1309 nentrum
976 1246 1168 1330 scriptorem
1190 1245 1345 1329 homines,
1368 1257 1404 1310 ut
1420 1258 1522 1329 erant,
1547 1256 1630 1312 ante

220 1353 328 1417 oculos
344 1353 499 1439 posuisse.
531 1360 619 1416 certe
636 1372 678 1414 ex
694 1348 833 1415 Octavia
848 1372 914 1415 non
929 1350 1065 1416 multum
1082 1350 1267 1435 proficimus
1283 1351 1326 1416 ad
1341 1373 1437 1415 veros
1452 1352 1629 1417 hominnm

220 1479 324 1523 mores
348 1454 596 1540 cognoscendos.
664 1476 740 1518 nam
762 1456 790 1519 is
813 1456 869 1539 qui
892 1476 965 1520 eam
988 1457 1168 1541 composuit
1194 1455 1357 1520 rhetorem
1380 1479 1414 1521 se
1436 1459 1532 1541 gerit,
1567 1459 1627 1544 qui

220 1563 253 1626 id
276 1564 353 1646 agit,
377 1569 413 1625 ut
435 1560 599 1623 Neronem
622 1560 766 1624 omnium
793 1559 960 1625 hominum
982 1562 1124 1652 maxime
1148 1559 1372 1624 detestabilem
1395 1559 1494 1625 fnisse
1517 1570 1626 1625 osten·

221 1668 285 1732 dat.
317 1687 414 1750 quem
435 1687 504 1728 rem
527 1663 703 1727 Meisernm
724 1685 790 1728 non
812 1662 1011 1727 intellexisse
1033 1666 1142 1749 miror,
1166 1666 1221 1749 qui
1231 1664 1254 1750 ¹)
1276 1666 1404 1751 putavit
1427 1667 1623 1750 emtione,

221 1793 285 1856 qua
314 1770 469 1855 Poppaea
499 1767 622 1833 Sabina
651 1768 693 1832 ab
725 1767 885 1833 Octaviae
915 1770 1071 1854 scriptore
1105 1768 1270 1853 descripta
1300 1777 1366 1853 est,
1401 1769 1623 1834 demonstrari

219 1896 315 1961 posse
349 1874 500 1938 Tacitum
528 1874 595 1935 eius
628 1894 733 1936 mores
764 1894 803 1937 ac
836 1880 986 1936 naturam
1013 1870 1094 1935 false
1129 1864 1354 1956 descripsisse.¹
1390 1875 1505 1958 'atque
1535 1874 1622 1938 haec

221 1980 262 2043 de
285 1979 440 2065 personis.
481 1976 537 2040 sed
568 1978 665 2040 etiam
697 1978 724 2040 si
753 1986 924 2041 externam
954 1976 1094 2040 fabulae·
1107 1975 1362 2059 adornationem,
1393 1999 1476 2063 quae
1499 2000 1621 2063 graece

220 2086 361 2161 οἰκονομία
392 2081 520 2161 dicitur,
550 2082 744 2167 respexeris,
771 2082 915 2167 reperies
939 2102 1022 2165 quae
1045 2102 1064 2143 a
1086 2079 1192 2144 Taciti
1214 2083 1398 2146 narratione
1422 2082 1619 2168 discrepent,

220 2188 310 2252 velut
348 2209 387 2251 ea
425 2207 508 2270 quae
544 2186 585 2249 de
623 2184 781 2249 Octaviae
816 2186 913 2250 exilio
950 2183 1118 2269 Campano
1152 2186 1373 2272 narrantur:²)
1442 2187 1483 2251 de
1518 2209 1618 2250 causa
1673 2273 1674 2276 Ἴ

220 2291 318 2374 exilii,
341 2313 439 2378 quam
454 2292 617 2355 Neronem
633 2292 741 2375 ipsum
755 2289 925 2375 protulisse
941 2289 1074 2353 Tacitus
1090 2293 1236 2377 auctor3)
1252 2300 1301 2354 est
1323 2330 1366 2337 —
1382 2290 1455 2355 dico
1472 2292 1616 2356 sterilita·
1673 2309 1674 2354 ὲ

220 2406 286 2460 tem
301 2394 460 2461 Octaviae
471 2432 523 2477 -,
546 2396 580 2458 in
599 2395 767 2479 tragoedia
786 2394 866 2458 nihil
886 2404 1091 2458 memoratur.
1123 2397 1212 2479 atqui
1232 2395 1314 2459 haec
1334 2404 1527 2480 argumenta
1547 2398 1614 2460 sine
1673 2401 1674 2454 t

219 2497 318 2562 dubio
345 2499 371 2562 is
395 2500 450 2583 qui
472 2498 644 2564 Octaviam
667 2500 858 2584 conscripsit
879 2499 914 2562 in
938 2521 1033 2562 usum
1056 2521 1150 2563 suum
1174 2500 1397 2584 convertisset,
1421 2502 1447 2565 si
1467 2500 1615 2566 Tacitum
1673 2499 1674 2552 ἶ

219 2613 349 2667 secutus
376 2612 470 2669 esset.
517 2626 594 2667 sane
625 2602 667 2668 de
693 2603 798 2668 Taciti
828 2603 895 2667 fide
924 2602 1077 2668 historica
1107 2625 1166 2667 cur
1196 2603 1392 2687 dubitemus,
1423 2627 1522 2670 causa
1553 2628 1616 2669 non
1673 2581 1674 2628 1

220 2716 286 2788 est,
329 2728 404 2770 nam
439 2716 536 2793 poeta
572 2706 625 2770 ille
656 2708 781 2771 etiamsi
817 2729 856 2770 ea
886 2729 970 2793 quae
1000 2707 1134 2771 Tacitus
1164 2708 1263 2772 tradit
1291 2710 1361 2793 ipse
1388 2709 1480 2791 vidit,
1510 2718 1617 2773 tamen

220 2833 423 2877 cumrerum
446 2811 612 2875 historiam
635 2812 778 2877 scribere
805 2813 838 2875 in
861 2813 967 2876 animo
995 2834 1061 2876 non
1088 2812 1233 2897 haberet,
1265 2813 1419 2877 nonnulla
1445 2813 1616 2898 neglegere
1673 2797 1675 2879 ἶ

219 2916 281 2998 vel,
310 2925 346 2979 ut
367 2916 410 2980 ad
433 2938 527 2981 suum
551 2916 720 2981 consilium
743 2918 870 3003 aptiora
898 2915 1023 2998 fierent,
1055 2917 1226 2981 immutare
1249 2918 1363 3002 potuit,
1388 2918 1485 3003 quod,
1516 2920 1542 2981 si
1564 2918 1615 2982 ille
1673 2909 1675 2922 ἱ

219 3022 326 3086 omnia
349 3042 408 3085 sua
430 3042 473 3084 ex
495 3020 610 3085 Tacito
634 3022 822 3106 desumpsit,
846 3031 933 3084 certe
960 3023 1117 3086 minorem
1139 3021 1240 3086 habet
1261 3024 1332 3087 veri
1355 3025 1508 3107 speciem.
1560 3023 1615 3087 sed

218 3127 284 3189 iam
314 3126 391 3189 satis
425 3124 581 3209 gravibus
611 3126 811 3210 argumentis
843 3124 1082 3189 demonstrasse
1112 3126 1206 3190 nohis
1237 3125 1387 3191 videmur
1418 3149 1483 3192 non
1517 3128 1615 3193 solum

219 3228 343 3293 nullum
372 3231 501 3293 omnino
525 3229 631 3293 Taciti
658 3231 844 3294 imitationis
872 3232 1045 3313 vestigium
1073 3232 1106 3294 in
1129 3228 1270 3295 Octavia
1292 3233 1408 3314 inesse,
1437 3232 1494 3296 sed
1521 3235 1614 3297 etiam

219 3341 325 3397 tantas
342 3333 576 3418 discrepantias
592 3335 676 3398 inter
690 3336 909 3398 narrationem
925 3334 965 3398 de
978 3333 1137 3398 Octaviae
1153 3337 1254 3419 exitu,
1271 3357 1354 3421 qnae
1370 3336 1459 3422 apud
1470 3336 1614 3401 Tacitum

220 3440 307 3502 etin
331 3436 392 3501 hac
414 3438 526 3502 fabula
542 3446 642 3524 extat,
666 3438 878 3523 intercedere,
909 3449 945 3502 nt
968 3439 1156 3524 negandum
1183 3441 1223 3503 sit
1246 3439 1406 3505 Octaviae
1430 3443 1613 3527 scriptorem

218 3544 251 3605 in
274 3542 443 3625 tragoedia
466 3541 691 3628 componenda
712 3543 863 3606 Tacitum
885 3551 1050 3629 tamquam
1074 3543 1192 3608 ducem
1216 3553 1364 3611 secutum
1387 3566 1468 3609 esse.
1513 3568 1612 3631 neque

219 3646 312 3710 aliter
339 3646 380 3710 de
403 3644 558 3712 Suetonio
586 3656 618 3711 et
640 3647 747 3712 Dione
774 3646 886 3712 Cassio
913 3648 1059 3713 indicare
1086 3670 1271 3734 possumus3
1303 3659 1482 3715 ceterorum
1511 3659 1611 3715 autem

324 3908 345 3974 1)
364 3908 403 3958 ef.
424 3924 493 3974 quae
512 3909 559 3959 ille
577 3927 602 3975 p.
618 3912 649 3959 14
663 3926 702 3975 sq.
726 3911 807 3961 dixit:
822 3910 992 3974 ,Vielleicht
1015 3910 1081 3961 wird
1104 3912 1175 3962 noch
1197 3911 1311 3975 einmal,
1333 3927 1427 3962 wenn
1449 3912 1608 3975 feststeht,

220 3996 292 4046 dass
315 3997 370 4046 der
392 3995 531 4046 Dichter
553 3997 608 4047 der
631 3998 769 4049 Octavia
792 4014 850 4048 vor
868 3999 1006 4049 Tacitus
1032 4000 1269 4064 geschrieben,
1295 3998 1350 4048 und
1374 4000 1432 4049 sein
1452 3998 1535 4050 Stiich
1555 4000 1607 4049 sich

219 4089 353 4149 gressmer
370 4082 506 4134 Antoritat
524 4084 563 4134 als
582 4085 671 4135 bisher
690 4086 798 4148 erfreut,
817 4085 914 4136 darana
932 4088 993 4136 eine
1011 4101 1082 4136 neue
1094 4086 1184 4136 Waffe
1201 4102 1290 4152 gagen
1308 4087 1419 4136 Tacitus
1437 4086 1608 4152 geschmiedet

219 4170 274 4220 und
292 4171 353 4220 eine
370 4170 490 4236 Rettung
502 4171 641 4237 Poppaeae
660 4176 891 4223 unternommen.“

324 4255 346 4321 2)
365 4256 404 4305 ef.
423 4257 487 4307 Tac.
506 4256 574 4308 Anu.
593 4260 673 4309 XIIII
686 4261 726 4311 60.
763 4262 865 4310 crimen
883 4259 1018 4322 adulterii,
1037 4259 1109 4325 qnod
1126 4260 1198 4325 apud
1217 4260 1342 4311 Tacitum
1361 4262 1472 4311 maximi
1489 4261 1607 4311 momenti

220 4348 268 4407 est,
287 4344 442 4409 tragoediae
455 4328 581 4410 scriptor,
600 4352 630 4396 ut
649 4362 729 4413 supra
748 4347 783 4413 (p.
798 4347 843 4413 21)
863 4347 964 4396 dictum
983 4352 1031 4408 est,
1050 4347 1163 4397 fortasse
1185 4362 1219 4397 ea
1236 4348 1269 4397 de
1288 4363 1370 4399 cansa
1387 4363 1442 4398 non
1460 4363 1606 4398 commemo-

219 4431 297 4493 ravit,
316 4430 387 4496 qnod
406 4430 434 4479 id
453 4430 486 4479 ah
506 4431 635 4483 Octaviae
654 4433 745 4484 indole
763 4450 870 4499 prorsus
888 4433 1031 4483 abhorrere
1049 4434 1198 4484 videbatur.

324 4516 344 4582 ³)
364 4515 404 4567 of.
419 4517 482 4567 Tac.
496 4517 565 4568 Ann.
578 4520 661 4569 XIIII
673 4522 718 4570 60:
738 4520 872 4571 ‘exturbat
891 4520 1031 4570 Octaviam
1049 4522 1168 4571 sterilem
1187 4521 1331 4584 dictitans'3
1351 4521 1411 4571 Oct.
1425 4523 1488 4571 590:
1508 4523 1604 4589 ‘etipse

220 4603 313 4669 populi
331 4608 395 4653 vota
412 4605 467 4655 iam
484 4605 587 4669 pridem
605 4607 701 4657 moror'
720 4621 753 4657 ea
770 4623 812 4657 res
830 4607 948 4658 breviter
965 4611 1071 4657 tantum
1089 4606 1263 4675 significatur.

1668 4454 1671 4507 l
