3392 5067
342 172 471 236 364

344 362 749 446 perlegerim,
806 363 913 444 qui
966 363 1031 423 in
1088 362 1463 424 universum
1516 358 1974 441 elegantissimi
2030 371 2178 423 sunt
2231 373 2427 444 atque
2481 358 2699 424 multis
2746 359 2941 425 rebus
2989 362 3135 424 sim-

342 466 641 551 pliciores
685 463 1194 550 Aristophaneis.
1267 483 1468 548 quare
1510 462 1683 548 quod
1723 462 1810 526 ad
1849 473 2076 548 poetas
2115 465 2413 550 pertinet,
2467 463 2551 527 de
2583 463 2820 548 quibus
2860 466 3135 548 agimuS,

344 591 492 633 cum
537 567 815 648 Koskio‚
877 568 1228 632 novissimo
1286 566 1792 651 fragmentorum
1855 567 2123 645 editore,
2183 569 2261 631 iis
2320 567 2670 651 adsentiar,
2733 569 2843 653 qui
2899 568 3138 633 formas

343 673 486 737 illas
530 694 760 758 parum
795 672 1151 756 elegantes,
1189 673 1383 736 immo
1423 671 1726 737 molestas
1765 671 2212 736 emendatione
2253 671 2683 736 removendas
2724 683 3135 737 censuerunt.

343 782 472 842 iam
515 776 712 840 velim
764 777 905 861 ipse
959 774 1121 838 tales
1165 797 1395 840 versus
1449 778 1868 861 pronuntiare
1921 777 2199 841 coneris:
2254 777 2530 841 Nicostr.
2584 777 2704 860 15,
2760 778 3005 856 λευκός·
3059 781 3138 842 τὸ

347 885 462 966 γὰρ
506 885 716 961 πάχος
757 877 1152 965 ὑπερέκυπτε
1194 888 1311 945 τοῦ
1352 890 1549 946 κανοῦ

1412 1020 1494 1070 111
1788 1020 1896 1070 1111

1400 1106 1408 1168 Ι
1450 1153 1497 1174 υ
1553 1153 1600 1175 υ
1629 1111 1645 1172 ¹!
1678 1115 1726 1173 ό
1750 1154 1797 1175 υ
1836 1107 1847 1172 Ι
1888 1152 1936 1175 υ
1993 1165 2036 1175 .,
2080 1107 2090 1172 Ι

350 1228 684 1314 (facillima
729 1231 1224 1314 transpositione
1270 1229 1517 1293 Porson
1561 1231 1841 1293 restituit
1882 1229 2132 1308 λευκός·
2178 1232 2254 1293 τὸ
2299 1231 2510 1310 πάχος
2553 1232 2669 1313 γὰρ
2714 1230 2821 1312 ἐκ),
2869 1225 3137 1312 Antiph.

352 1332 478 1397 234
493 1379 519 1416 6
565 1333 714 1414 ἅνω,
759 1339 1066 1419 βραχεῖαν
1110 1333 1433 1399 ἀπόδοσιν
1476 1331 1976 1419 ἐγκαταστρέφει

1454 1475 1535 1524 III
1846 1474 1955 1523 1111

1379 1558 2103 1629 tenesmo-¹

352 1682 725 1766 (Dobraeus
780 1704 902 1745 ser.
959 1682 1226 1763 ἀπόδος,
1281 1683 1460 1766 sym),
1517 1682 1692 1746 Men.
1741 1680 1910 1767 2485
1955 1681 2344 1767 σύμβουλος·
2401 1679 2438 1744 ὁ
2484 1676 2805 1766 διαφέρων
2857 1679 3143 1762 λογισμῷ

351 1783 541 1852 πάντ’
582 1782 713 1868 ἔχει
1489 1823 1542 1872 11
1857 1823 1938 1872 m

1404 1907 1413 1976 Ι
1454 1956 1501 1977 ψ
1529 1907 1546 1976 ΙΙ
1576 1955 1623 1977 υ
1680 1956 1728 1977 ψ
1750 1956 1798 1978 ψ
1839 1909 1848 1972 Ι
1889 1956 1936 1977 ψ
1994 1967 2038 1975 -
2081 1908 2090 1973 Ι

355 2030 629 2117 (Porson
678 2031 842 2094 coni.
889 2030 927 2097 ὁ
972 2031 1254 2118 λογισμῷ
1301 2029 1670 2119 διαφέρων),
1728 2029 1964 2095 Eubul.
2012 2028 2127 2111 991
2179 2031 2531 2114 στεφάνους
2582 2025 2739 2103 ἴσως
2787 2025 3142 2108 βούλεσθε·

354 2139 631 2219 πότερον
673 2132 1083 2219 ἑρπυλλίνους
1688 2172 1799 2221 11:11

354 2377 624 2464 (Canter
668 2380 1005 2463 proposuit
1046 2376 1267 2466 πότερ’
1304 2360 1771 2464 &ansst'vovfflss

3084 2559 3114 2587 D

1392 2604 1518 2674 VI.
1605 2605 1712 2672 De
1758 2605 2110 2673 caesuris,

565 2781 670 2845 De
718 2781 1003 2845 caesuris
1049 2782 1350 2865 quoniam
1398 2782 1526 2844 iam
1573 2781 1635 2843 in
1685 2779 1953 2864 singulis
2000 2777 2261 2863 pedum,
2317 2776 2609 2859 inprimis
2662 2772 3000 2856 anapaesti
3056 2792 3151 2832 so-

356 2884 706 2949 lutionibus
769 2883 1214 2949 describendis
1267 2884 1474 2948 verba
1526 2883 1820 2968 fecimus,
1879 2882 2040 2947 nihil
2093 2889 2295 2945 restat
2352 2880 2474 2943 nisi
2529 2885 2601 2941 ut
2652 2877 2719 2940 in
2772 2876 3152 2938 universum

359 3012 571 3074 pauca
616 2988 952 3052 addamus.

566 3093 945 3157 Caesuras
990 3093 1431 3156 trochaieas
1474 3095 1541 3156 in
1587 3093 1878 3156 trimetro
1933 3089 2213 3155 iambico
2269 3087 2645 3172 saepissime
2699 3083 2828 3168 legi
2883 3092 2984 3146 sat
3040 3104 3153 3146 no-

359 3208 496 3263 tum
541 3207 657 3279 est,
699 3207 893 3280 atque
935 3198 1458 3282 semiquinariam
1498 3197 1691 3283 paulo
1736 3197 1993 3282 saepius
2034 3217 2230 3280 quam
2269 3189 2899 3275 semiseptenariam3
2941 3185 3151 3249 velut:

2053 3431 2271 3497 hephth.

2320 3445 2530 3479 summa

952 3402 957 3491 ἱ
1288 3433 1432 3499 apud
1812 3433 1995 3498 penth.

1012 3713 1373 3778 Antiphanem
1399 3751 1727 3762 ..........

1011 3800 1443 3871 Anaxandridem
1472 3838 1728 3849 ........

1011 3888 1291 3938 Alexidem
1330 3924 1728 3939 ............

1011 3973 1284 4024 Eubulum
1330 4013 1728 4024 ............

1012 4062 1308 4112 Timoelem
1362 4100 1725 4111 ..........

957 4117 962 4218 l
1011 4156 1213 4216 poetas,
1250 4148 1377 4198 min.
1413 4148 1550 4197 med.
1590 4163 1726 4196 eom.

957 4227 962 4314 j
1012 4237 1386 4286 Philemonem
1401 4272 1729 4284 ..........

1014 4321 1293 4387 Diphilum
1328 4359 1729 4372 ............

1013 4409 1369 4460 Menandrum
1400 4445 1730 4458 ..........

1016 4502 1218 4564 poetas,
1244 4497 1373 4546 min.
1402 4511 1524 4544 nov,
1553 4510 1687 4557 eom.
1719 4532 1730 4543 .
