3392 5067
4 202 114 339 s

288 380 361 446 Oct.
386 382 447 445 397
465 403 534 468 sqq.
567 393 640 445 tnnc
669 383 728 445 illa
754 384 852 468 sirpo,
882 386 1018 447 numinis
1049 388 1155 469 rnapni
1181 385 1242 448 dea
1265 383 1416 465 llnctitia
1444 431 1484 449 ..
1513 404 1592 445 cnm

185 496 292 549 sancta
310 484 389 549 Fide
409 534 416 548 .
438 537 445 549 .
469 485 592 570 repedat
614 487 782 551 hnmannrn
804 510 908 572 penne,
928 488 933 574 Ι
953 511 1013 552 non
1030 535 1038 551 .
1054 536 1062 552 .
1079 512 1105 551 .:
1126 495 1237 553 Phaed.
1257 497 1317 552 206
1335 513 1397 571 sqq.
1422 504 1498 551 canc
1521 496 1592 549 itta

184 618 298 671 niapnae
320 601 384 653 dira
400 597 532 667 fortunae
555 617 638 653 comes
658 591 663 677 Ι
682 602 754 654 snbit
777 601 875 654 deoida:
896 620 949 654 non
974 644 1048 669 ...,
1073 600 1151 656 Med.
1169 601 1231 656 439
1249 618 1291 675 sq.
1314 607 1411 654 sancta
1432 601 1459 653 si
1479 600 1590 654 caedam

184 704 275 758 incolit
297 698 301 779 Ι
321 703 434 756 Iustitia
458 743 463 755 .
483 745 514 757 ..

288 796 360 863 Oct.
377 796 442 861 400
458 818 528 883 sqq.
556 820 620 862 non
647 798 729 863 della
755 811 881 878 norant,
910 821 970 864 non
993 799 1083 864 tndac
1094 800 1247 886 fremitus
1269 810 1379 878 truces,
1406 821 1469 863 non
1492 822 1589 863 arnna

185 912 294 987 pentes,
317 903 437 987 einpcre
460 912 623 965 narrant
644 924 720 967 snae
740 906 744 985 Ι
764 903 861 966 marie
882 925 937 967 nec
958 901 1048 967 nrbes
1070 914 1101 967 et
1123 930 1152 987 q.
1169 926 1210 967 s.:
1233 911 1345 968 Phaed.
1368 914 1426 968 531
1446 930 1508 988 sqq.
1532 930 1589 967 rna

185 1016 296 1087 qnieqne
311 1022 409 1069 norat
423 1016 529 1084 τηανία,Ι
550 1033 604 1069 non
625 1022 703 1070 nacto
725 1034 822 1087 appare
841 1007 846 1093 Ι
866 1018 1013 1087 crebraque
1035 1024 1109 1071 tnrre
1131 1018 1273 1072 cinxerant
1294 1018 1373 1072 ardes
1395 1018 1483 1086 laetam
1507 1007 1513 1094 Ι
1532 1034 1590 1070 non

185 1138 265 1173 arna
294 1137 376 1174 caeca
405 1120 480 1173 miles
510 1121 626 1189 aptabat
651 1137 734 1174 mann
758 1113 763 1196 Ι
786 1139 834 1175 nec
862 1127 933 1175 tarta
959 1121 1070 1176 clamas
1090 1121 1216 1193 freperat
1243 1139 1310 1176 saxa
1338 1121 1422 1193 proci
1443 1111 1448 1197 Ι
1472 1121 1589 1174 dedicta

181 1231 278 1293 portas
299 1212 356 1303 ΙΒΙ.
380 1219 460 1279 inter
481 1225 640 1298 utrumque
662 1222 759 1279 locum
780 1242 814 1279 re
835 1242 909 1280 vera
930 1242 1035 1297 magna
1057 1221 1221 1281 similitudo
1244 1222 1404 1281 intercedit
1425 1241 1524 1299 neque
1547 1241 1589 1279 ex

184 1325 251 1383 eliis
273 1326 402 1383 Senecae
428 1324 535 1382 fabulis
562 1324 668 1382 similis
695 1327 774 1384 locus
801 1327 912 1384 adferri
939 1331 1045 1403 potest.
1075 1331 1178 1386 temen
1198 1348 1237 1385 ne
1259 1326 1309 1385 hic
1331 1326 1451 1404 quidem
1473 1329 1588 1384 certem

184 1429 313 1487 Senecae
340 1428 539 1486 imitationem
565 1433 695 1487 statuere
721 1416 800 1488 licet.
832 1450 1003 1506 persuasum
1029 1431 1110 1489 enim
1130 1434 1226 1489 habeo
1249 1431 1389 1490 Octaviw
1411 1430 1588 1506 scriptorem

185 1533 218 1591 in
246 1535 302 1593 hec
332 1538 463 1591 aetatum
494 1534 689 1609 descriptione
717 1534 818 1594 Ovidii
848 1538 940 1594 verbe
969 1537 1041 1593 Met.
1065 1536 1082 1593 I
1111 1540 1149 1595 89
1174 1556 1237 1613 sqq.
1269 1527 1475 1615 respexisse.¹)
1515 1553 1587 1590 nam

185 1638 333 1709 nonnulle,
359 1657 434 1715 quse
457 1637 489 1694 in
504 1638 627 1697 Octavia
649 1640 788 1713 leguntur
810 1659 944 1717 quaeque
967 1640 1079 1699 Seneca
1100 1660 1158 1698 non
1181 1640 1299 1713 adtulit,
1323 1642 1359 1697 eb
1379 1637 1487 1698 Ovidio
1509 1656 1586 1696 com-

185 1747 394 1801 memorentur.
419 1742 469 1800 hic
484 1741 546 1801 illic
568 1742 660 1800 etiam
683 1743 747 1819 ipse
762 1743 863 1803 Ovidii
879 1745 970 1803 verbe
985 1744 1125 1803 Octaviae
1148 1744 1272 1820 scriptor
1293 1743 1434 1819 respexit,
1458 1742 1497 1801 cf.
1518 1760 1586 1799 cum

186 1849 249 1906 Oct.
273 1868 323 1907 vv.
345 1850 514 1905 ecc-402
548 1848 634 1905 modo
665 1847 764 1906 citatis
795 1849 905 1907 ΜΘΗ
930 1852 968 1907 96
989 1869 1051 1926 sqq.
1082 1853 1211 1922 nullaque
1239 1852 1365 1906 nortales
1391 1856 1503 1922 praeter
1532 1868 1585 1903 ena

186 1956 269 2011 litora
295 1962 424 2010 norant.
447 1946 588 2031 {nondam
608 1957 774 2026 praecipites
797 1957 973 2027 cinpebant
994 1958 1098 2027 oppida
1115 1958 1224 2025 fossae·
1249 1947 1253 2033 Ι
1279 1975 1333 2010 non
1353 1946 1464 2030 taba²)
1480 1955 1583 2021 directi,
1691 2001 1692 2030 Ι

185 2079 239 2113 neri
261 2061 333 2114 anis
356 2078 457 2114 canna
473 2061 549 2129 fleri,
571 2053 576 2137 Ι
595 2079 657 2113 non
677 2062 802 2138 pallene,
826 2078 887 2114 non
910 2062 996 2115 ensis
1018 2068 1104 2130 erant,
1129 2076 1196 2114 cum
1218 2058 1282 2117 Oct.
1305 2061 1366 2115 404
1387 2077 1430 2134 sq.
1459 2066 1488 2112 et
1509 2060 1585 2128 ipsa

187 2166 286 2218 tettae
309 2165 381 2218 taeta
398 2164 531 2233 secundos
553 2166 629 2218 sinus
649 2154 653 2241 Ι
668 2166 810 2234 pandebat
832 2166 922 2218 altro
945 2156 1076 2240 (414sq.
1093 2182 1217 2218 uomere
1232 2166 1455 2218 immanem...
1473 2157 1584 2229 terram)
1691 2193 1692 2212 ι

186 2268 259 2322 Met.
278 2267 293 2322 l
311 2269 370 2322 101
388 2285 431 2341 sq.
455 2270 531 2339 ipsa
554 2286 655 2339 qnoque
678 2270 831 2323 inirnnnis
853 2276 995 2339 rastroque
1017 2271 1121 2323 intacta
1142 2287 1189 2322 nec
1211 2269 1275 2323 ullis
1295 2259 1300 2344 Ι
1319 2269 1416 2322 sancia
1435 2268 1585 2321 vomeribus

183 2390 245 2443 per
267 2363 331 2449 se3)
356 2373 440 2427 dabat
461 2375 552 2427 omnia
574 2374 661 2443 tellus,
686 2390 753 2428 cum
775 2371 838 2429 Oct.
861 2374 921 2428 417
939 2390 999 2448 sqq.
1025 2374 1071 2427 sed
1093 2374 1122 2425 in
1139 2374 1265 2443 parentis
1287 2374 1417 2427 viscera
1440 2372 1585 2424 intravit

186 2494 265 2531 snae
284 2467 289 2552 Ι
309 2478 423 2531 deterior
445 2484 538 2531 aetas:
561 2478 648 2531 ernit
664 2477 795 2547 serrum
815 2494 917 2548 prave
936 2467 942 2554 Ι
961 2494 1147 2547 caramque,
1171 2494 1268 2530 saevas
1297 2493 1359 2529 neon
1386 2482 1410 2529 et
1440 2475 1585 2528 armavit

186 2599 301 2635 manno
321 2576 324 2654 Ι
416 2588 485 2636 tecta
504 2582 623 2651 defendit
645 2600 697 2636 san
719 2582 811 2637 atiena
834 2583 893 2636 telis
915 2588 965 2636 ant
983 2583 1053 2652 petit
1069 2582 1220 2651 praedae
1242 2582 1420 2634 imminens.
1442 2570 1446 2656 Ι
1465 2580 1585 2650 neplecta

187 2686 403 2757 terrnsfnpr't
419 2693 443 2741 et
458 2686 629 2756 marcescens
649 2678 653 2764 Ι
672 2687 807 2741 dominnm
829 2694 855 2741 et
877 2692 988 2740 noenta
1010 2687 1108 2740 caede
1127 2685 1279 2756 pollutae
1301 2702 1399 2738 manns
1418 2675 1422 2758 Ι
1442 2683 1584 2736 Astraea

186 2791 270 2860 cirpo,
295 2791 413 2844 siderum
434 2808 563 2863 inapnnrn
584 2782 693 2869 deons⁴)
717 2789 790 2846 Met.
806 2788 823 2845 I
840 2791 900 2845 138
916 2808 977 2864 sqq.
1001 2792 1048 2845 sed
1069 2792 1149 2844 itum
1171 2789 1269 2843 estin
1287 2789 1418 2842 viscera
1437 2794 1560 2840 terrae:
1578 2776 1583 2863 Ι

189 2912 308 2965 quasque
333 2896 567 2949 recondiderat
590 2885 642 2973 (cf.
660 2893 723 2950 Oct.
748 2894 809 2949 415
826 2911 870 2968 sq.
894 2912 963 2965 qaae
980 2894 1077 2964 frnpee
1103 2910 1169 2946 snas
1189 2887 1193 2966 Ι
1217 2893 1330 2945 interius
1356 2891 1410 2945 alte
1437 2892 1585 2944 condidit
1692 2961 1693 2970 Ι

187 3018 265 3054 sacro
288 2996 360 3068 siren)
385 2998 538 3070 Stypiisqne
560 3000 718 3053 admoverat
739 2999 842 3052 umbris
862 2995 867 3069 Ι
887 2998 1098 3067 effodiantur
1119 3013 1191 3066 opes,
1215 2995 1389 3049 inritamenta
1411 2995 1551 3048 mawron.
1577 2984 1581 3071 Ι

187 3106 293 3175 ianrqne
316 3120 410 3157 nocens
427 3103 557 3172 serrum
574 3103 703 3174 ferroque
729 3104 866 3156 nocentiae
888 3120 1004 3155 aarum
1023 3093 1028 3177 Ι
1044 3101 1201 3169 prodierat:
1219 3100 1337 3169 prodit
1358 3099 1490 3165 beidam,
1514 3099 1584 3169 qnod
1692 3137 1693 3142 η

183 3214 293 3280 pupnat
316 3215 428 3277 atroque
448 3199 452 3285 Ι
472 3209 672 3278 sanpnineaqne
700 3224 797 3261 nnana
824 3207 988 3276 crepitantia
1010 3206 1126 3259 concutit
1148 3220 1248 3257 arma.
1270 3192 1275 3279 Ι
1294 3204 1397 3256 cicitur
1426 3220 1459 3256 cn
1486 3209 1582 3272 rapto

282 3305 287 3388 Ι
311 3312 384 3365 nicta
410 3312 480 3366 iacet
502 3313 603 3381 pictae,
632 3317 656 3365 et
682 3311 777 3381 nirpo
804 3311 902 3363 caede
929 3310 1106 3377 madentes,
1133 3301 1137 3380 Ι
1161 3307 1258 3361 ultima
1287 3306 1443 3375 caelestum,
1475 3313 1582 3359 terras

188 3418 332 3470 Astraea
353 3416 499 3486 reliquit.

292 3510 364 3576 Oct.
385 3510 449 3576 402
471 3512 613 3596 fideicida
642 3512 760 3573 cnisctiu
788 3510 862 3572 itin:
893 3514 960 3573 Tr0.
983 3517 1042 3571 179
1070 3515 1196 3587 pdnridrn
1225 3516 1263 3569 ad
1291 3531 1403 3585 cuperes
1429 3513 1489 3580 iter,
1521 3512 1581 3565 433

183 3624 311 3695 ptrcidm
334 3632 372 3679 est
393 3625 504 3679 Danais
526 3624 586 3678 iter.

191 3742 347 3749 mm.-
360 3744 367 3747 .
381 3744 387 3747 .

294 3792 315 3858 ¹)
335 3792 425 3842 Ovidii
447 3792 530 3842 verbs
553 3790 657 3841 Seneca
679 3792 735 3856 ipse
758 3791 787 3839 iu
809 3788 948 3839 Phaedrae
972 3804 1016 3838 vv.
1034 3790 1085 3837 530
1099 3802 1156 3853 sqq.
1179 3783 1378 3835 conscribendis
1400 3788 1508 3834 secutus
1530 3788 1583 3845 est,

190 3880 241 3928 nisi
264 3880 355 3928 omnia
377 3893 420 3929 me
441 3878 554 3941 fallunt3
578 3878 610 3928 cf.
634 3893 695 3928 cum
718 3876 818 3927 Phaed.
836 3879 886 3926 555
904 3892 942 3940 sq.
965 3893 983 3924 a
993 3876 1105 3939 fratre
1115 3875 1234 3938 frater,
1261 3871 1367 3923 deatcra
1388 3873 1444 3921 nati
1461 3884 1557 3935 pwcnr
1576 3866 1581 3937 Ι

189 3964 276 4016 cecidit
301 3968 437 4015 maritas
461 3968 615 4031 coninpie,
639 3967 716 4029 serre
749 3966 813 4015 iacet
834 3963 1032 4029 iperimnntqne
1051 3963 1123 4026 feton
1149 3962 1244 4025 inpiae
1274 3964 1367 4009 mares
1392 3974 1459 4008 eaor.
1489 3956 1583 4007 ΜΘΗ

191 4054 240 4101 144
261 4068 318 4119 sqq.
345 4069 396 4102 nan
426 4052 516 4117 herpes
542 4052 574 4101 ab
601 4053 697 4117 hospite
722 4058 797 4112 tntae,
821 4048 897 4117 lacn
927 4064 997 4100 socer
1022 4066 1040 4098 a
1072 4063 1176 4115 ponera·
1201 4047 1345 4112 fratrum
1375 4060 1471 4109 quoqne
1498 4045 1583 4110 pratia

189 4156 254 4188 rara
271 4146 314 4189 art.
334 4138 339 4203 Ι
360 4141 472 4189 inminet
489 4141 564 4189 exitia
581 4141 623 4189 nir
645 4141 795 4205 ooninpr's,
813 4138 874 4188 illa
891 4138 1015 4187 mariti:
1034 4136 1039 4199 Ι
1058 4133 1147 4184 lurida
1164 4133 1289 4183 ter-sibilat
1305 4133 1408 4181 mirem
1425 4133 1526 4181 awnitn
1540 4146 1582 4179 nc

188 4241 289 4286 nacae,
300 4226 400 4290 filins
418 4225 561 4277 antediem
577 4229 702 4291 patrias
723 4224 832 4290 inqnn'rit
853 4226 882 4274 in
899 4240 988 4275 annm.
1012 4236 1082 4287 quae
1100 4221 1230 4271 Octaviae
1252 4219 1365 4284 scriptor
1382 4218 1511 4268 imitando
1529 4232 1581 4266 non

189 4314 326 4379 expressit.

294 4400 316 4465 2)
335 4400 471 4450 Tuberum
491 4401 594 4449 sonitus
612 4400 641 4449 in
659 4399 758 4449 Phssd.
778 4398 854 4449 nulle
871 4396 902 4447 fit
919 4397 1028 4446 mentio.

294 4487 316 4553 ³)
335 4486 374 4537 Oi.
394 4486 493 4537 Phaed.
513 4488 563 4535 537
582 4484 627 4536 sed
645 4504 710 4536 arna
724 4501 783 4551 per
800 4486 902 4549 refota
915 4489 1045 4549 porcean
1062 4480 1130 4531 nihil
1144 4480 1149 4546 Ι
1161 4495 1258 4545 panae
1272 4485 1365 4545 penten

294 4573 315 4641 ⁴)
335 4574 438 4638 ¹Omnes
455 4574 503 4625 hes
521 4589 564 4625 res
582 4572 685 4624 Seneca
703 4588 757 4623 non
776 4572 901 4639 respexit.
