3392 5067
1454 245 1514 309 143

111 429 223 493 similis
251 429 394 495 nondum
421 432 510 515 apud
532 432 712 498 Homerum
735 444 834 515 extat,
860 434 979 519 quippe
1007 435 1061 518 qui
1088 456 1247 519 nusquam
1271 434 1434 520 duplicem
1462 462 1511 499 ac-

111 538 293 600 cusativum
321 560 340 600 a
367 538 469 602 verbo
500 540 632 623 ὀμνίναι
662 540 859 624 pendentem
890 539 998 620 faciat,
1035 538 1092 601 sed
1123 549 1179 602 aut
1209 539 1296 623 hunc
1326 551 1382 604 aut
1412 541 1510 616 illum,

109 650 203 705 extat
229 641 318 727 apud
342 643 522 707 Hesiodum
553 643 675 727 Theog.
699 644 761 706 793
786 645 821 721 ὅς
840 668 894 709 κεν
916 649 972 731 τὴν
997 642 1130 727 (Στύγα)
1156 642 1307 730 ἐπίορκον
1329 644 1513 731 ἀπαλείψας

109 747 278 836 ἐπομόσσῃ
301 756 333 810 et
355 750 388 810 in
411 748 523 833 hymn.
547 750 648 812 Mero.
673 748 737 811 274
759 752 882 835 πατρὸς
904 747 1043 835 κεφαλὴν
1065 746 1164 832 μέγαν
1187 746 1280 831 ὅρκον
1303 750 1450 834 ὀμοῦμαι.

214 851 422 916 Accedamus
456 854 498 917 ad
530 876 569 916 ea
600 853 711 935 verba,
746 875 830 937 quae
866 874 940 915 cum
970 851 1054 915 binis
1085 854 1279 916 accusativis
1309 854 1354 916 ita
1384 856 1511 918 coniun-

110 964 239 1040 guntur,
264 966 298 1021 ut
317 958 399 1020 alter
419 958 546 1040 obiecti,
567 957 649 1022 alter
670 957 850 1043 praedicati
874 960 975 1021 instar
994 959 1044 1019 sit.
1077 978 1212 1041 quorum
1233 956 1363 1042 reliquis
1385 960 1512 1043 saepius

108 1067 215 1125 ποιεῖν
238 1069 270 1124 et
291 1060 421 1127 τιθέναι
444 1063 605 1144 leguntur,
631 1084 714 1148 quae
742 1062 831 1148 apud
853 1062 1033 1139 Homerum
1058 1083 1185 1147 quoque
1211 1084 1284 1125 cum
1309 1062 1393 1126 binis
1419 1084 1512 1124 accu-

110 1165 221 1227 sativis
248 1166 449 1250 copulantur,
483 1169 544 1230 nisi
571 1167 671 1251 quod,
699 1167 756 1230 ubi
781 1166 862 1230 illud
890 1175 993 1247 extat,
1022 1188 1150 1250 semper
1177 1166 1245 1229 fere
1273 1166 1511 1229 substantivum

108 1268 287 1353 quoddam,
318 1271 374 1335 ubi
404 1272 476 1356 hoc,
507 1281 539 1335 et
569 1272 767 1336 adiectivum
799 1282 831 1334 et
866 1271 1106 1335 substantivum
1140 1293 1198 1356 pro
1234 1271 1422 1355 praedicato
1454 1283 1510 1335 est.

108 1383 205 1458 atque
239 1376 321 1439 forte
352 1376 481 1460 accidit,
513 1385 549 1439 ut
583 1380 616 1439 in
648 1376 776 1459 elcgeis
812 1378 881 1439 sive
913 1375 974 1439 hoc
1007 1379 1075 1439 sive
1105 1375 1185 1439 illud
1216 1376 1353 1440 verbum
1383 1377 1510 1459 legitur,

108 1488 260 1562 quattuor
281 1480 360 1545 locis
384 1482 531 1565 exceptis
555 1480 715 1566 (Theogn.
734 1481 773 1543 61
798 1480 918 1567 μηδένα
942 1531 992 1545 ...
1014 1479 1109 1568 φίλον
1123 1490 1227 1561 ποιεῦ,
1258 1482 1320 1544 113
1418 1486 1513 1547 κακὸν

107 1582 207 1669 ἄνδρα
230 1584 324 1670 φίλον
342 1591 515 1651 ποιεῖσθαι
537 1586 674 1672 ἑταῖρον,
703 1584 766 1649 Sol.
794 1585 843 1666 13,
866 1584 908 1648 53
931 1588 1044 1668 μάντιν
1066 1582 1174 1671 ilique,
1203 1585 1347 1669 Theogn.
1372 1584 1510 1669 1347sq.

106 1686 162 1752 καί
181 1713 235 1772 μιν
259 1684 569 1776 έθηκον1ὂαίμονα)
598 1712 727 1774 semper
754 1689 951 1753 adiectivum
978 1689 1155 1773 praedicati
1187 1711 1321 1753 munere
1349 1689 1510 1774 fungatur.

107 1814 261 1857 numerus
284 1805 392 1858 autem
415 1817 525 1859 eorum
549 1796 703 1877 locorum,
726 1795 842 1880 quibus
866 1793 994 1859 τιθέναι
1017 1795 1143 1877 legitur,
1168 1805 1200 1858 et
1222 1795 1311 1879 apud
1333 1795 1510 1859 Homerum

107 1906 141 1959 et
170 1898 259 1983 apud
289 1908 402 1983 poetas
433 1900 592 1984 elegiacos
620 1902 721 1965 altero
752 1900 852 1963 multo
882 1900 983 1961 maior
1016 1909 1072 1961 est.
1117 1908 1213 1982 atque
1246 1902 1278 1962 in
1310 1909 1511 1983 pentametro

106 2008 223 2083 ποιεῖν,
253 2025 328 2067 cum
352 2026 372 2066 a
398 2006 541 2069 numeris
569 2005 699 2070 alterius
727 2006 827 2089 partis
856 2006 923 2067 cius
947 2002 1129 2084 abhorreat,
1157 2002 1207 2067 bis
1235 2012 1360 2067 tantum
1385 2003 1510 2086 legitur,

109 2105 255 2190 Theogn.
279 2107 353 2190 438,
378 2107 434 2171 ubi
458 2109 521 2174 duo
544 2112 722 2175 accusativi
747 2118 910 2187 secuntur,
936 2116 968 2170 et
991 2107 1068 2171 ibid.
1095 2107 1166 2171 738.

211 2211 264 2275 De
287 2213 421 2296 singulis
444 2199 610 2278 locis'non
633 2225 682 2277 est
705 2236 764 2277 eur
787 2212 889 2276 fusius
913 2234 1128 2296 exponamus3
1153 2212 1210 2276 sed
1233 2222 1342 2277 tamen
1366 2213 1426 2276 hoc
1449 2236 1510 2277 mo-

105 2337 184 2379 nere
214 2316 307 2398 libet,
342 2319 430 2402 apud
462 2318 642 2383 Homerum
677 2318 758 2383 tales
788 2319 890 2398 locos,
922 2318 1033 2401 quales
1065 2325 1138 2381 sunt
1165 2317 1257 2401 Tyrt.
1284 2318 1333 2400 10,
1360 2318 1397 2380 11
1431 2320 1509 2381 ἀλλὰ

107 2418 205 2503 μέγαν
226 2426 379 2487 ποιεῖσθε
402 2421 456 2487 καί
478 2424 612 2507 ἄλκιμον
633 2424 667 2488 έν
689 2421 783 2509 φρεσί
808 2422 923 2505 θυμόν,
953 2421 1030 2485 ibid.
1057 2422 1107 2503 11,
1130 2422 1151 2485 ὃ
1177 2423 1297 2506 ἐχθρὰν
1324 2426 1381 2507 μέν
1407 2430 1510 2509 ψυχὴν

107 2522 256 2607 θέμενος,
281 2525 425 2609 Theogn.
451 2526 492 2589 89
514 2531 660 2611 καθαρὸν
682 2527 819 2612 θέμενος
841 2528 921 2610 νόον,
946 2548 1029 2610 quae
1057 2527 1208 2612 exempla
1235 2529 1299 2590 iam
1325 2527 1366 2592 ad
1390 2527 1508 2591 Attico-

107 2651 179 2693 rum
209 2652 301 2694 usum
336 2631 507 2714 accedunt,
542 2633 684 2696 nondum
717 2642 843 2713 extare,
878 2654 954 2696 nam
988 2632 1183 2715 ubicumque
1214 2630 1302 2716 apud
1332 2632 1509 2695 Homerum

107 2735 214 2799 media
242 2735 346 2800 forma
375 2736 502 2819 legitur,
534 2759 660 2822 semper
687 2737 926 2801 substantivum
958 2746 1054 2820 atque
1087 2737 1276 2821 plerumque
1300 2736 1424 2801 diacum
1452 2759 1508 2819 pro

107 2839 293 2922 praedicato
317 2849 374 2903 est.
419 2862 525 2925 neque
553 2863 708 2927 umquam
735 2841 821 2926 apud
850 2839 937 2904 hunc
965 2863 1023 2926 pro
1046 2842 1233 2905 accusativo
1261 2842 1430 2923 genetivus
1456 2840 1508 2901 ad-

107 2942 175 3007 dita
196 2944 313 3007 vocula
335 2945 371 3009 έκ
393 2946 566 3026 invenitur,
591 2945 624 3008 id
648 2944 735 3030 quod
759 2945 795 3007 fit
817 2944 962 3028 Theogn.
987 2944 1049 3009 431
1075 2940 1164 3033 ᾧτις
1184 2940 1322 3031 σώφρον)
1337 2940 1434 3031 stass
1455 2948 1509 3007 τὸν

106 3047 240 3134 ἄφρονα,
265 3052 323 3113 κάκ
346 3058 444 3114 κακοῦ
465 3050 596 3115 ἐσθλόν.
635 3049 698 3114 alia
721 3048 832 3129 verba,
862 3071 945 3134 quae
969 3049 1033 3113 hue
1057 3058 1215 3135 spectant,
1239 3048 1401 3113 rarissima
1425 3058 1508 3128 sunt,

107 3154 176 3215 sive
201 3175 278 3216 casu
300 3153 421 3217 factum
446 3163 505 3237 est,
533 3164 568 3216 ut
595 3176 633 3217 ea
656 3175 720 3216 non
743 3161 949 3237 usurpentur,
973 3155 1060 3238 quod
1082 3155 1115 3217 in
1138 3154 1241 3218 verba
1262 3153 1450 3218 nominandi
1479 3166 1508 3213 ot

107 3257 244 3341 putandi
275 3256 375 3337 cadit,
411 3260 479 3322 sive
510 3257 613 3321 verba
642 3258 803 3342 quaedam
832 3257 977 3321 nondum
1011 3267 1047 3320 ut
1076 3257 1176 3341 apud
1194 3256 1372 3321 Homerum
1402 3259 1446 3319 ita
1478 3260 1506 3317 in

107 3361 226 3445 elegeis
249 3372 372 3442 extant,
398 3363 486 3426 velut
509 3363 745 3428 dnodenarium.
784 3363 826 3426 ad
851 3363 947 3447 quod,
972 3372 1126 3447 quantum
1150 3362 1191 3426 ad
1209 3364 1342 3427 Homeri
1367 3364 1509 3425 carmina

107 3468 256 3550 pertinet,
287 3466 478 3555 ἀποφαίνειν
509 3469 646 3549 accedit,
677 3453 763 3553 quod
791 3467 890 3531 semel
918 3470 949 3529 in
978 3465 1097 3548 elegeis
1125 3468 1296 3549 invenitur,
1326 3464 1388 3529 Sol.
1413 3465 1443 3545 4,
1468 3467 1508 3526 33

105 3572 245 3656 οἶίκοσμα
268 3571 323 3636 καί
344 3575 438 3658 ἄρτια
460 3567 556 3637 πάντ’
568 3571 753 3659 ἀποφαίνει.

210 3676 426 3742 Accusativus
458 3679 512 3761 qui
544 3676 661 3740 dicitur
691 3677 906 3758 relationis,
945 3678 998 3760 qui
1034 3678 1111 3739 satis
1146 3675 1254 3739 multis
1290 3676 1369 3739 locis
1405 3686 1507 3755 extat,

107 3781 297 3867 plerumque
333 3804 406 3846 cum
444 3782 627 3862 adiectivis,
664 3804 794 3866 perraro
826 3802 901 3845 eum
931 3780 1039 3844 verbis
1071 3782 1284 3864 coniungitur.
1332 3784 1507 3843 accusativi

107 3896 225 3968 autem,
249 3895 284 3949 ut
307 3888 452 3951 omittam
475 3885 646 3962 adiectiva‚
672 3885 847 3970 dequibus
870 3884 954 3948 infra
977 3895 1100 3967 agetur,
1127 3894 1213 3947 sunt:
1237 3886 1391 3968 γλῶσσαν,
1414 3879 1507 3963 εἶδος,

106 3992 205 4072 ἰσχύν,
233 3992 381 4080 κεφαλήν,
408 3989 539 4073 κραδίην
563 3991 665 4078 (κῆρ),
696 3994 830 4080 μορφήν,
855 4000 964 4071 νῶτον,
993 3992 1111 4071 πόδας,
1141 3989 1278 4076 στέρνον,
1302 3994 1391 4077 φυήν,
1420 3995 1507 4073 χρία,

106 4096 221 4179 θυμόν,
245 4098 347 4182 ὀργήν,
372 4099 487 4184 ψυχήν,
519 4118 600 4179 quae
632 4096 835 4159 substantiva
866 4097 972 4159 omnia
1003 4094 1044 4159 ad
1076 4117 1190 4179 corpus
1219 4096 1426 4179 animumque
1455 4096 1496 4156 llll

106 4222 238 4265 manum
268 4221 441 4283 eorumque
475 4211 584 4285 partes
618 4203 789 4286 pertinent.
835 4209 965 4284 praeter
1002 4200 1083 4263 haec
1122 4200 1221 4265 semel
1259 4200 1376 4284 legitur
1409 4194 1506 4284 ἔργονΙᾸ

106 4305 250 4389 Theogn.
276 4305 349 4386 901,
374 4327 436 4389 quo
460 4328 524 4370 uno
547 4306 617 4369 loco
640 4304 842 4370 adtributum
866 4305 907 4369 ad
931 4304 1170 4369 substantivum
1194 4304 1328 4367 accedit.

211 4410 264 4474 Ex
295 4410 465 4474 adiectivis
496 4433 573 4474 vero
604 4412 864 4495 frequentissime
896 4409 1111 4495 superlativus
1142 4412 1271 4494 ἄριστος
1300 4412 1391 4494 isque
1424 4411 1507 4471 solus

106 4525 138 4578 et
164 4513 206 4579 ab
235 4514 377 4579 Homero
405 4525 437 4577 et
467 4516 498 4577 in
528 4515 647 4598 elegeis
677 4537 751 4577 cum
780 4515 936 4577 eiusmodi
964 4516 1159 4577 accusativis
1188 4516 1405 4597 coniungitur:
1437 4525 1508 4577 νοῖτ·

104 4617 158 4683 καί
180 4619 327 4701 γλῶσσαν
350 4618 413 4683 Sol.
438 4618 490 4695 27,
518 4619 567 4700 13,
599 4619 689 4700 ίσχύν
711 4618 790 4682 ibid.
816 4619 867 4699 21,
890 4618 918 4702 θ,
946 4612 1033 4697 εἶδος
1056 4619 1153 4683 Phoe.
1178 4620 1209 4703 3,
1233 4620 1266 4699 43
1300 4640 1394 4703 porro
1427 4642 1495 4681 corn
