3392 5067
1453 206 1511 277 177

117 402 173 469 καὶ
201 408 298 484 καλὸς
327 406 370 470 ὢν
399 402 519 487 ἔλαχεν.
565 429 662 491 saepe
689 409 721 470 in
750 406 906 472 eiusmodi
935 406 1109 472 enuntiatis
1136 416 1284 490 tempora
1307 407 1350 470 ita
1374 408 1512 488 variant,

119 518 154 570 ut
176 509 271 572 modo
293 511 430 573 aoristus
458 511 552 575 modo
580 534 733 597 praesens
760 514 953 592 inveniatur,
982 512 1072 575 velut
1099 510 1163 575 Sol.
1183 511 1232 594 13,
1262 510 1302 573 67
1317 531 1385 595 sqq.
1410 506 1513 575 ἄλλό

118 615 175 696 μέν
197 610 232 677 εὖ
247 611 348 698 έρδειν
370 620 565 699 πειρώμενος
587 619 623 680 οὐ
645 619 827 702 προνοήσας
845 617 851 700 l
871 618 916 695 εἰς
938 617 1074 703 μεγάλην
1097 617 1175 702 ἄτην
1198 613 1251 681 καὶ
1274 615 1415 703 χαλεπήν
1437 610 1513 679 έπε-

119 739 185 797 σεν,
212 718 284 804 1τῴ
312 718 347 783 δὲ
374 727 476 797 κακῶς
502 718 625 805 έρδοντι
652 724 730 799 θεὸς
763 719 838 807 περὶ
865 725 971 786 πάντα
1001 718 1133 786 δι’διυσιν
1157 720 1161 805 Ι
1186 717 1351 806 συντυχίην
1378 721 1513 804 ἀγαθήν,

119 816 244 886 ἔκλυσιν
258 824 445 911 ἀφροσύνης,
470 823 615 907 Theogn.
629 824 693 889 225
701 848 748 910 sq.
766 819 836 890 ἀλλ)
852 824 869 889 ὁ
885 827 942 909 μὲν
965 829 1021 890 οὐκ
1043 822 1150 889 ἐθέλει
1166 821 1422 910 κακοκερδείησιν
1438 821 1513 887 έπε-

119 930 211 1005 σθαι,
230 925 233 1012 1
250 935 295 1013 τῷ
312 927 346 991 δὲ
363 926 574 993 δολοπλοκίαι
589 929 710 1012 μᾶλλον
725 931 860 994 όπιστοι
878 929 965 995 δίδον.
991 928 1048 993 sed
1071 950 1136 992 non
1159 928 1261 991 solum
1283 931 1317 991 in
1340 928 1514 990 enuntiatis

119 1030 290 1112 primariis,
314 1052 429 1094 verum
459 1034 556 1096 etiam
587 1034 619 1095 in
651 1035 824 1097 enuntiatis
855 1032 998 1097 relativis
1029 1035 1166 1097 aoristus
1199 1034 1246 1095 sic
1277 1031 1442 1095 adhibitus
1467 1040 1515 1093 est

120 1136 206 1196 etin
229 1133 330 1197 altero
353 1136 499 1200 membro
522 1140 679 1201 enuntiati
703 1137 854 1223 bipertiti,
885 1137 971 1223 quod
999 1136 1182 1201 membrum
1209 1139 1306 1200 etiam
1334 1137 1367 1199 in
1395 1136 1514 1219 elegeis

120 1241 276 1315 enuntiati
299 1242 444 1325 primarii
466 1243 567 1306 instar
589 1265 660 1306 esse
683 1242 772 1325 solet,
800 1252 836 1306 ut
864 1241 927 1306 Sol.
950 1243 980 1320 4,
1007 1244 1046 1307 15
1062 1263 1108 1328 sq.
1137 1242 1156 1331 ἢ
1177 1250 1299 1325 σιγῶσα
1327 1240 1453 1305 σύνοιδε
1475 1244 1515 1303 τὰ

119 1345 285 1428 γιγνόμενα
307 1348 371 1429 πρό
393 1343 423 1411 τ)
438 1347 541 1425 ἐόντα,
558 1347 561 1432 l
576 1356 621 1434 τῷ
645 1346 680 1414 δὲ
702 1349 803 1434 χρόνῳ
827 1352 956 1427 πόντιος
977 1342 1055 1435 ἦλθ’
1071 1343 1298 1430 διποτισομένη,
1323 1353 1355 1407 et
1377 1345 1411 1407 in
1434 1342 1513 1424 aliis,

119 1457 155 1509 ut
177 1448 323 1533 Theogn.
353 1449 413 1513 195
434 1474 481 1537 sq.
504 1450 578 1517 ἐπεὶ
599 1454 733 1539 κρατερή
755 1477 810 1535 μιν
832 1453 976 1540 ἀνάγκηι
1004 1453 1113 1533 ε’ντύει,
1141 1454 1160 1537 ή
1188 1446 1218 1513 τ’
1238 1450 1353 1535 ἀνδρὸς
1375 1450 1515 1535 τλήμονα

120 1557 201 1640 θήκε
223 1560 296 1619 νόον
325 1564 358 1617 et
388 1553 451 1618 Sol.
480 1556 510 1637 4,
537 1555 580 1618 20
610 1555 646 1634 ὃς
667 1556 794 1621 πολλῶν
823 1556 936 1642 ἐρατὴν
958 1556 1074 1620 ὤλεσεν
1095 1552 1227 1643 ήλικίην.
1280 1554 1358 1616 item
1382 1553 1515 1615 Homeri

120 1678 208 1721 more
232 1658 265 1720 in
291 1657 500 1723 similitudine
537 1658 604 1741 illa,
643 1682 725 1744 quae
761 1659 849 1745 apud
888 1660 950 1725 Sol.
985 1660 1034 1741 13,
1061 1658 1099 1722 17
1129 1679 1198 1743 sqq.
1238 1665 1336 1733 extat,
1376 1658 1514 1720 aoristus

120 1763 288 1843 gnomicus
308 1760 435 1845 legitur.
977 1743 981 1751 Ι

224 1864 268 1929 Ut
283 1867 348 1929 iam
365 1867 405 1930 de
429 1867 602 1951 perfecto
626 1890 731 1952 pauca
746 1867 876 1948 addam,
894 1877 1007 1932 extant
1030 1867 1152 1931 formae
1170 1866 1263 1950 duae,
1288 1886 1380 1949 quae,
1406 1886 1514 1949 quam-

121 1991 218 2052 quam
240 1974 420 2055 praesentis
444 1975 596 2057 temporis
620 1973 724 2037 forma
746 1995 809 2036 non
834 1972 935 2054 deest,
959 1994 1089 2056 prorsus
1105 1973 1138 2033 in
1155 1970 1249 2034 huius
1265 1971 1332 2031 vim
1348 1968 1514 2032 abierunt:

120 2072 237 2160 κέκηδα
265 2075 431 2162 (κήδομαι)
457 2075 549 2161 Tyri.
577 2076 625 2158 12,
650 2076 701 2160 28,
733 2098 796 2161 quo
819 2098 883 2140 uno
907 2076 977 2139 loco
1001 2076 1061 2139 boc
1085 2075 1266 2139 adhibitum
1282 2072 1427 2160 ridetur,
1459 2076 1516 2158 ἀρ-

120 2176 222 2265 γαλέην
252 2204 286 2243 τε
316 2181 416 2266 πόθῳ
446 2191 539 2245 πᾶσα
567 2179 678 2268 κείιηδε
708 2182 803 2259 πόλις
837 2190 870 2243 et
899 2178 1023 2268 λέληθα
1051 2179 1174 2268 (λήθω)
1207 2178 1270 2242 Sol.
1301 2178 1351 2258 13,
1381 2176 1421 2239 27
1453 2176 1516 2242 αἰεὶ

121 2281 149 2346 δ’
166 2282 239 2347 οόὲ
262 2281 394 2369 λέληθε,
419 2290 488 2368 'quo
519 2284 589 2348 loco
620 2288 759 2369 primum
789 2283 914 2371 λέληθα
944 2286 1117 2367 invenitur,
1152 2293 1183 2345 et
1214 2280 1358 2367 Theogn.
1385 2282 1444 2344 121
1470 2281 1516 2346 ἐνὶ

121 2389 280 2472 στήθεσσι
308 2388 439 2477 λελήθη.
479 2411 520 2451 ex
547 2411 681 2453 numero
711 2399 820 2452 autem
851 2411 962 2453 eorum
992 2388 1177 2467 verborum,
1210 2409 1292 2472 quae
1320 2388 1364 2449 ita
1392 2408 1517 2470 compa·

121 2500 192 2553 rata
218 2501 300 2573 sunt,
332 2502 367 2556 ut
392 2492 574 2578 perfectum
602 2494 698 2557 aliam
722 2495 788 2557 vim
812 2493 932 2557 habeat
955 2501 1051 2577 atque
1074 2513 1237 2577 praesens,
1266 2496 1441 2555 πεπᾶσθαι
1465 2491 1517 2554 ad·

122 2595 292 2658 ferendum
321 2605 379 2673 est,
410 2600 529 2683 quippe
560 2600 645 2682 quod
676 2600 816 2682 primum
845 2598 879 2661 in
903 2596 1021 2681 elegeis
1044 2598 1237 2676 inveniatur,
1267 2595 1331 2658 Sol.
1360 2593 1409 2677 13,
1435 2594 1516 2678 lsq.

121 2699 239 2777 ἀδικῶς
261 2700 296 2764 δὲ
318 2706 494 2766 πεπᾶσθαι
514 2702 518 2784 Ι
539 2704 593 2764 οὐκ
616 2700 731 2780 ἐθέλω,
763 2723 902 2787 quocum
933 2701 1003 2765 loco
1027 2701 1172 2783 Theogn.
1197 2699 1260 2763 663
1290 2698 1345 2763 καὶ
1375 2697 1411 2776 ὃς
1433 2700 1519 2783 μάλα

121 2803 226 2868 πολλὰ
241 2801 388 2869 πέπαται
396 2804 421 2890 1)
445 2814 477 2868 et
497 2804 590 2869 Pind.
608 2805 703 2890 Pyth.
721 2804 862 2869 1111113
884 2806 914 2869 εἰ
936 2809 994 2892 γάρ
1017 2829 1066 2884 τις
1088 2804 1165 2869 ἐσλὰ
1188 2802 1336 2870 πέπαται
1360 2803 1516 2867 conferas.

687 3033 716 3111 c)
743 3032 799 3095 De
822 3032 954 3095 modis.

454 3171 487 3256 α)
513 3181 554 3233 De
575 3182 715 3233 modorum
738 3182 767 3232 ιἰι
790 3181 937 3233 enuntiatis
956 3180 1100 3248 primariis
1123 3198 1183 3232 αειι,

226 3307 343 3372 Paucis
365 3309 477 3373 verbis
506 3309 676 3395 complecti
704 3332 884 3395 possumus
913 3329 996 3394 quae
1025 3309 1065 3373 de
1088 3308 1256 3373 modorum
1282 3309 1316 3371 in
1345 3312 1536 3374 enuntiatis

123 3414 281 3495 primariis
305 3435 365 3475 usu
388 3413 526 3477 dicenda
541 3423 624 3478 sunt.
649 3416 707 3477 vix
722 3416 808 3478 enim
824 3416 998 3498 quicquam
1022 3421 1079 3493 est,
1101 3433 1164 3497 quo
1188 3421 1302 3496 poetae
1326 3412 1460 3496 elegiaci
1475 3414 1517 3478 ab

122 3516 160 3577 iis
184 3516 404 3600 scriptoribus
430 3520 485 3603 qui
508 3527 582 3603 post
603 3518 674 3582 illos
696 3516 883 3599 floruerunt,
912 3517 1071 3598 differant,
1104 3527 1136 3579 et
1159 3518 1185 3579 si
1208 3516 1309 3580 multa
1338 3519 1517 3603 antiquissi-

122 3621 182 3682 mis
206 3619 403 3684 carminibus
428 3624 529 3708 epicis
556 3621 778 3707 propliafere
807 3631 889 3701 sunt,
915 3644 1025 3685 eorum
1054 3623 1087 3683 in
1117 3620 1234 3703 elegeis
1264 3621 1387 3684 nullum
1410 3645 1518 3687 exem-

124 3722 214 3807 plum
237 3726 411 3789 invenitur.
463 3748 567 3811 neque
590 3729 688 3811 igitur
711 3727 753 3791 ad
777 3727 1034 3791 indicativum
1053 3726 1173 3788 futuri
1193 3746 1345 3808 umquam
1362 3728 1519 3810 particula

122 3824 252 3912 rs'r(dv)
278 3830 437 3916 aseedit2)
460 3852 566 3916 neque
591 3833 862 3895 coniunctivus
887 3832 954 3893 sive
978 3829 1105 3892 adiecta
1130 3828 1244 3891 eadem
1268 3831 1427 3913 particula
1450 3834 1518 3895 sive

123 3932 241 3995 omissa
263 3934 309 3996 ita
330 3945 513 4019 usurpatur,
537 3946 573 3999 ut
596 3958 697 4021 prope
721 3936 762 3999 ad
778 3937 845 3999 vim
868 3935 968 3999 futuri
991 3933 1137 4015 accedat,
1162 3932 1251 3995 velut
1266 3936 1295 3996 B
1311 3934 1373 3996 488
1391 3936 1520 4023 πληθὺν

229 4160 247 4226 1)
267 4161 344 4226 Apud
363 4163 482 4228 Theogn.
504 4166 553 4212 146
572 4166 653 4213 etiam
672 4165 787 4214 aoristus
806 4165 966 4227 πασάμενος
985 4161 1090 4226 legitur.

225 4247 246 4311 2)
265 4249 354 4313 Bergk
373 4249 493 4314 Theogn.
513 4252 562 4298 877
583 4251 707 4315 neglecta
726 4250 826 4299 codicis
844 4254 871 4299 A
890 4251 1029 4313 scriptura,
1049 4262 1118 4312 quae
1137 4254 1177 4297 est
1195 4244 1254 4313 τάχ’
1268 4238 1311 4309 αὖ,
1330 4245 1439 4297 secutus
1457 4248 1517 4297 reli·

122 4349 189 4398 quos
206 4335 287 4385 libros
305 4332 364 4401 τάχ’
379 4336 413 4385 όν
426 4353 497 4396 τινες
510 4337 587 4386 ἄλλοι
599 4335 708 4388 ἔσονται
726 4339 838 4403 scripsit.
872 4336 943 4401 quod
961 4336 1072 4401 probare
1091 4335 1191 4384 dubito.
1223 4335 1289 4383 falso
1308 4334 1378 4383 idem
1398 4336 1517 4400 Tlreogn.

122 4423 172 4469 641
192 4420 226 4471 οὔ
243 4426 289 4472 τοί
303 4419 326 4471 κ’
340 4421 455 4486 εἰδήσεις
474 4426 597 4474 coniecit.
633 4441 694 4474 nam
716 4440 764 4490 per
783 4426 941 4488 optativum,
961 4423 1053 4486 quiin
1072 4422 1192 4485 proximo
1211 4436 1289 4469 versu
1309 4421 1408 4486 legitur
1427 4422 1462 4486 (si
1479 4424 1518 4489 μή

121 4507 276 4559 σπουδαίου
294 4510 455 4577 πρήγματος
474 4511 647 4578 ἀντιτόχοις),
671 4511 833 4561 indicativus
862 4512 946 4559 futuri
973 4509 1035 4557 ferri
1054 4524 1108 4557 non
1135 4515 1222 4573 potest
1250 4523 1338 4573 neque
1365 4510 1393 4557 in
1421 4510 1520 4559 tradita

121 4597 252 4662 sedptura
270 4594 302 4646 οδ
321 4614 364 4647 τοι
381 4594 404 4646 κ’
417 4597 516 4663 εἰδείης
535 4596 591 4648 οὔτ’
605 4596 703 4649 εὔνουν
722 4596 783 4648 οὔτε
803 4616 846 4648 τοι
865 4598 939 4661 (libri
957 4595 1016 4659 τὸν)
1037 4594 1139 4662 ἐχθρόν
1158 4595 1215 4645 ulla
1233 4598 1303 4645 inest
1321 4596 1439 4645 offensio.

173 4688 341 4731 Dissertationes
354 4690 430 4741 philol.
441 4691 532 4733 Vindob.
546 4692 586 4734 111.
602 4696 621 4733 1.
1332 4684 1361 4730 1‘2
