3392 5067
193 211 236 275 90

192 425 277 482 suas,
308 403 371 467 626
385 425 431 489 sq.
459 405 562 467 mittat
588 406 750 469 immensas
777 430 847 491 opes
872 406 1062 492 lemhaustus
1089 404 1179 468 orbis.
1223 405 1272 467 his
1303 405 1452 469 omnibus
1482 405 1608 491 figuris

194 506 353 573 Octaviae
375 518 411 572 ut
433 508 577 573 Senecae
601 509 719 575 fabulis
743 511 829 576 color
852 510 906 575 ille
928 510 1107 575 rhetoricus
1129 509 1282 576 induitur.
1687 582 1688 597 p

297 613 391 695 Quae
414 613 631 695 Quintilianus
654 614 754 679 VIIII
776 616 798 679 4
825 616 866 681 de
891 616 1119 702 compositione
1146 616 1280 700 exponit
1308 615 1441 701 (tractat
1463 638 1501 681 eo
1522 616 1605 681 loco
1687 604 1688 651 ³

193 718 338 782 ordinem
363 721 620 784 coniunctionem
642 743 811 785 numerum
833 720 998 785 scribendi
1018 719 1164 804 genera),
1185 742 1224 783 ea
1239 720 1416 805 praecipue
1435 718 1478 784 ad
1494 731 1604 785 orato-

193 845 245 885 res
269 832 428 907 spectant,
451 847 516 888 non
538 824 581 889 ad
604 847 757 890 versuum
780 828 965 911 scriptores.
998 824 1055 890 sed
1075 823 1137 890 hac
1153 845 1280 910 quoque
1300 826 1333 888 in
1348 847 1384 888 re
1399 824 1603 890 rhetoricum

193 926 323 991 dicendi
343 950 455 1013 genus,
480 951 542 1014 quo
563 929 688 994 Seneca
710 932 743 994 in
766 930 940 1015 tragoediis
963 952 1040 995 usus
1060 938 1118 1011 est,
1143 929 1296 1013 cognosci
1318 937 1434 1013 potest,
1458 929 1492 993 id
1508 931 1600 1015 quod

192 1030 296 1095 Smith
319 1054 350 1117 p.
377 1032 436 1096 101
449 1055 519 1119 sqq.
549 1034 689 1099 ostendit
712 1034 770 1121 (5)
817 1033 976 1120 exemplis
1003 1034 1045 1100 ab
1074 1055 1111 1097 eo
1139 1056 1181 1097 ex
1204 1033 1348 1099 Senecae
1375 1032 1493 1099 fabulis
1523 1057 1601 1120 pro-

191 1133 263 1199 latis
291 1146 341 1199 sat
368 1138 470 1202 multa
496 1161 539 1203 ex
565 1138 704 1205 O'ctavia
731 1140 865 1225 adiungi
897 1149 1039 1226 possunt.
1077 1138 1178 1204 veluti
1205 1140 1273 1203 eius
1301 1159 1429 1223 quoque
1456 1140 1601 1225 scriptor

192 1261 289 1324 saepe
316 1242 467 1308 voculam
496 1267 557 1307 aon
587 1245 620 1307 in
654 1246 832 1309 sententiae
862 1245 951 1308 initio
981 1245 1100 1331 posuit,
1136 1243 1223 1329 quod
1256 1252 1419 1308 oratorum
1453 1253 1515 1326 est3
1551 1246 1597 1309 ct.
1688 1264 1689 1281 ¹

192 1366 245 1407 vv.
274 1344 325 1427 81,
349 1344 423 1429 238,
451 1346 572 1433 toosq.
604 1371 676 1411 mou
702 1348 783 1412 belia
809 1359 936 1427 morunt,
967 1372 1039 1413 nou
1069 1348 1160 1412 tubae
1183 1348 1334 1435 fremitus
1364 1358 1479 1426 trames,
1500 1348 1505 1435 Ι
1524 1372 1598 1412 aori

191 1472 282 1512 artua
300 1462 411 1535 peotes,
434 1450 509 1527 512,
525 1452 598 1536 650,
615 1452 688 1519 954.
726 1455 810 1518 inter
831 1451 1029 1534 ἀντιθέσεως
1051 1452 1211 1537 exempla,
1235 1474 1318 1538 quae
1341 1454 1438 1517 etiam
1461 1461 1598 1540 propter

191 1553 423 1620 vocabulorum
446 1556 592 1621 ordinem
614 1558 756 1623 notanda
780 1568 864 1639 sunt,
887 1558 1008 1623 adferri
1031 1567 1179 1643 possunt:
1203 1556 1267 1621 222
1275 1578 1345 1644 sqq.
1369 1559 1594 1642 inoperetur...

191 1657 343 1722 sideribus
367 1660 459 1746 freta
478 1663 483 1743 Ι
503 1672 531 1724 et
560 1662 640 1747 ipsis
668 1663 784 1739 aridae,
819 1661 956 1726 Tartaro
987 1662 1070 1725 tristi
1091 1660 1224 1747 potua]
1250 1661 1306 1725 tua
1335 1661 1422 1725 alme
1452 1660 1595 1739 tenebris,

190 1762 331 1851 roscidae
348 1765 429 1827 nocti
443 1764 517 1844 dies,
542 1765 657 1851 tltsq.
675 1766 738 1830 dies
758 1770 762 1847 Ι
782 1766 935 1829 sideribus
955 1766 1036 1829 utris
1050 1767 1137 1829 cessit
1152 1774 1180 1828 et
1195 1768 1276 1829 noeti
1288 1766 1383 1851 polus
1402 1764 1442 1830 al.
1465 1775 1540 1852 apte
1561 1769 1596 1830 in

190 1865 241 1930 his
263 1868 411 1933 versibus
433 1892 531 1935 voces
554 1872 637 1936 inter
660 1892 694 1934 se
717 1872 884 1957 oppositae
907 1872 1098 1936 coniunctae
1121 1878 1204 1955 sunt,
1229 1872 1313 1934 sicut
1329 1892 1361 1933 v.
1380 1870 1440 1934 127
1465 1870 1596 1956 Stypiae

185 1983 377 2056 parentem
405 1986 514 2039 uetus
540 1976 685 2060 imposuit
710 1976 787 2051 rati,
821 1976 883 2039 164
910 1975 1032 2039 miscuit
1062 1975 1225 2039 couiuurc
1252 1974 1320 2038 uiro
1346 1997 1461 2039 ueneno
1487 1998 1592 2041 saeve.

191 2075 278 2160 quod
309 2077 449 2163 denique
479 2078 521 2143 ad
552 2081 790 2164 compositionis
812 2102 934 2165 genera
944 2081 966 2167 ¹)
997 2079 1135 2162 adtinet,
1167 2078 1324 2143 Octaviae
1358 2080 1496 2164 scriptor
1528 2102 1594 2144 non
1689 2166 1690 2171 ἵ

190 2188 257 2244 tam
284 2180 388 2264 longis
412 2182 542 2267 quidem
568 2193 667 2270 atque
690 2184 872 2249 artificiosis
898 2184 1040 2269 periodis
1063 2185 1173 2265 utitur,
1197 2182 1309 2268 quales
1332 2181 1384 2247 hic
1411 2183 1477 2249 illie
1504 2184 1595 2269 apud
1689 2190 1690 2195 ’

190 2282 350 2347 Senecam
380 2284 576 2373 leguntur,²)
603 2298 637 2353 at
663 2287 869 2353 membratim
896 2288 1080 2373 caesimque
1089 2286 1114 2375 3)
1149 2308 1252 2372 aeque
1282 2288 1367 2353 bene
1397 2310 1436 2354 ac
1466 2287 1594 2353 Seneca

190 2388 311 2453 scribit.
348 2390 388 2453 cf.
411 2400 541 2475 praeter
563 2414 617 2455 vv.
641 2391 704 2455 222
713 2414 782 2477 sqq.
806 2392 902 2457 modo
924 2392 1049 2457 adlatos
1071 2414 1125 2457 vv.
1152 2391 1291 2478 rotsqq.
1315 2394 1465 2477 pcaetrice
1488 2416 1593 2471 caesa,

187 2515 244 2578 per
268 2493 365 2557 scetus
390 2505 482 2579 rupto
502 2508 611 2581 patre,
634 2497 744 2561 orbata
760 2498 883 2583 fratre,
906 2498 1036 2561 miseriis
1059 2497 1145 2561 luctu
1167 2496 1289 2575 obruta,
1313 2520 1450 2561 moerore
1467 2520 1593 2582 pressa,

189 2598 314 2684 couiupi
345 2600 455 2678 ineisa,
490 2600 554 2665 240
567 2623 646 2687 sqq,
679 2601 743 2665 320
757 2623 838 2688 sqq,
868 2601 934 2666 400
949 2624 1029 2687 sqq,
1060 2601 1218 2688 409sqq.,
1248 2602 1406 2687 mosqq„
1434 2600 1499 2665 485
1510 2624 1593 2688 sqq,

188 2701 344 2787 arosqq„
369 2703 433 2768 615
448 2727 516 2790 sqq.
533 2706 573 2771 al.
619 2729 662 2770 ex
691 2706 740 2770 his
767 2707 916 2771 omnibus
944 2729 1032 2790 vero,
1063 2729 1146 2793 quae
1174 2705 1301 2771 Smithii
1332 2707 1593 2771 dissertationem

190 2808 292 2870 secuti
323 2830 366 2871 ex
394 2808 533 2873 Octavia
570 2810 774 2895 protulimus,
812 2811 1019 2876 manifestum
1058 2833 1127 2875 esse
1161 2819 1240 2897 puto
1277 2809 1372 2875 huius
1404 2811 1593 2895 tragoediae

189 2912 379 2995 scriptorem
413 2913 560 2978 doctrina
593 2915 754 2979 rhetorica
788 2936 886 3000 quam
919 2917 1060 2981 maxime
1093 2914 1255 2979 imbutum
1288 2913 1401 2997 fuisse,
1436 2915 1471 2979 id
1505 2918 1593 3001 quod
1690 2958 1691 2977 t

189 3015 287 3080 etiam
309 3038 351 3079 ex
374 3017 507 3101 singulis
530 3017 628 3083 rebus
651 3018 693 3083 ad
716 3019 840 3107 usum4)
865 3019 1092 3085 scholasticum
1115 3018 1351 3105 pertinentibus
1374 3018 1524 3104 adparet·
1548 3021 1591 3086 cf.

190 3118 371 3203 Smithium,
393 3123 499 3206 quiin
522 3125 615 3188 tertio
639 3122 737 3190 libelii
760 3127 809 3188 sui
832 3126 939 3209 capite
963 3124 1104 3209 singulas
1126 3146 1189 3209 res,
1213 3146 1297 3209 quae
1320 3124 1363 3188 ad
1384 3146 1480 3190 usum
1503 3124 1593 3189 scho-

189 3223 337 3287 lasticum
365 3234 522 3310 spectant,
550 3229 718 3310 tractavit3
753 3239 785 3292 et
812 3250 887 3293 cum
910 3229 1067 3315 exemplis
1090 3228 1133 3293 ab
1156 3227 1210 3293 illo
1234 3249 1277 3290 ex
1301 3226 1445 3292 Senecae
1472 3228 1592 3295 fabulis

189 3331 351 3412 congestis
382 3329 526 3395 nonnulli
557 3331 713 3397 Octaviae
745 3333 807 3397 loci
842 3336 991 3419 componi
1021 3342 1168 3419 possunt,
1205 3354 1284 3419 quos
1314 3336 1379 3399 iam
1409 3333 1591 3419 proferam:

188 3434 382 3517 generalitas
409 3435 599 3524 rhetorica5)
627 3439 763 3503 fortasse
791 3439 963 3504 statuenda
991 3447 1038 3504 est
1060 3439 1133 3504 Oct.
1158 3461 1190 3503 v.
1213 3437 1278 3503 575
1309 3439 1430 3502 meiero
1457 3440 1592 3524 populus

188 3560 349 3623 sempera
370 3563 486 3604 summo
514 3542 623 3628 occipit,
655 3543 771 3628 quibus
797 3543 923 3609 Seneca
950 3544 1124 3630 respondet
1151 3544 1192 3608 ad
1216 3545 1355 3609 Neronis
1377 3543 1492 3610 verba:
1516 3568 1591 3629 pro-

188 3642 309 3707 hibebor
328 3666 409 3707 uum
425 3644 547 3730 facere,
570 3648 653 3731 quod
674 3649 789 3711 cunctis
817 3648 908 3712 iicet?
946 3648 1062 3713 divisio
1071 3649 1097 3734 6)
1123 3658 1231 3714 autem
1259 3657 1373 3713 extare
1399 3648 1530 3713 videtur
1557 3649 1591 3713 in

188 3768 242 3809 vv.
262 3746 326 3811 645
348 3771 478 3814 uoocrcu
501 3753 640 3815 coniume
666 3764 765 3817 muter
786 3752 903 3840 iufeiiu
925 3755 1008 3832 meis,
1037 3753 1099 3817 828
1122 3764 1264 3839 suspecte
1291 3754 1426 3817 cooiurm
1451 3765 1479 3816 et
1504 3775 1592 3817 soror

293 3995 312 4058 ¹)
332 3993 372 4043 Of.
392 3994 535 4046 Smithium
554 4015 579 4063 p.
601 3999 657 4046 tot.

293 4081 314 4146 ²)
332 4080 464 4146 Exempla
483 4084 615 4133 nonnulla
632 4084 719 4134 adfert
737 4086 823 4137 Smith
841 4103 866 4152 p.
888 4089 947 4137 104.

293 4167 315 4233 ³)
334 4168 378 4217 Sic
397 4170 469 4219 enim
489 4170 675 4231 Quintilianus
693 4178 825 4223 oratorem
843 4174 960 4225 scribare
978 4173 1059 4224 iubet.

291 4255 314 4320 ⁴)
332 4256 375 4305 De
393 4272 448 4321 qua
465 4272 494 4307 re
517 4263 622 4324 praeter
639 4258 745 4309 Smithii
763 4260 978 4311 dissertationem
1002 4275 1034 4311 ea
1056 4261 1218 4311 conferenda
1241 4265 1317 4322 sunt,
1342 4275 1411 4324 quae
1429 4260 1485 4309 Leo
1504 4260 1557 4309 vol.
1576 4261 1590 4308 Ι

188 4357 231 4405 pp.
253 4343 389 4393 tta-159
408 4346 537 4409 exposuit.

292 4429 314 4494 5)
333 4429 373 4480 cf.
393 4431 537 4481 Smithium
555 4449 580 4498 p.
601 4434 650 4483 106
669 4439 696 4482 et
713 4434 833 4484 Leonem
853 4435 866 4483 I
884 4451 909 4499 p.
931 4437 1048 4500 149sqq.

291 4515 313 4581 ὓ)
332 4517 436 4568 Divisio
460 4518 603 4569 statuenda
625 4524 674 4581 eat,
696 4520 718 4567 si
737 4535 793 4569 una
810 4535 933 4584 persona,
957 4521 990 4571 de
1009 4524 1085 4571 cuius
1103 4521 1223 4587 pluribus
1241 4521 1383 4571 adtributis
1403 4522 1544 4586 cogitatur,
1562 4522 1591 4568 in

187 4602 277 4670 plures
295 4606 373 4669 quasi
390 4605 531 4668 dividitur3
551 4605 583 4654 cf.
603 4605 745 4656 Smithium
763 4622 790 4671 p.
812 4609 870 4656 111.
