3392 5067
1447 232 1512 296 269

109 422 176 502 tuli,
200 421 352 485 facillime
374 422 442 505 peti
464 429 613 505 poterant
636 442 678 483 ex
701 418 864 504 Ebelingii
886 420 993 484 lexico
1018 419 1050 481 ΙΙ
1074 420 1165 484 3419.
1212 443 1309 506 quem
1336 423 1456 487 librum
1485 427 1511 487 si

111 527 182 611 quis
205 526 364 609 inspicere
389 524 499 605 noluit,
524 526 593 587 eius
616 533 702 587 certe
718 546 784 587 non
799 534 869 587 erat
892 525 1095 588 coniecturas
1118 546 1308 609 proponere.
1342 537 1514 612 praeterea

112 632 138 692 si
166 639 254 693 recte
283 628 448 714 disputavi
476 628 517 691 de
544 650 575 691 V.
599 628 662 691 366
684 649 749 713 sq,
777 627 856 692 illud
883 626 939 693 καὶ
965 630 1039 693 τότε
1066 629 1106 718 δή
1132 629 1261 693 accedit
1289 630 1332 694 ad
1357 629 1413 697 καὶ
1439 634 1512 698 τότε

112 733 317 799 firmandum.
377 733 379 738 ’

217 839 268 902 De
285 836 321 903 δέ
336 837 516 923 apodotico,
535 837 620 923 quod
633 847 759 921 vocant,
776 838 878 901 fusius
893 860 991 923 agere
1006 838 1101 902 huius
1117 839 1179 904 loci
1194 862 1258 904 non
1275 849 1339 920 est3
1355 840 1388 904 id
1405 850 1514 905 autem

113 943 257 1027 dignum,
275 942 359 1027 quod
378 951 513 1018 notetur,
532 963 641 1005 omnes
666 941 959 1025 Argonauticorum
978 942 1066 1007 locos
1088 944 1156 1007 eius
1178 946 1305 1027 generis
1322 967 1404 1026 esse,
1427 945 1513 1029 quod
1574 1016 1576 1022 ,

96 1046 172 1111 uh.
191 1045 405 1132 Gomperzius
427 1046 460 1107 in
477 1044 691 1109 Meletematis
713 1046 908 1110 Herodoteis
932 1046 1166 1133 (Sitzungsber.
1184 1048 1243 1112 der
1258 1048 1393 1113 Wiener
1408 1048 1512 1112 Aoad.

113 1151 278 1237 phil-hist.
304 1148 351 1214 Ol.
377 1148 454 1213 0111
477 1148 542 1213 544
558 1171 637 1234 sqq,
662 1149 727 1212 594
747 1149 832 1236 sqq.)
857 1159 1022 1235 tamquam
1049 1153 1188 1237 primum
1216 1154 1379 1238 proponit:
1417 1154 1513 1237 parti-

113 1254 220 1320 culam
247 1276 375 1340 quoque
398 1253 639 1318 adversativam
666 1255 699 1317 in
726 1256 847 1339 protasi
871 1255 1069 1342 habemusl)
1100 1266 1175 1319 sunt
1196 1266 1307 1321 autem
1329 1279 1443 1322 versus
1466 1257 1513 1321 hi:

113 1341 178 1423 234
200 1358 302 1445 (recte
319 1358 435 1421 Sitzler
455 1351 484 1423 δ’
501 1357 648 1422 defendit
670 1368 783 1423 contra
798 1359 980 1422 Hermanni
1003 1362 1223 1424 coniecturam
1238 1355 1292 1447 ῥ’),
1316 1359 1376 1425 351
1403 1361 1514 1447 (liceat

113 1463 283 1528 absolvere
314 1486 383 1527 rem
406 1463 447 1527 de
479 1462 541 1527 hoc
571 1462 653 1544 loco,
684 1464 739 1529 ubi
762 1464 931 1548 praeeedit
957 1466 1158 1529 enuntiatum
1186 1465 1371 1545 relativum3
1410 1467 1514 1531 forma

113 1570 312 1653 pronominis
343 1564 437 1647 οὗτος
467 1568 555 1653 apud
586 1568 777 1653 Homerum,
807 1570 870 1632 nisi
892 1570 948 1654 qui
978 1591 1030 1633 me
1060 1570 1142 1653 fugit
1166 1591 1183 1632 e
1213 1570 1292 1633 locis
1315 1593 1335 1633 a
1368 1571 1406 1636 L.
1429 1571 1513 1635 Lah-

114 1672 281 1758 meyerol)
305 1672 439 1754 collatis,
474 1694 547 1735 cum
570 1671 606 1739 δέ
633 1673 803 1758 apodotico
831 1694 896 1737 non
924 1675 1138 1757 coniungitur,
1172 1674 1230 1737 sed
1252 1675 1341 1759 apud
1369 1676 1513 1741 Herodo-

114 1787 196 1857 tum3
236 1777 276 1841 cf.
301 1776 317 1841 I
342 1775 430 1863 138),
460 1776 523 1840 649
553 1777 734 1863 (apodosim
764 1779 908 1863 incipere
937 1788 1014 1863 puto
1037 1802 1057 1841 a
1079 1778 1189 1842 verbis
1215 1784 1369 1865 κραιπνὸς
1392 1776 1436 1862 d‘3
1475 1802 1513 1843 eo

115 1883 220 1946 minus
244 1883 341 1965 igitur
365 1903 483 1945 causae
505 1892 563 1955 est,
589 1903 744 1945 curcum
768 1881 886 1947 Wielio
908 1882 943 1945 II
968 1883 1007 1947 13
1024 1905 1070 1968 sq.
1094 1884 1242 1967 ἑγεγώνεε
1267 1889 1373 1972 Τῖφυς
1395 1885 1513 1949 scriba-

114 2008 185 2051 mus
215 2008 274 2072 pro
302 2008 350 2066 eo,
382 1986 468 2071 quod
498 1986 531 2049 in
561 1986 651 2050 libris
683 1986 838 2051 traditum
862 1996 910 2051 est
934 1992 1037 2074 Τῖφυς
1060 1981 1091 2054 d'
1105 1989 1258 2071 ἐγεγώνει,
1290 1990 1351 2051 nisi
1374 2010 1411 2053 re
1434 2010 1513 2053 vera

116 2112 188 2153 eam
221 2090 369 2154 mutandi
401 2112 532 2155 causam
564 2112 634 2154 esse
661 2100 826 2175 putemne,
860 2091 948 2176 quod
977 2093 1091 2156 ceteris
1121 2091 1216 2156 huius
1247 2093 1400 2157 carminis
1434 2093 1513 2157 locis

116 2194 341 2277 gubernatoris
363 2194 448 2259 illius
472 2217 589 2259 nomen
613 2205 669 2259 aut
692 2198 795 2281 primo
812 2205 869 2259 aut
893 2205 1036 2260 extremo
1053 2217 1167 2259 versus
1190 2195 1260 2261 loco
1284 2199 1423 2282 positum
1440 2201 1513 2283 est),

117 2298 190 2379 680,
216 2299 299 2363 1036
331 2296 401 2386 (ὑπ’
421 2298 572 2385 εἰρεσίαις
594 2300 655 2385 δὲ),
686 2300 768 2364 1088
801 2300 1023 2386 (Hermannus
1050 2311 1123 2387 post
1150 2301 1236 2365 hunc
1267 2323 1399 2366 versum
1423 2304 1515 2385 signa

117 2404 252 2479 lacunae
280 2406 397 2487 posuit,
425 2404 511 2488 quod
534 2404 636 2468 verba
664 2412 765 2489 χεῖρες
788 2402 818 2470 d'
838 2398 942 2469 οὐκέτ’
962 2401 1094 2492 ἔμιμνον
1122 2407 1248 2470 initium
1270 2407 1421 2490 apodosis
1445 2429 1515 2471 esse

117 2510 303 2593 nequirent,
329 2508 478 2593 equidem
502 2508 669 2594 apodosim
693 2510 837 2593 incipere
860 2520 939 2594 puto
963 2532 982 2571 a
1002 2532 1033 2573 v.
1052 2509 1136 2573 1092
1158 2507 1306 2594 Ἀγκαῖος
1329 2504 1359 2576 d'
1374 2510 1513 2597 ἐξᾶλτο),

118 2611 198 2676 1341
226 2612 450 2699 (Hermennus
474 2610 511 2678 δέ
532 2614 565 2676 in
588 2636 622 2677 τε
645 2612 807 2697 mutavit).

220 2715 317 2795 Quod
340 2718 366 2779 si
389 2718 423 2781 in
443 2739 543 2780 unum
566 2716 880 2801 comprehendimus,
905 2738 988 2801 quae
1004 2717 1168 2803 disputata
1185 2729 1268 2801 sunt,
1291 2721 1326 2781 in
1342 2721 1514 2783 enuntiatis
1561 2712 1563 2717 ⁵

116 2820 357 2907 temporalibus,
383 2843 466 2906 quae
488 2822 648 2905 prima1iis
670 2819 862 2905 plerumque
885 2801 1095 2907 praecedunt,
1124 2822 1186 2885 hae
1213 2824 1420 2889 inveniuntur
1443 2847 1513 2909 par-

116 2924 283 3012 ticulae³):
307 2926 369 3006 ὅτε,
400 2923 482 3008 ἐκεί,
511 2922 612 3013 ἡνίκα,
635 2922 723 3013 ἦμος,
753 2927 804 3005 ὡς,
832 2925 926 3012 ὄφρα,
950 2924 1069 3013 μέσφα,
1095 2925 1181 3011 πρίν,
1209 2927 1318 2993 ὁπότε.
1366 2932 1515 2993 coniunc-

117 3031 202 3093 tivus
229 3029 280 3093 bis
309 3030 427 3114 legitur
458 3051 531 3093 oum
562 3028 722 3114 particula
745 3031 792 3109 α’ν,
821 3030 872 3093 bis
898 3030 1023 3116 absque
1050 3030 1114 3113 illa,
1142 3034 1304 3117 optativus
1327 3033 1436 3096 semel.
1481 3035 1515 3095 vi

118 3133 238 3197 causali
261 3143 459 3220 usurpantur
481 3132 555 3199 ἐπεί
578 3144 610 3197 et
632 3136 744 3199 οὕνεκα
768 3157 807 3197 ae
830 3134 967 3198 fortasse
990 3138 1042 3214 ὡς.

161 3402 221 3458 IV.
259 3404 308 3457 De
331 3401 514 3458 enuntiatis
537 3402 828 3459 condicionalibus
851 3406 885 3458 et
908 3404 949 3459 de
973 3403 1227 3460 enuntiatorum
1249 3407 1468 3462 relativorum

609 3507 726 3563 formis
750 3499 1019 3586 hypotheticis.⁴)

221 3691 259 3754 In
284 3692 407 3774 primae
431 3690 588 3754 eiusmodi
604 3694 843 3755 enuntiatorum
867 3692 988 3757 formae
1005 3693 1175 3779 exemplis,
1200 3716 1283 3778 quae
1306 3695 1458 3778 leguntur
1481 3698 1514 3759 in

117 3817 148 3857 v.
169 3794 251 3858 1325
275 3804 307 3857 et
331 3795 425 3876 1327,
449 3794 527 3859 nihil
552 3795 638 3881 quod
661 3796 870 3862 memorabile
895 3799 936 3860 sit
958 3799 1052 3879 inest,
1076 3800 1136 3861 nisi
1161 3798 1247 3883 quod
1270 3798 1424 3865 hocloco
1449 3802 1513 3866 duo

224 4093 242 4156 ¹)
261 4092 335 4143 Idem
355 4094 426 4143 cadit
444 4095 471 4142 in
490 4092 628 4159 Apollonii
646 4094 727 4157 locos,
747 4110 813 4159 quos
832 4094 970 4145 Wellauer
988 4096 1149 4162 suppeditat,
1168 4097 1181 4144 I
1199 4098 1259 4160 318,
1273 4099 1332 4161 681,
1353 4101 1419 4149 1236
1439 4105 1466 4150 et
1485 4102 1514 4149 in

119 4180 185 4246 opp.
206 4180 307 4246 Cynsg.
328 4180 416 4230 locum
439 4180 544 4244 11255,
563 4196 643 4246 quem
661 4197 743 4231 unum
763 4182 850 4232 adfert
868 4182 953 4232 Lehre
972 4185 1081 4245 Quaest.
1101 4200 1142 4248 ep.
1160 4200 1186 4248 p.
1204 4186 1262 4234 319.
1298 4185 1513 4237 Halieutieorum

118 4267 171 4317 loci
189 4268 287 4317 ibidem
307 4267 423 4327 collecti,
442 4268 489 4317 ubi
508 4270 522 4317 ὸ
542 4266 573 4317 δὲ
591 4267 728 4331 habemus,
747 4284 801 4318 non
821 4284 914 4318 omnes
932 4271 970 4319 ita
989 4272 1136 4336 comparati
1153 4277 1224 4321 sunt.

222 4354 243 4420 ²)
263 4355 305 4404 De
323 4355 463 4420 apodotico
483 4357 529 4419 qui
548 4356 645 4405 dicitur
663 4355 810 4422 particulae
834 4354 868 4408 δέ
884 4358 913 4405 in
931 4372 1010 4408 carm.
1030 4359 1099 4408 hom.
1119 4376 1177 4410 usn.
1196 4360 1305 4425 Lipsiae
1325 4362 1400 4411 1879.

223 4441 244 4506 ³)
262 4442 354 4492 Habes
373 4457 418 4492 eas
436 4442 582 4492 secundum
600 4442 779 4508 frequentiam
798 4444 922 4510 digestas.

221 4529 243 4593 ⁴)
263 4528 303 4579 cf.
321 4528 352 4579 G.
369 4528 507 4588 Goodwin,
527 4528 722 4580 Classification
740 4530 764 4581 d.
784 4532 883 4595 griech.
901 4531 1011 4597 hypoth.
1030 4532 1117 4583 Sitze.
1135 4534 1233 4584 Philol.
1253 4535 1370 4584 XXVIII
1388 4537 1437 4585 741
1448 4552 1514 4602 sqq,

118 4616 149 4665 L.
163 4614 321 4679 Tillmanns‚
344 4618 379 4666 Ei
402 4619 450 4666 mit
472 4616 529 4667 lnd.
549 4618 573 4666 d.
592 4618 806 4684 Haupttempora
829 4620 882 4668 und
906 4618 955 4669 ἐάν
979 4621 1027 4669 mit
1050 4620 1125 4686 Conj.
1155 4622 1224 4672 Ann.
1243 4622 1309 4687 phil.
1329 4622 1364 4672 01
1383 4624 1514 4690 ittsqq,
