3392 5067
1510 351 1514 358 ,
1549 288 1567 350 'l

169 509 189 551 a
211 487 326 550 ceteris
350 484 526 569 tragoediis
548 483 718 569 paululum
741 483 864 565 differt3
888 484 921 546 in
943 484 1131 548 universum
1155 484 1241 545 enim
1262 482 1295 544 in
1312 501 1351 544 ea
1373 503 1438 545 non
1460 490 1573 564 tantus

168 590 343 655 verborum
366 598 481 671 tumor,
509 596 545 651 ut
571 588 616 652 ita
639 587 757 670 dicam,
787 596 927 672 quantus
953 588 987 650 in
1017 586 1131 650 ceteris
1160 586 1357 670 conspicitur
1380 593 1421 671 et,
1450 583 1486 650 ut
1509 587 1569 651 sin·
1604 595 1606 600 ⁴

169 694 246 777 gula
267 694 480 780 proferantur,
504 693 569 757 iam
584 690 751 777 1110111011)
768 690 954 755 observavit
968 689 1162 777 particulam
1177 690 1285 770 ‘mox’,
1302 711 1385 774 quae
1405 711 1570 775 nusquam

168 802 201 863 in
229 798 361 884 reliquis
388 796 584 881 traegoediis
607 795 738 861 obviam
759 794 806 879 fit,
840 796 874 859 in
897 793 1037 861 Octavia
1060 796 1183 858 octiens
1210 794 1275 878 legi
1303 803 1335 857 et
1359 793 1491 879 quidem
1513 796 1570 878 ita,

169 912 205 966 ut
227 905 295 966 vim
317 901 496 988 particulae
521 900 658 964 ‘deinde’
688 899 822 981 habeat,
850 908 1003 985 recteque
1030 898 1118 963 idem
1146 899 1309 962 mentione
1336 898 1472 982 dignum
1500 921 1570 963 esse

169 1008 225 1090 ait,
249 1005 337 1093 quod
364 1004 528 1071 adiectiva
550 1006 583 1068 in
607 1003 708 1068 ‘ficus'
738 1014 770 1068 01
793 1004 861 1069 ‘fer’
886 1006 1068 1086 terminata,
1098 1025 1235 1088 quorum
1257 1023 1395 1086 magnus
1418 1024 1571 1067 numerus

168 1112 203 1175 in
228 1112 344 1175 ceteris
366 1133 485 1175 novem
507 1108 626 1175 fabulis
650 1117 753 1192 extat,
776 1112 809 1173 in
833 1106 974 1173 Octavia
996 1130 1127 1193 prorsus
1152 1105 1418 1194 desiderantur.²)
1457 1107 1573 1194 quodsi'

169 1215 223 1280 ille
245 1215 379 1281 adnotat
400 1213 595 1301 particulam
617 1214 722 1279 ‘retro’
738 1215 771 1277 in
793 1213 943 1279 omnibus
966 1212 1083 1277 fabulis
1107 1220 1247 1298 excepta
1261 1210 1402 1276 Octavia
1422 1213 1571 1294 inveniri,

169 1319 255 1383 hanc
279 1318 539 1384 observationem
561 1321 623 1383 iam
649 1318 687 1382 B.
706 1316 855 1384 Schmidt
875 1316 952 1381 fecit
974 1319 1009 1380 in
1031 1316 1255 1380 dissertatione
1280 1315 1331 1380 ‘de
1354 1316 1571 1381 emendanda-

170 1447 243 1488 rum
273 1422 417 1487 Senecae
447 1422 689 1507 tragoediarum
718 1421 898 1487 rationibus
933 1423 1076 1485 metricis
1106 1430 1139 1484 et
1167 1420 1376 1506 prosodiacis’
1415 1420 1572 1507 (Berolini

171 1550 199 1591 a.
219 1526 317 1613 1860)
339 1550 371 1614 p.
393 1526 445 1591 34.
490 1527 630 1613 denique
654 1526 742 1591 aliud
766 1547 895 1611 quoque
924 1527 992 1590 eius
1014 1526 1144 1609 generis
1166 1524 1341 1589 discrimen
1368 1526 1453 1588 inter
1477 1525 1572 1590 Octa·

170 1634 257 1697 viam
281 1641 313 1697 et
335 1641 460 1696 ceteras
482 1630 611 1695 fabulas
634 1631 815 1696 intercedit.
853 1652 927 1694 cum
949 1631 1036 1693 onim
1058 1630 1092 1693 in
1114 1627 1247 1715 reliquis
1269 1628 1389 1693 fabulis
1411 1652 1572 1716 nusquam

170 1738 233 1800 nisi
255 1758 319 1800 uno
341 1736 423 1820 loco,
447 1734 520 1800 dico
536 1734 599 1819 Ag.
613 1734 776 1821 v..417sq.
801 1734 919 1819 resupit
941 1734 1027 1818 loqui
1045 1732 1050 1816 1
1069 1756 1154 1796 mens
1176 1754 1271 1819 sopra
1294 1733 1390 1796 100110
1412 1735 1572 1819 01000111-

169 1839 317 1903 borrescit
339 1839 441 1917 molis,
471 1840 651 1925 particulae
681 1838 798 1925 ‘atque’
823 1839 970 1903 traiectio
1002 1836 1145 1902 admissa
1175 1839 1226 1919 sit,
1256 1837 1291 1901 in
1321 1835 1460 1902 Octavia
1491 1840 1573 1903 haec

171 1943 331 2029 particula
347 1945 519 2030 quinquies
535 1943 741 2029 vocabulum,
766 1944 818 2007 cui
833 1942 1065 2029 praeponenda
1080 1952 1159 2026 erat,
1183 1942 1326 2025 sequitur
1350 1942 1395 2027 (v.
1411 1942 1483 2028 110,
1501 1943 1572 2025 165,

171 2048 246 2130 244,
268 2047 343 2127 474,
366 2047 485 2135 561).³)
523 2048 605 2113 haec
627 2048 726 2133 igitur
750 2047 790 2111 de
814 2047 945 2112 dicendi
967 2068 1097 2131 genere,
1123 2046 1207 2132 quod
1230 2049 1263 2109 in
1287 2045 1428 2110 Octavia
1449 2049 1574 2133 conspi-

172 2155 265 2217 citur.
311 2154 424 2217 iamsi
449 2158 518 2216 rem
541 2154 710 2218 metricam
729 2153 934 2237 respicimus,
958 2151 1246 2215 animadvertimus
1269 2152 1301 2213 in
1326 2150 1420 2215 huius
1443 2150 1573 2216 fabulae

171 2255 321 2321 versibus
348 2259 533 2342 anapaestis
564 2256 710 2321 licentias
734 2256 893 2342 quasdam
920 2257 1049 2341 saepius
1073 2277 1172 2341 quam
1197 2256 1231 2318 in
1255 2256 1370 2318 ceteris
1398 2256 1573 2339 tragoediis

172 2361 332 2425 admissas
360 2362 440 2426 esse.
491 2361 608 2446 quibus
636 2360 785 2425 omnibus
813 2360 912 2425 rebus
939 2360 1095 2445 respectis
1123 2362 1188 2423 iarn
1215 2357 1344 2445 nemo⁴)
1371 2369 1450 2445 puto
1477 2359 1574 2424 hodie

174 2464 347 2547 dubitabit,
371 2467 449 2552 quin
473 2465 611 2530 Octavia
634 2489 654 2529 a
677 2466 716 2530 L.
733 2464 870 2529 Annaeo
894 2464 1021 2529 Seneca
1043 2462 1264 2527 abiudicanda
1286 2464 1336 2527 sit.

278 2569 344 2635 Sed
367 2570 432 2633 iam
455 2572 556 2633 oritur
575 2571 730 2654 quaestio,
755 2592 775 2633 a
790 2591 854 2655 quo
877 2577 974 2654 poeta
989 2568 1044 2632 vel
1065 2575 1101 2632 ut
1123 2569 1244 2632 rectius
1264 2566 1421 2651 dicamus,
1446 2591 1575 2634 cumea

172 2696 225 2738 res
242 2676 310 2738 erui
326 2676 385 2738 vix
399 2676 509 2760 possit,
527 2695 590 2760 quo
605 2683 750 2759 tempore
765 2673 848 2737 haec
863 2682 1036 2758 praetexta
1052 2674 1230 2758 composita
1253 2673 1303 2736 sit.
1337 2693 1434 2757 quam
1446 2674 1486 2737 in
1506 2696 1575 2737 rem

173 2788 209 2843 ut
235 2780 419 2843 accuratius
448 2779 654 2865 inquirerem,
685 2778 764 2842 mihi
792 2780 826 2843 in
853 2776 915 2841 hoc
942 2776 1052 2841 libello
1076 2776 1312 2840 conscribendo
1334 2779 1497 2863 proposui.
1543 2785 1576 2841 et

172 2884 314 2968 primum
337 2881 469 2967 quidem
490 2904 624 2947 necesse
644 2882 775 2947 videtur
799 2881 970 2965 diligenter
990 2881 1188 2963 examinare,
1212 2902 1296 2965 quae
1320 2881 1487 2965 usquead
1514 2881 1576 2945 hoc

173 2996 302 3072 tempus
325 2986 367 3051 ab
395 2985 578 3051 hominibus
601 2985 704 3050 doctis
731 2986 858 3072 prolata
880 2986 944 3049 sint
971 2984 1014 3048 ad
1041 2983 1127 3049 hanc
1150 2986 1371 3069 quaestionem
1400 2987 1573 3073 expedien-

173 3090 260 3175 dam,
283 3100 319 3155 ut
340 3090 474 3177 planum
496 3090 563 3174 fiat,
587 3089 664 3175 quid
687 3090 734 3155 illi
756 3091 790 3154 in
812 3088 875 3154 hac
898 3112 933 3154 re
956 3088 1128 3153 tractanda
1150 3090 1356 3174 profecerint.

278 3192 400 3260 Omnes
427 3195 507 3277 fere,
536 3196 591 3280 qui
618 3203 693 3259 ante
717 3195 876 3258 Veterum
898 3193 939 3257 de
966 3201 1120 3279 tempore,
1148 3214 1212 3278 quo
1235 3192 1374 3258 Octavia
1400 3195 1577 3279 composita

279 3389 298 3455 1)
317 3389 349 3438 111
367 3388 564 3450 dissertatione,
583 3403 664 3450 quam
683 3388 725 3437 ‘de
744 3386 847 3437 Seneca
865 3386 1065 3451 tragoediarum
1083 3386 1202 3435 auctore‘
1222 3388 1379 3451 conscripsit
1397 3387 1576 3454 (Naumburgi

173 3491 197 3527 a.
213 3475 293 3541 1862)
312 3493 336 3542 p.
351 3478 377 3526 3.
1517 3516 1521 3525 .
1557 3517 1560 3523 .

278 3562 300 3627 ²)
319 3562 403 3612 Cuius
426 3563 465 3611 101
488 3560 652 3626 probabilem
673 3575 781 3610 causam
800 3560 907 3611 adicere
925 3562 1063 3625 potuisset,
1089 3560 1112 3609 si
1130 3574 1164 3609 ea
1181 3559 1300 3625 legisset,
1323 3574 1393 3625 quae
1411 3562 1442 3610 B.
1456 3560 1576 3611 Schmidt

172 3652 203 3699 in
215 3649 442 3700 commentatione
455 3648 498 3699 ‘de
510 3648 691 3698 Romanorum
706 3648 852 3713 tragoedia'
866 3648 934 3697 Mus.
947 3647 1033 3697 Rhen.
1046 3646 1112 3697 XVI
1125 3664 1150 3713 p.
1158 3649 1263 3712 589sq,
1275 3646 1337 3701 adn.
1349 3647 1472 3713 protulit:
1492 3647 1576 3698 Sene-

173 3752 231 3787 cam
250 3736 306 3786 illis
324 3736 462 3787 adiectivis
480 3750 558 3785 usum
577 3736 678 3801 priores
696 3740 789 3800 poetas
807 3735 923 3800 tragicos
941 3735 1075 3784 imitatum
1094 3748 1160 3786 esse.

278 3823 299 3890 3)
318 3822 396 3884 Quod
413 3824 466 3872 iam
486 3823 516 3872 B.
530 3821 651 3873 Schmidt
669 3824 697 3871 in
716 3822 828 3872 ‘observ
842 3822 899 3871 crit.
913 3822 948 3870 ad
967 3820 1087 3871 Senecae
1105 3822 1183 3886 trag.'
1202 3822 1296 3887 (Ionae
1314 3837 1339 3871 a.
1359 3821 1437 3886 1865)
1456 3838 1481 3887 p.
1498 3823 1574 3887 llsq.

173 3910 333 3961 observavit.
353 3909 425 3975 quod
443 3910 465 3959 si
483 3908 531 3959 ille
549 3924 573 3958 v.
588 3910 639 3957 241
657 3910 695 3958 sic
718 3908 798 3973 legit:
823 3909 976 3973 fruiturque
992 3910 1047 3958 otto
1064 3910 1215 3971 memorque
1232 3910 1347 3958 animam
1363 3909 1443 3958 110111
1460 3908 1576 3974 ideoque

171 4000 244 4048 hunc
262 3997 351 4047 locum
371 3998 469 4059 omisit,
488 3998 545 4046 iure
558 3996 669 4046 Richter
687 4001 715 4045 et
731 3996 787 4046 Leo
807 3996 913 4046 codices
931 3997 1018 4045 secuti
1036 3995 1179 4045 ediderunt
1196 3998 1302 4045 aoniam
1319 4002 1403 4059 atque,
1422 4010 1492 4061 quae
1511 3997 1575 4045 scri-

172 4090 253 4153 ptura
270 4086 323 4135 iam
342 4086 370 4134 in
389 4083 475 4133 Delrii
494 4083 612 4133 editione
631 4088 712 4133 extat.

276 4171 298 4237 ι)
317 4171 395 4234 Nam,
413 4185 493 4236 quern
505 4164 540 4219 M.
551 4170 654 4231 Hoche,
674 4171 766 4235 quiin
784 4168 878 4219 libello
891 4170 925 4218 de
942 4171 1035 4219 metris
1053 4169 1173 4220 Senecae
1191 4171 1338 4234 composito
1357 4169 1449 4235 (Halis
1460 4185 1484 4219 a.
1497 4171 1574 4236 1862)

173 4259 255 4326 praef.
268 4276 294 4325 p.
310 4263 321 4307 l
343 4259 419 4308 dicit:
439 4259 497 4307 ‘wie
516 4256 587 4306 denn
606 4258 649 4307 die
668 4256 838 4321 gewolrnlich
856 4256 926 4306 auch
945 4256 1005 4306 dem
1025 4256 1129 4307 Seneca
1147 4256 1373 4322 zugesehriebene
1392 4256 1525 4309 Octavia.
1540 4296 1545 4307 .
1559 4258 1574 4307 .'

173 4354 279 4413 praeter
296 4344 481 4395 Klotaschium
505 4342 706 4409 significaverit,
730 4344 854 4409 squidem
874 4358 939 4393 sane
957 4344 1057 4393 nescio.
1094 4359 1164 4393 unus
1182 4344 1213 4393 L.
1232 4343 1265 4393 de
1281 4344 1385 4407 Ranke,
1405 4346 1451 4410 qui
1469 4346 1574 4394 01882

174 4432 306 4483 nonnulla
323 4432 357 4482 de
370 4431 489 4481 Senecae
502 4430 648 4496 tragoediis
661 4431 827 4496 conscripsit,
846 4430 987 4480 Octaviam
999 4446 1017 4481 a
1029 4430 1134 4481 Seneca
1151 4446 1206 4481 non
1219 4430 1395 4493 abiudicavit,
1413 4447 1464 4482 nec
1483 4437 1575 4482 10111011

174 4520 292 4587 -quod
309 4534 375 4570 sane
393 4517 544 4568 mirandum
564 4524 604 4568 est
623 4546 656 4571 -.
675 4516 856 4581 difficultates,
876 4533 942 4583 quas
960 4533 1041 4584 supra
1058 4521 1335 4581 commemoravimus,
1349 4520 1448 4584 tetigit,
1467 4519 1574 4569 01211)-

173 4606 350 4674 handlungen
367 4606 423 4656 und
435 4605 573 4656 Versuche
592 4621 646 4656 von
660 4605 692 4655 L.
705 4621 730 4655 v.
743 4605 847 4656 Ranke.
869 4606 947 4656 Neue
961 4606 1128 4673 Sammlung.
1147 4606 1378 4673 Herausgegeben
1390 4622 1444 4657 von
1457 4607 1487 4657 A.
1497 4607 1575 4662 Dove

173 4696 229 4755 und
248 4696 298 4747 Th.
310 4694 508 4747 Wiedsmann.'
526 4694 635 4761 Lipsiae
656 4694 731 4757 1888,
751 4712 775 4760 p.
791 4695 887 4764 59sqq.
