<?xml version="1.0" encoding="UTF-8"?>
<!DOCTYPE html PUBLIC "-//W3C//DTD XHTML 1.0 Transitional//EN"
    "http://www.w3.org/TR/xhtml1/DTD/xhtml1-transitional.dtd">
<html xmlns="http://www.w3.org/1999/xhtml" xml:lang="en" lang="en">
 <head>
  <title>
</title>
<meta http-equiv="Content-Type" content="text/html;charset=utf-8" />
  <meta name='ocr-system' content='tesseract 3.04.00' />
  <meta name='ocr-capabilities' content='ocr_page ocr_carea ocr_par ocr_line ocrx_word'/>
</head>
<body>
  <div class='ocr_page' id='page_1' title='image "./dissertationesp04wiengoog_0351.png"; bbox 0 0 3392 5067; ppageno 0'>
   <div class='ocr_carea' id='block_1_1' title="bbox 167 219 231 285">
    <p class='ocr_par' dir='ltr' id='par_1_1' title="bbox 167 219 231 285">
     <span class='ocr_line' id='line_1_1' title="bbox 167 219 231 285; baseline 0 0"><span class='ocrx_word' id='word_1_1' title='bbox 167 219 231 285; x_wconf 83' lang='lat'><strong>340</strong></span> 
     </span>
    </p>
   </div>
   <div class='ocr_carea' id='block_1_2' title="bbox 169 409 1562 602">
    <p class='ocr_par' dir='ltr' id='par_1_2' title="bbox 169 383 1695 602">
     <span class='ocr_line' id='line_1_2' title="bbox 270 409 1562 498; baseline 0.002 -25"><span class='ocrx_word' id='word_1_2' title='bbox 270 411 307 474; x_wconf 82' lang='lat' dir='ltr'><strong>E.</strong></span> <span class='ocrx_word' id='word_1_3' title='bbox 346 409 480 476; x_wconf 82' lang='lat' dir='ltr'>Constat</span> <span class='ocrx_word' id='word_1_4' title='bbox 499 433 542 474; x_wconf 89' lang='lat' dir='ltr'><strong>ex</strong></span> <span class='ocrx_word' id='word_1_5' title='bbox 561 410 723 496; x_wconf 88' lang='lat' dir='ltr'><strong>bisyllabo</strong></span> <span class='ocrx_word' id='word_1_6' title='bbox 744 420 777 474; x_wconf 93' lang='lat' dir='ltr'><strong>et</strong></span> <span class='ocrx_word' id='word_1_7' title='bbox 795 411 890 476; x_wconf 84' lang='lat' dir='ltr'><strong>verbi</strong></span> <span class='ocrx_word' id='word_1_8' title='bbox 910 411 1043 475; x_wconf 89' lang='lat' dir='ltr'><strong>alicuius</strong></span> <span class='ocrx_word' id='word_1_9' title='bbox 1063 412 1262 496; x_wconf 90' lang='lat' dir='ltr'><strong>insequentis</strong></span> <span class='ocrx_word' id='word_1_10' title='bbox 1282 413 1386 476; x_wconf 90' lang='lat' dir='ltr'><strong>initio:</strong></span> <span class='ocrx_word' id='word_1_11' title='bbox 1412 412 1562 498; x_wconf 91' lang='lat' dir='ltr'><strong>Apollod.</strong></span> 
     </span>
     <span class='ocr_line' id='line_1_3' title="bbox 169 515 1153 602; baseline 0.002 -24"><span class='ocrx_word' id='word_1_12' title='bbox 169 515 229 598; x_wconf 78' lang='grc'><strong>17,</strong></span> <span class='ocrx_word' id='word_1_13' title='bbox 253 519 335 582; x_wconf 82' lang='grc' dir='ltr'><strong><em>κατὰ</em></strong></span> <span class='ocrx_word' id='word_1_14' title='bbox 356 518 487 602; x_wconf 82' lang='grc' dir='ltr'><strong>τρόπον,</strong></span> <span class='ocrx_word' id='word_1_15' title='bbox 511 537 595 602; x_wconf 90' lang='lat' dir='ltr'><strong>quae</strong></span> <span class='ocrx_word' id='word_1_16' title='bbox 618 517 779 580; x_wconf 78' lang='lat' dir='ltr'><strong>artissime</strong></span> <span class='ocrx_word' id='word_1_17' title='bbox 802 517 988 597; x_wconf 80' lang='lat' dir='ltr'><strong>cohaerent,</strong></span> <span class='ocrx_word' id='word_1_18' title='bbox 1012 515 1052 580; x_wconf 89' lang='lat' dir='ltr'><strong>cf.</strong></span> <span class='ocrx_word' id='word_1_19' title='bbox 1079 515 1095 577; x_wconf 94' lang='grc'><strong>1</strong></span> <span class='ocrx_word' id='word_1_20' title='bbox 1114 517 1153 580; x_wconf 93' lang='lat' dir='ltr'><strong>A.</strong></span> 
     </span>
    </p>
   </div>
   <div class='ocr_carea' id='block_1_3' title="bbox 349 722 1382 810">
    <p class='ocr_par' dir='ltr' id='par_1_3' title="bbox 349 722 1382 810">
     <span class='ocr_line' id='line_1_4' title="bbox 349 722 1382 810; baseline 0 -22"><span class='ocrx_word' id='word_1_21' title='bbox 349 724 378 789; x_wconf 88' lang='lat'><strong>3.</strong></span> <span class='ocrx_word' id='word_1_22' title='bbox 420 722 656 788; x_wconf 84' lang='lat' dir='ltr'><strong>Tribraohus</strong></span> <span class='ocrx_word' id='word_1_23' title='bbox 694 725 934 810; x_wconf 86' lang='lat' dir='ltr'><strong>componitur</strong></span> <span class='ocrx_word' id='word_1_24' title='bbox 971 745 1018 787; x_wconf 86' lang='lat' dir='ltr'><strong>ex</strong></span> <span class='ocrx_word' id='word_1_25' title='bbox 1054 725 1176 788; x_wconf 91' lang='lat' dir='ltr'><strong>ternis</strong></span> <span class='ocrx_word' id='word_1_26' title='bbox 1213 723 1382 790; x_wconf 87' lang='lat' dir='ltr'><strong>vocibus.</strong></span> 
     </span>
    </p>
   </div>
   <div class='ocr_carea' id='block_1_4' title="bbox 166 896 1569 1401">
    <p class='ocr_par' dir='ltr' id='par_1_4' title="bbox 166 896 1569 1401">
     <span class='ocr_line' id='line_1_5' title="bbox 272 896 1567 984; baseline 0.001 -24"><span class='ocrx_word' id='word_1_27' title='bbox 272 898 311 961; x_wconf 95' lang='lat' dir='ltr'><strong>A.</strong></span> <span class='ocrx_word' id='word_1_28' title='bbox 349 896 466 961; x_wconf 84' lang='lat' dir='ltr'><strong>Thesis</strong></span> <span class='ocrx_word' id='word_1_29' title='bbox 489 899 522 960; x_wconf 89' lang='lat' dir='ltr'><strong>in</strong></span> <span class='ocrx_word' id='word_1_30' title='bbox 546 897 723 961; x_wconf 82' lang='lat' dir='ltr'>clausulam</span> <span class='ocrx_word' id='word_1_31' title='bbox 746 897 841 963; x_wconf 85' lang='lat' dir='ltr'><strong>verbi</strong></span> <span class='ocrx_word' id='word_1_32' title='bbox 863 897 991 979; x_wconf 83' lang='lat' dir='ltr'><strong>incidit3</strong></span> <span class='ocrx_word' id='word_1_33' title='bbox 1021 899 1111 982; x_wconf 92' lang='lat' dir='ltr'><strong>prius</strong></span> <span class='ocrx_word' id='word_1_34' title='bbox 1140 900 1220 962; x_wconf 85' lang='lat' dir='ltr'><strong>arsis</strong></span> <span class='ocrx_word' id='word_1_35' title='bbox 1247 907 1376 983; x_wconf 90' lang='lat' dir='ltr'><strong>tempus</strong></span> <span class='ocrx_word' id='word_1_36' title='bbox 1404 899 1567 984; x_wconf 89' lang='lat' dir='ltr'><strong>monosyl-</strong></span> 
     </span>
     <span class='ocr_line' id='line_1_6' title="bbox 166 1001 1566 1087; baseline -0.001 -20"><span class='ocrx_word' id='word_1_37' title='bbox 166 1002 251 1084; x_wconf 90' lang='lat' dir='ltr'><strong>labo,</strong></span> <span class='ocrx_word' id='word_1_38' title='bbox 281 1002 418 1066; x_wconf 86' lang='lat' dir='ltr'><strong>alterum</strong></span> <span class='ocrx_word' id='word_1_39' title='bbox 446 1003 536 1065; x_wconf 92' lang='lat' dir='ltr'><strong>initio</strong></span> <span class='ocrx_word' id='word_1_40' title='bbox 563 1004 726 1087; x_wconf 90' lang='lat' dir='ltr'><strong>sequentis</strong></span> <span class='ocrx_word' id='word_1_41' title='bbox 753 1003 843 1066; x_wconf 88' lang='lat' dir='ltr'><strong>vocis</strong></span> <span class='ocrx_word' id='word_1_42' title='bbox 872 1001 1020 1066; x_wconf 86' lang='lat' dir='ltr'><strong>efficitur.</strong></span> <span class='ocrx_word' id='word_1_43' title='bbox 1066 1001 1148 1066; x_wconf 89' lang='lat' dir='ltr'><strong>haec</strong></span> <span class='ocrx_word' id='word_1_44' title='bbox 1176 1003 1341 1067; x_wconf 85' lang='lat' dir='ltr'><strong>solutionis</strong></span> <span class='ocrx_word' id='word_1_45' title='bbox 1369 1002 1472 1067; x_wconf 88' lang='lat' dir='ltr'><strong>forma</strong></span> <span class='ocrx_word' id='word_1_46' title='bbox 1498 1025 1566 1067; x_wconf 90' lang='lat' dir='ltr'><strong>non</strong></span> 
     </span>
     <span class='ocr_line' id='line_1_7' title="bbox 166 1105 1568 1192; baseline 0 -21"><span class='ocrx_word' id='word_1_47' title='bbox 166 1108 302 1171; x_wconf 89' lang='lat' dir='ltr'><strong>multum</strong></span> <span class='ocrx_word' id='word_1_48' title='bbox 326 1107 423 1170; x_wconf 89' lang='lat' dir='ltr'><strong>distat</strong></span> <span class='ocrx_word' id='word_1_49' title='bbox 445 1105 487 1170; x_wconf 94' lang='lat' dir='ltr'><strong>ab</strong></span> <span class='ocrx_word' id='word_1_50' title='bbox 511 1129 558 1187; x_wconf 90' lang='lat' dir='ltr'><strong>ea,</strong></span> <span class='ocrx_word' id='word_1_51' title='bbox 582 1129 680 1192; x_wconf 90' lang='lat' dir='ltr'><strong>quam</strong></span> <span class='ocrx_word' id='word_1_52' title='bbox 701 1108 944 1170; x_wconf 83' lang='lat' dir='ltr'><strong>usitatissimam</strong></span> <span class='ocrx_word' id='word_1_53' title='bbox 967 1128 1037 1170; x_wconf 85' lang='lat' dir='ltr'><strong>esse</strong></span> <span class='ocrx_word' id='word_1_54' title='bbox 1061 1108 1274 1191; x_wconf 90' lang='lat' dir='ltr'><strong>repperimus,</strong></span> <span class='ocrx_word' id='word_1_55' title='bbox 1299 1107 1371 1172; x_wconf 89' lang='lat' dir='ltr'><strong>dico</strong></span> <span class='ocrx_word' id='word_1_56' title='bbox 1394 1106 1471 1189; x_wconf 92' lang='grc' dir='ltr'><strong>2Α,</strong></span> <span class='ocrx_word' id='word_1_57' title='bbox 1489 1109 1568 1192; x_wconf 88' lang='lat' dir='ltr'><strong>quia</strong></span> 
     </span>
     <span class='ocr_line' id='line_1_8' title="bbox 167 1210 1566 1297; baseline -0.001 -21"><span class='ocrx_word' id='word_1_58' title='bbox 167 1210 423 1296; x_wconf 85' lang='lat' dir='ltr'><strong>monosyllabum</strong></span> <span class='ocrx_word' id='word_1_59' title='bbox 456 1233 530 1275; x_wconf 92' lang='lat' dir='ltr'><strong>cum</strong></span> <span class='ocrx_word' id='word_1_60' title='bbox 561 1213 708 1297; x_wconf 86' lang='lat' dir='ltr'><strong>proximo</strong></span> <span class='ocrx_word' id='word_1_61' title='bbox 738 1210 840 1274; x_wconf 88' lang='lat' dir='ltr'><strong>verbo</strong></span> <span class='ocrx_word' id='word_1_62' title='bbox 872 1213 1081 1275; x_wconf 89' lang='lat' dir='ltr'><strong>coniunctum</strong></span> <span class='ocrx_word' id='word_1_63' title='bbox 1110 1211 1259 1275; x_wconf 91' lang='lat' dir='ltr'><strong>omnibus</strong></span> <span class='ocrx_word' id='word_1_64' title='bbox 1290 1212 1368 1276; x_wconf 90' lang='lat' dir='ltr'><strong>locis</strong></span> <span class='ocrx_word' id='word_1_65' title='bbox 1399 1213 1431 1275; x_wconf 90' lang='lat' dir='ltr'><strong>in</strong></span> <span class='ocrx_word' id='word_1_66' title='bbox 1461 1233 1566 1275; x_wconf 90' lang='lat' dir='ltr'><strong>unum</strong></span> 
     </span>
     <span class='ocr_line' id='line_1_9' title="bbox 168 1315 1569 1401; baseline 0.002 -23"><span class='ocrx_word' id='word_1_67' title='bbox 168 1319 261 1401; x_wconf 89' lang='lat' dir='ltr'><strong>quasi</strong></span> <span class='ocrx_word' id='word_1_68' title='bbox 287 1337 405 1400; x_wconf 88' lang='lat' dir='ltr'><strong>corpus</strong></span> <span class='ocrx_word' id='word_1_69' title='bbox 433 1315 593 1379; x_wconf 90' lang='lat' dir='ltr'><strong>coalescit.</strong></span> <span class='ocrx_word' id='word_1_70' title='bbox 639 1315 757 1399; x_wconf 88' lang='lat' dir='ltr'><strong>legitur</strong></span> <span class='ocrx_word' id='word_1_71' title='bbox 787 1316 872 1378; x_wconf 92' lang='lat' dir='ltr'><strong>enim</strong></span> <span class='ocrx_word' id='word_1_72' title='bbox 903 1315 1105 1379; x_wconf 85' lang='lat' dir='ltr'><strong>articulus:</strong></span> <span class='ocrx_word' id='word_1_73' title='bbox 1142 1315 1275 1400; x_wconf 92' lang='lat' dir='ltr'><strong>Antiph.</strong></span> <span class='ocrx_word' id='word_1_74' title='bbox 1303 1315 1385 1396; x_wconf 92' lang='grc'>2266</span> <span class='ocrx_word' id='word_1_75' title='bbox 1417 1325 1569 1394; x_wconf 83' lang='grc' dir='ltr'><strong>τοιοῦτος</strong></span> 
     </span>
    </p>
   </div>
   <div class='ocr_carea' id='block_1_5' title="bbox 167 1416 1695 1818">
    <p class='ocr_par' dir='ltr' id='par_1_5' title="bbox 167 1416 1695 1832">
     <span class='ocr_line' id='line_1_10' title="bbox 167 1416 1565 1510; baseline -0.001 -26"><span class='ocrx_word' id='word_1_76' title='bbox 167 1420 184 1484; x_wconf 85' lang='grc' dir='ltr'><strong>ὁ</strong></span> <span class='ocrx_word' id='word_1_77' title='bbox 199 1419 281 1501; x_wconf 80' lang='grc' dir='ltr'><strong>βίος,</strong></span> <span class='ocrx_word' id='word_1_78' title='bbox 299 1419 471 1484; x_wconf 87' lang='lat' dir='ltr'><strong>Anaxand.</strong></span> <span class='ocrx_word' id='word_1_79' title='bbox 488 1422 523 1502; x_wconf 75' lang='lat'><strong>1,</strong></span> <span class='ocrx_word' id='word_1_80' title='bbox 541 1422 621 1510; x_wconf 75' lang='grc' dir='ltr'><strong><em>δῆτα</em></strong></span> <span class='ocrx_word' id='word_1_81' title='bbox 636 1423 693 1485; x_wconf 78' lang='grc' dir='ltr'><strong>τὸν</strong></span> <span class='ocrx_word' id='word_1_82' title='bbox 707 1416 853 1499; x_wconf 74' lang='grc' dir='ltr'><strong><em>ἐπιδέξι’,</em></strong></span> <span class='ocrx_word' id='word_1_83' title='bbox 870 1419 932 1504; x_wconf 84' lang='grc'><strong>456</strong></span> <span class='ocrx_word' id='word_1_84' title='bbox 952 1421 1153 1499; x_wconf 80' lang='grc' dir='ltr'><strong>Πολύευκτος</strong></span> <span class='ocrx_word' id='word_1_85' title='bbox 1168 1421 1185 1486; x_wconf 84' lang='grc' dir='ltr'>ὁ</span> <span class='ocrx_word' id='word_1_86' title='bbox 1201 1422 1305 1501; x_wconf 84' lang='grc' dir='ltr'><strong>καλός,</strong></span> <span class='ocrx_word' id='word_1_87' title='bbox 1322 1422 1495 1486; x_wconf 88' lang='lat' dir='ltr'><strong>Philetaer.</strong></span> <span class='ocrx_word' id='word_1_88' title='bbox 1512 1421 1565 1503; x_wconf 93' lang='grc'><strong>11,</strong></span> 
     </span>
     <span class='ocr_line' id='line_1_11' title="bbox 167 1523 1566 1610; baseline 0.001 -23"><span class='ocrx_word' id='word_1_89' title='bbox 167 1524 304 1610; x_wconf 85' lang='lat' dir='ltr'><strong>Dionys.</strong></span> <span class='ocrx_word' id='word_1_90' title='bbox 329 1523 381 1606; x_wconf 89' lang='grc'><strong>36,</strong></span> <span class='ocrx_word' id='word_1_91' title='bbox 405 1523 500 1587; x_wconf 87' lang='lat' dir='ltr'><strong>Alex.</strong></span> <span class='ocrx_word' id='word_1_92' title='bbox 528 1524 613 1606; x_wconf 81' lang='lat'><strong>15„,</strong></span> <span class='ocrx_word' id='word_1_93' title='bbox 640 1524 747 1606; x_wconf 80' lang='lat'><strong>173„,</strong></span> <span class='ocrx_word' id='word_1_94' title='bbox 773 1523 866 1604; x_wconf 77' lang='grc'><strong>1756,</strong></span> <span class='ocrx_word' id='word_1_95' title='bbox 891 1523 985 1604; x_wconf 79' lang='grc'><strong>2576,</strong></span> <span class='ocrx_word' id='word_1_96' title='bbox 1010 1523 1120 1606; x_wconf 79' lang='grc'><strong>26166,</strong></span> <span class='ocrx_word' id='word_1_97' title='bbox 1145 1523 1239 1606; x_wconf 89' lang='grc'><strong>2626,</strong></span> <span class='ocrx_word' id='word_1_98' title='bbox 1265 1525 1364 1610; x_wconf 93' lang='lat' dir='ltr'><strong>Diph.</strong></span> <span class='ocrx_word' id='word_1_99' title='bbox 1389 1525 1464 1608; x_wconf 83' lang='lat'><strong>33„</strong></span> <span class='ocrx_word' id='word_1_100' title='bbox 1488 1525 1566 1606; x_wconf 85' lang='grc'><strong>666,</strong></span> 
     </span>
     <span class='ocr_line' id='line_1_12' title="bbox 170 1627 1695 1726; baseline 0.001 -36"><span class='ocrx_word' id='word_1_101' title='bbox 170 1628 242 1709; x_wconf 71' lang='grc'><strong>746,</strong></span> <span class='ocrx_word' id='word_1_102' title='bbox 269 1629 405 1693; x_wconf 70' lang='lat' dir='ltr'><strong>Philam.</strong></span> <span class='ocrx_word' id='word_1_103' title='bbox 429 1627 503 1709; x_wconf 72' lang='lat' dir='ltr'><strong>oo,</strong></span> <span class='ocrx_word' id='word_1_104' title='bbox 527 1628 600 1711; x_wconf 74' lang='lat' dir='ltr'><strong>oo,</strong></span> <span class='ocrx_word' id='word_1_105' title='bbox 626 1627 719 1710; x_wconf 82' lang='lat'>149„</span> <span class='ocrx_word' id='word_1_106' title='bbox 746 1628 955 1711; x_wconf 78' lang='lat'>170„234„</span> <span class='ocrx_word' id='word_1_107' title='bbox 984 1628 1071 1692; x_wconf 65' lang='lat' dir='ltr'><strong>usn.</strong></span> <span class='ocrx_word' id='word_1_108' title='bbox 1098 1628 1569 1714; x_wconf 70' lang='lat'><strong>176„5331„555,‚564„</strong></span> <span class='ocrx_word' id='word_1_109' title='bbox 1694 1706 1695 1726; x_wconf 76' lang='lat'><strong>.</strong></span> 
     </span>
     <span class='ocr_line' id='line_1_13' title="bbox 168 1730 1569 1818; baseline 0.003 -23"><span class='ocrx_word' id='word_1_110' title='bbox 168 1732 264 1815; x_wconf 84' lang='grc'><strong>5636,</strong></span> <span class='ocrx_word' id='word_1_111' title='bbox 295 1731 483 1796; x_wconf 90' lang='lat' dir='ltr'><strong>Phoenicid.</strong></span> <span class='ocrx_word' id='word_1_112' title='bbox 514 1732 580 1814; x_wconf 78' lang='grc'><strong>466,</strong></span> <span class='ocrx_word' id='word_1_113' title='bbox 613 1731 767 1816; x_wconf 89' lang='lat' dir='ltr'><strong>Stephan.</strong></span> <span class='ocrx_word' id='word_1_114' title='bbox 793 1733 844 1812; x_wconf 87' lang='lat'><strong>1„</strong></span> <span class='ocrx_word' id='word_1_115' title='bbox 876 1734 1127 1818; x_wconf 87' lang='lat' dir='ltr'><strong>praepositio:</strong></span> <span class='ocrx_word' id='word_1_116' title='bbox 1166 1732 1276 1798; x_wconf 87' lang='lat' dir='ltr'><strong>Sotad.</strong></span> <span class='ocrx_word' id='word_1_117' title='bbox 1302 1735 1357 1817; x_wconf 82' lang='grc'><strong>1,6</strong></span> <span class='ocrx_word' id='word_1_118' title='bbox 1387 1733 1477 1799; x_wconf 78' lang='grc' dir='ltr'><strong>ἐστὶν</strong></span> <span class='ocrx_word' id='word_1_119' title='bbox 1505 1730 1569 1799; x_wconf 78' lang='grc' dir='ltr'><strong>ἀπ’</strong></span> 
     </span>
    </p>
   </div>
   <div class='ocr_carea' id='block_1_6' title="bbox 168 1834 1695 1923">
    <p class='ocr_par' dir='ltr' id='par_1_6' title="bbox 168 1834 1695 1923">
     <span class='ocr_line' id='line_1_14' title="bbox 168 1834 1695 1923; baseline 0 -22"><span class='ocrx_word' id='word_1_120' title='bbox 168 1835 352 1919; x_wconf 78' lang='grc' dir='ltr'><strong>ὀβελίσκων,</strong></span> <span class='ocrx_word' id='word_1_121' title='bbox 385 1837 470 1900; x_wconf 89' lang='lat' dir='ltr'><strong>Men.</strong></span> <span class='ocrx_word' id='word_1_122' title='bbox 495 1835 579 1916; x_wconf 82' lang='grc'><strong>3026</strong></span> <span class='ocrx_word' id='word_1_123' title='bbox 607 1839 761 1922; x_wconf 82' lang='grc' dir='ltr'><strong>μακάριος</strong></span> <span class='ocrx_word' id='word_1_124' title='bbox 787 1837 820 1900; x_wconf 78' lang='grc' dir='ltr'><strong>ἐν</strong></span> <span class='ocrx_word' id='word_1_125' title='bbox 847 1839 955 1923; x_wconf 76' lang='grc' dir='ltr'><strong>ἀγορᾷ,</strong></span> <span class='ocrx_word' id='word_1_126' title='bbox 988 1836 1128 1901; x_wconf 87' lang='lat' dir='ltr'><strong>Straton.</strong></span> <span class='ocrx_word' id='word_1_127' title='bbox 1159 1838 1212 1920; x_wconf 78' lang='grc'><strong>166</strong></span> <span class='ocrx_word' id='word_1_128' title='bbox 1238 1839 1343 1903; x_wconf 78' lang='grc' dir='ltr'><strong>δεῖνα·</strong></span> <span class='ocrx_word' id='word_1_129' title='bbox 1372 1834 1443 1903; x_wconf 78' lang='grc' dir='ltr'><strong>κατ’</strong></span> <span class='ocrx_word' id='word_1_130' title='bbox 1466 1834 1568 1921; x_wconf 74' lang='grc' dir='ltr'><strong>ὄνομ’,</strong></span> <span class='ocrx_word' id='word_1_131' title='bbox 1694 1835 1695 1855; x_wconf 67' lang='grc'>’</span> 
     </span>
    </p>
   </div>
   <div class='ocr_carea' id='block_1_7' title="bbox 167 1938 1570 2338">
    <p class='ocr_par' dir='ltr' id='par_1_7' title="bbox 167 1938 1570 2338">
     <span class='ocr_line' id='line_1_15' title="bbox 167 1938 1567 2025; baseline 0.003 -23"><span class='ocrx_word' id='word_1_132' title='bbox 167 1950 350 2025; x_wconf 87' lang='lat' dir='ltr'><strong>praeterea:</strong></span> <span class='ocrx_word' id='word_1_133' title='bbox 389 1939 521 2025; x_wconf 92' lang='lat' dir='ltr'><strong>Antiph.</strong></span> <span class='ocrx_word' id='word_1_134' title='bbox 545 1940 607 2016; x_wconf 89' lang='grc'><strong>336</strong></span> <span class='ocrx_word' id='word_1_135' title='bbox 631 1938 732 2019; x_wconf 82' lang='grc' dir='ltr'><strong><em>πέζα·</em></strong></span> <span class='ocrx_word' id='word_1_136' title='bbox 762 1938 796 2005; x_wconf 78' lang='grc' dir='ltr'><strong>τί</strong></span> <span class='ocrx_word' id='word_1_137' title='bbox 824 1944 939 2023; x_wconf 83' lang='grc' dir='ltr'><strong>μακρά,</strong></span> <span class='ocrx_word' id='word_1_138' title='bbox 970 1940 1088 2006; x_wconf 87' lang='lat' dir='ltr'><strong>Eubul.</strong></span> <span class='ocrx_word' id='word_1_139' title='bbox 1116 1940 1193 2020; x_wconf 88' lang='grc'><strong>1076</strong></span> <span class='ocrx_word' id='word_1_140' title='bbox 1218 1952 1328 2025; x_wconf 69' lang='grc' dir='ltr'><strong>τοῦπος</strong></span> <span class='ocrx_word' id='word_1_141' title='bbox 1358 1939 1392 2006; x_wconf 81' lang='grc' dir='ltr'><strong>τί</strong></span> <span class='ocrx_word' id='word_1_142' title='bbox 1422 1945 1567 2025; x_wconf 76' lang='grc' dir='ltr'><strong>ἀπορεῖς,</strong></span> 
     </span>
     <span class='ocr_line' id='line_1_16' title="bbox 169 2039 1570 2129; baseline 0.001 -20"><span class='ocrx_word' id='word_1_143' title='bbox 169 2045 287 2109; x_wconf 86' lang='lat' dir='ltr'><strong>Strato.</strong></span> <span class='ocrx_word' id='word_1_144' title='bbox 312 2046 365 2124; x_wconf 82' lang='grc'><strong>1,,</strong></span> <span class='ocrx_word' id='word_1_145' title='bbox 390 2043 510 2110; x_wconf 72' lang='grc' dir='ltr'><strong>ἕκαστον</strong></span> <span class='ocrx_word' id='word_1_146' title='bbox 530 2039 563 2108; x_wconf 81' lang='grc' dir='ltr'><strong>τί</strong></span> <span class='ocrx_word' id='word_1_147' title='bbox 586 2045 726 2124; x_wconf 82' lang='grc' dir='ltr'><strong>δύναται,</strong></span> <span class='ocrx_word' id='word_1_148' title='bbox 750 2043 988 2127; x_wconf 73' lang='grc' dir='ltr'><strong>Ρ61]οιιι.1566</strong></span> <span class='ocrx_word' id='word_1_149' title='bbox 1013 2039 1135 2129; x_wconf 81' lang='grc' dir='ltr'><strong>ἱερεῖον,</strong></span> <span class='ocrx_word' id='word_1_150' title='bbox 1155 2041 1197 2111; x_wconf 75' lang='grc' dir='ltr'><strong>ἵν’</strong></span> <span class='ocrx_word' id='word_1_151' title='bbox 1217 2047 1303 2126; x_wconf 80' lang='grc' dir='ltr'><strong>ὅταν,</strong></span> <span class='ocrx_word' id='word_1_152' title='bbox 1328 2046 1414 2111; x_wconf 90' lang='lat' dir='ltr'><strong>Men.</strong></span> <span class='ocrx_word' id='word_1_153' title='bbox 1430 2046 1492 2109; x_wconf 87' lang='grc'><strong>437</strong></span> <span class='ocrx_word' id='word_1_154' title='bbox 1517 2048 1570 2111; x_wconf 83' lang='grc' dir='ltr'><strong>λι-</strong></span> 
     </span>
     <span class='ocr_line' id='line_1_17' title="bbox 168 2143 1570 2235; baseline 0.001 -22"><span class='ocrx_word' id='word_1_155' title='bbox 168 2151 326 2230; x_wconf 80' lang='grc' dir='ltr'><strong>βανωτόν·</strong></span> <span class='ocrx_word' id='word_1_156' title='bbox 357 2153 395 2213; x_wconf 79' lang='grc' dir='ltr'><strong>οὺ</strong></span> <span class='ocrx_word' id='word_1_157' title='bbox 426 2147 457 2214; x_wconf 85' lang='lat' dir='ltr'><strong>d&#39;</strong></span> <span class='ocrx_word' id='word_1_158' title='bbox 481 2145 608 2227; x_wconf 73' lang='grc' dir='ltr'><strong>ἐπίθες,</strong></span> <span class='ocrx_word' id='word_1_159' title='bbox 635 2147 716 2229; x_wconf 80' lang='grc'><strong>5376</strong></span> <span class='ocrx_word' id='word_1_160' title='bbox 745 2149 862 2214; x_wconf 84' lang='grc' dir='ltr'><strong>λοιπὸν</strong></span> <span class='ocrx_word' id='word_1_161' title='bbox 889 2143 940 2234; x_wconf 68' lang='grc' dir='ltr'><strong>ἄρ’</strong></span> <span class='ocrx_word' id='word_1_162' title='bbox 962 2148 1138 2234; x_wconf 71' lang='grc' dir='ltr'><strong><em>ἐπιθυμίαι</em></strong></span> <span class='ocrx_word' id='word_1_163' title='bbox 1164 2150 1421 2235; x_wconf 82' lang='lat' dir='ltr'><strong>(animadvertas</strong></span> <span class='ocrx_word' id='word_1_164' title='bbox 1447 2171 1570 2234; x_wconf 89' lang='lat' dir='ltr'><strong>quaeso</strong></span> 
     </span>
     <span class='ocr_line' id='line_1_18' title="bbox 170 2252 360 2338; baseline -0.011 -22"><span class='ocrx_word' id='word_1_165' title='bbox 170 2252 360 2338; x_wconf 82' lang='lat' dir='ltr'><strong>elisionem).</strong></span> 
     </span>
    </p>
   </div>
   <div class='ocr_carea' id='block_1_8' title="bbox 171 2390 1571 2582">
    <p class='ocr_par' dir='ltr' id='par_1_8' title="bbox 171 2390 1571 2582">
     <span class='ocr_line' id='line_1_19' title="bbox 273 2390 1570 2478; baseline 0.001 -23"><span class='ocrx_word' id='word_1_166' title='bbox 273 2392 311 2456; x_wconf 87' lang='lat' dir='ltr'><strong>B.</strong></span> <span class='ocrx_word' id='word_1_167' title='bbox 351 2391 535 2475; x_wconf 83' lang='lat' dir='ltr'><strong>Expressus</strong></span> <span class='ocrx_word' id='word_1_168' title='bbox 566 2399 615 2454; x_wconf 88' lang='lat' dir='ltr'><strong>est</strong></span> <span class='ocrx_word' id='word_1_169' title='bbox 644 2390 790 2454; x_wconf 91' lang='lat' dir='ltr'><strong>clausula</strong></span> <span class='ocrx_word' id='word_1_170' title='bbox 812 2390 964 2454; x_wconf 89' lang='lat' dir='ltr'><strong>vocabuli</strong></span> <span class='ocrx_word' id='word_1_171' title='bbox 996 2400 1029 2455; x_wconf 93' lang='lat' dir='ltr'><strong>et</strong></span> <span class='ocrx_word' id='word_1_172' title='bbox 1059 2391 1186 2456; x_wconf 90' lang='lat' dir='ltr'><strong>duobus</strong></span> <span class='ocrx_word' id='word_1_173' title='bbox 1217 2391 1448 2478; x_wconf 87' lang='lat' dir='ltr'><strong>monosyllabis</strong></span> <span class='ocrx_word' id='word_1_174' title='bbox 1479 2395 1570 2476; x_wconf 92' lang='lat' dir='ltr'><strong>quin-</strong></span> 
     </span>
     <span class='ocr_line' id='line_1_20' title="bbox 171 2491 1571 2582; baseline 0.004 -26"><span class='ocrx_word' id='word_1_175' title='bbox 171 2497 276 2580; x_wconf 89' lang='lat' dir='ltr'><strong>quies:</strong></span> <span class='ocrx_word' id='word_1_176' title='bbox 314 2494 451 2580; x_wconf 83' lang='lat' dir='ltr'><strong>Epigen.</strong></span> <span class='ocrx_word' id='word_1_177' title='bbox 476 2494 515 2578; x_wconf 86' lang='grc'><strong>66</strong></span> <span class='ocrx_word' id='word_1_178' title='bbox 540 2495 621 2560; x_wconf 82' lang='grc' dir='ltr'><strong><em>ἀλλὰ</em></strong></span> <span class='ocrx_word' id='word_1_179' title='bbox 643 2493 675 2559; x_wconf 79' lang='grc' dir='ltr'><strong>τί</strong></span> <span class='ocrx_word' id='word_1_180' title='bbox 697 2491 777 2561; x_wconf 74' lang='grc' dir='ltr'><strong>καθ’</strong></span> <span class='ocrx_word' id='word_1_181' title='bbox 797 2494 944 2581; x_wconf 75' lang='grc' dir='ltr'><strong>ἕκαστον,</strong></span> <span class='ocrx_word' id='word_1_182' title='bbox 971 2496 1107 2582; x_wconf 89' lang='lat' dir='ltr'><strong>Dionys.</strong></span> <span class='ocrx_word' id='word_1_183' title='bbox 1132 2496 1185 2578; x_wconf 81' lang='grc'><strong>266</strong></span> <span class='ocrx_word' id='word_1_184' title='bbox 1215 2507 1369 2576; x_wconf 79' lang='grc' dir='ltr'><strong>τοιοῦτος,</strong></span> <span class='ocrx_word' id='word_1_185' title='bbox 1398 2496 1415 2561; x_wconf 86' lang='grc' dir='ltr'>ὁ</span> <span class='ocrx_word' id='word_1_186' title='bbox 1443 2496 1477 2561; x_wconf 77' lang='grc' dir='ltr'><strong>δὲ</strong></span> <span class='ocrx_word' id='word_1_187' title='bbox 1504 2501 1571 2579; x_wconf 84' lang='grc' dir='ltr'><strong>μά-</strong></span> 
     </span>
    </p>
   </div>
   <div class='ocr_carea' id='block_1_9' title="bbox 170 2595 1569 2976">
    <p class='ocr_par' dir='ltr' id='par_1_9' title="bbox 170 2595 1569 2976">
     <span class='ocr_line' id='line_1_21' title="bbox 170 2595 1569 2688; baseline -0.001 -23"><span class='ocrx_word' id='word_1_188' title='bbox 170 2621 283 2685; x_wconf 77' lang='grc' dir='ltr'><strong>γειρος,</strong></span> <span class='ocrx_word' id='word_1_189' title='bbox 315 2598 410 2662; x_wconf 83' lang='lat' dir='ltr'><strong>Alex.</strong></span> <span class='ocrx_word' id='word_1_190' title='bbox 439 2598 519 2680; x_wconf 87' lang='grc'><strong>2271</strong></span> <span class='ocrx_word' id='word_1_191' title='bbox 556 2595 657 2680; x_wconf 77' lang='grc' dir='ltr'><strong>οὗτος,</strong></span> <span class='ocrx_word' id='word_1_192' title='bbox 689 2599 706 2664; x_wconf 86' lang='grc' dir='ltr'>ὁ</span> <span class='ocrx_word' id='word_1_193' title='bbox 737 2605 778 2664; x_wconf 82' lang='grc' dir='ltr'><strong>τὰ</strong></span> <span class='ocrx_word' id='word_1_194' title='bbox 807 2597 915 2683; x_wconf 73' lang='grc' dir='ltr'><strong>γέλοι’,</strong></span> <span class='ocrx_word' id='word_1_195' title='bbox 948 2600 1034 2664; x_wconf 89' lang='lat' dir='ltr'><strong>Men.</strong></span> <span class='ocrx_word' id='word_1_196' title='bbox 1063 2599 1145 2682; x_wconf 83' lang='grc'><strong>2906</strong></span> <span class='ocrx_word' id='word_1_197' title='bbox 1178 2602 1274 2682; x_wconf 82' lang='grc' dir='ltr'><strong>ἐστιν,</strong></span> <span class='ocrx_word' id='word_1_198' title='bbox 1305 2602 1322 2667; x_wconf 84' lang='grc' dir='ltr'>ὁ</span> <span class='ocrx_word' id='word_1_199' title='bbox 1354 2601 1389 2666; x_wconf 78' lang='grc' dir='ltr'><strong>δὲ</strong></span> <span class='ocrx_word' id='word_1_200' title='bbox 1418 2602 1569 2688; x_wconf 80' lang='grc' dir='ltr'><strong>πονηρός,</strong></span> 
     </span>
     <span class='ocr_line' id='line_1_22' title="bbox 170 2698 1569 2790; baseline 0 -25"><span class='ocrx_word' id='word_1_201' title='bbox 170 2699 347 2788; x_wconf 79' lang='lat' dir='ltr'><strong>Hegesipp.</strong></span> <span class='ocrx_word' id='word_1_202' title='bbox 376 2703 418 2786; x_wconf 76' lang='grc'><strong>26</strong></span> <span class='ocrx_word' id='word_1_203' title='bbox 446 2706 541 2769; x_wconf 77' lang='grc' dir='ltr'><strong>αὐτὸν</strong></span> <span class='ocrx_word' id='word_1_204' title='bbox 574 2701 595 2769; x_wconf 83' lang='lat' dir='ltr'><strong>b&#39;</strong></span> <span class='ocrx_word' id='word_1_205' title='bbox 625 2729 659 2769; x_wconf 83' lang='grc' dir='ltr'><strong>τι</strong></span> <span class='ocrx_word' id='word_1_206' title='bbox 685 2698 772 2768; x_wconf 69' lang='grc' dir='ltr'><strong>ποτ’.</strong></span> <span class='ocrx_word' id='word_1_207' title='bbox 817 2704 880 2768; x_wconf 90' lang='lat' dir='ltr'><strong>hac</strong></span> <span class='ocrx_word' id='word_1_208' title='bbox 908 2725 1035 2789; x_wconf 91' lang='lat' dir='ltr'><strong>quoque</strong></span> <span class='ocrx_word' id='word_1_209' title='bbox 1065 2705 1178 2787; x_wconf 87' lang='lat' dir='ltr'><strong>forma,</strong></span> <span class='ocrx_word' id='word_1_210' title='bbox 1210 2727 1274 2789; x_wconf 87' lang='lat' dir='ltr'><strong>qua</strong></span> <span class='ocrx_word' id='word_1_211' title='bbox 1301 2704 1478 2790; x_wconf 90' lang='lat' dir='ltr'><strong>Sophocles</strong></span> <span class='ocrx_word' id='word_1_212' title='bbox 1504 2703 1569 2787; x_wconf 88' lang='lat' dir='ltr'><strong>bis,</strong></span> 
     </span>
     <span class='ocr_line' id='line_1_23' title="bbox 170 2807 1569 2894; baseline 0.001 -24"><span class='ocrx_word' id='word_1_213' title='bbox 170 2807 257 2871; x_wconf 87' lang='lat' dir='ltr'><strong>haud</strong></span> <span class='ocrx_word' id='word_1_214' title='bbox 284 2830 357 2872; x_wconf 86' lang='lat' dir='ltr'><strong>raro</strong></span> <span class='ocrx_word' id='word_1_215' title='bbox 384 2807 558 2891; x_wconf 85' lang='lat' dir='ltr'><strong>Euripides</strong></span> <span class='ocrx_word' id='word_1_216' title='bbox 585 2829 663 2871; x_wconf 91' lang='lat' dir='ltr'><strong>usus</strong></span> <span class='ocrx_word' id='word_1_217' title='bbox 690 2818 748 2890; x_wconf 91' lang='lat' dir='ltr'><strong>est,</strong></span> <span class='ocrx_word' id='word_1_218' title='bbox 780 2809 823 2870; x_wconf 91' lang='lat' dir='ltr'><strong>ad</strong></span> <span class='ocrx_word' id='word_1_219' title='bbox 850 2808 871 2872; x_wconf 94' lang='grc'>2</span> <span class='ocrx_word' id='word_1_220' title='bbox 896 2808 927 2872; x_wconf 93' lang='grc' dir='ltr'><strong>Α</strong></span> <span class='ocrx_word' id='word_1_221' title='bbox 954 2830 1154 2873; x_wconf 78' lang='lat' dir='ltr'><strong>revocamur.</strong></span> <span class='ocrx_word' id='word_1_222' title='bbox 1201 2830 1306 2894; x_wconf 91' lang='lat' dir='ltr'><strong>neque</strong></span> <span class='ocrx_word' id='word_1_223' title='bbox 1334 2808 1427 2873; x_wconf 88' lang='lat' dir='ltr'><strong>aliter</strong></span> <span class='ocrx_word' id='word_1_224' title='bbox 1454 2830 1504 2870; x_wconf 90' lang='lat' dir='ltr'><strong>res</strong></span> <span class='ocrx_word' id='word_1_225' title='bbox 1534 2829 1569 2872; x_wconf 91' lang='lat' dir='ltr'><strong>se</strong></span> 
     </span>
     <span class='ocr_line' id='line_1_24' title="bbox 170 2911 1364 2976; baseline 0.002 -2"><span class='ocrx_word' id='word_1_226' title='bbox 170 2911 270 2975; x_wconf 84' lang='lat' dir='ltr'><strong>habet</strong></span> <span class='ocrx_word' id='word_1_227' title='bbox 292 2912 334 2975; x_wconf 93' lang='lat' dir='ltr'><strong>de</strong></span> <span class='ocrx_word' id='word_1_228' title='bbox 356 2911 419 2975; x_wconf 91' lang='lat' dir='ltr'><strong>hac</strong></span> <span class='ocrx_word' id='word_1_229' title='bbox 441 2912 559 2976; x_wconf 84' lang='lat' dir='ltr'><strong>forma:</strong></span> <span class='ocrx_word' id='word_1_230' title='bbox 1362 2912 1364 2916; x_wconf 78' lang='grc'><strong>’</strong></span> 
     </span>
    </p>
   </div>
   <div class='ocr_carea' id='block_1_10' title="bbox 170 3048 1568 3656">
    <p class='ocr_par' dir='ltr' id='par_1_10' title="bbox 170 3048 1568 3656">
     <span class='ocr_line' id='line_1_25' title="bbox 275 3048 1568 3136; baseline 0.001 -23"><span class='ocrx_word' id='word_1_231' title='bbox 275 3048 310 3113; x_wconf 78' lang='lat' dir='ltr'><strong>O.</strong></span> <span class='ocrx_word' id='word_1_232' title='bbox 349 3051 521 3114; x_wconf 86' lang='lat' dir='ltr'><strong>Formatur</strong></span> <span class='ocrx_word' id='word_1_233' title='bbox 544 3050 671 3114; x_wconf 92' lang='lat' dir='ltr'><strong>duobus</strong></span> <span class='ocrx_word' id='word_1_234' title='bbox 698 3050 929 3136; x_wconf 87' lang='lat' dir='ltr'><strong>monosyllabis</strong></span> <span class='ocrx_word' id='word_1_235' title='bbox 957 3059 988 3113; x_wconf 90' lang='lat' dir='ltr'><strong>et</strong></span> <span class='ocrx_word' id='word_1_236' title='bbox 1015 3052 1104 3114; x_wconf 91' lang='lat' dir='ltr'><strong>initio</strong></span> <span class='ocrx_word' id='word_1_237' title='bbox 1132 3051 1272 3134; x_wconf 88' lang='lat' dir='ltr'><strong>proximi</strong></span> <span class='ocrx_word' id='word_1_238' title='bbox 1294 3049 1455 3133; x_wconf 80' lang='lat' dir='ltr'><strong>vocabuli,</strong></span> <span class='ocrx_word' id='word_1_239' title='bbox 1484 3071 1568 3134; x_wconf 88' lang='lat' dir='ltr'><strong>quae</strong></span> 
     </span>
     <span class='ocr_line' id='line_1_26' title="bbox 171 3153 1565 3239; baseline 0.001 -24"><span class='ocrx_word' id='word_1_240' title='bbox 171 3155 289 3237; x_wconf 89' lang='lat' dir='ltr'><strong>septies</strong></span> <span class='ocrx_word' id='word_1_241' title='bbox 316 3155 495 3217; x_wconf 84' lang='lat' dir='ltr'><strong>invenitur:</strong></span> <span class='ocrx_word' id='word_1_242' title='bbox 535 3154 668 3239; x_wconf 91' lang='lat' dir='ltr'><strong>Antiph.</strong></span> <span class='ocrx_word' id='word_1_243' title='bbox 703 3155 784 3235; x_wconf 90' lang='grc'><strong>1066</strong></span> <span class='ocrx_word' id='word_1_244' title='bbox 818 3154 854 3221; x_wconf 78' lang='grc' dir='ltr'><strong>δὲ</strong></span> <span class='ocrx_word' id='word_1_245' title='bbox 887 3159 943 3220; x_wconf 82' lang='grc' dir='ltr'><strong>τὸν</strong></span> <span class='ocrx_word' id='word_1_246' title='bbox 969 3153 1085 3238; x_wconf 71' lang='grc' dir='ltr'><strong>ἕτερον,</strong></span> <span class='ocrx_word' id='word_1_247' title='bbox 1116 3155 1195 3236; x_wconf 84' lang='grc'><strong>1067</strong></span> <span class='ocrx_word' id='word_1_248' title='bbox 1227 3155 1261 3219; x_wconf 81' lang='grc' dir='ltr'><strong>δὲ</strong></span> <span class='ocrx_word' id='word_1_249' title='bbox 1291 3157 1329 3219; x_wconf 84' lang='grc' dir='ltr'><strong>τὸ</strong></span> <span class='ocrx_word' id='word_1_250' title='bbox 1356 3156 1439 3238; x_wconf 72' lang='grc' dir='ltr'><strong>γόνυ,</strong></span> <span class='ocrx_word' id='word_1_251' title='bbox 1470 3154 1565 3217; x_wconf 87' lang='lat' dir='ltr'><strong>Alex.</strong></span> 
     </span>
     <span class='ocr_line' id='line_1_27' title="bbox 170 3252 1565 3342; baseline 0.001 -22"><span class='ocrx_word' id='word_1_252' title='bbox 170 3257 233 3320; x_wconf 87' lang='grc'><strong>278</strong></span> <span class='ocrx_word' id='word_1_253' title='bbox 242 3300 254 3337; x_wconf 78' lang='grc'><strong>6</strong></span> <span class='ocrx_word' id='word_1_254' title='bbox 276 3257 383 3322; x_wconf 78' lang='grc' dir='ltr'><strong>δάκνει</strong></span> <span class='ocrx_word' id='word_1_255' title='bbox 402 3261 471 3341; x_wconf 79' lang='grc' dir='ltr'><strong>γάρ,</strong></span> <span class='ocrx_word' id='word_1_256' title='bbox 493 3256 512 3322; x_wconf 86' lang='grc' dir='ltr'>ὁ</span> <span class='ocrx_word' id='word_1_257' title='bbox 532 3253 567 3323; x_wconf 87' lang='lat' dir='ltr'><strong>d&#39;</strong></span> <span class='ocrx_word' id='word_1_258' title='bbox 587 3252 722 3342; x_wconf 79' lang='grc' dir='ltr'><strong>ἱλαρούς,</strong></span> <span class='ocrx_word' id='word_1_259' title='bbox 742 3258 829 3323; x_wconf 90' lang='lat' dir='ltr'><strong>Men.</strong></span> <span class='ocrx_word' id='word_1_260' title='bbox 854 3257 939 3339; x_wconf 87' lang='grc'><strong>5496</strong></span> <span class='ocrx_word' id='word_1_261' title='bbox 962 3259 996 3324; x_wconf 78' lang='grc' dir='ltr'><strong>δὲ</strong></span> <span class='ocrx_word' id='word_1_262' title='bbox 1015 3264 1056 3323; x_wconf 82' lang='grc' dir='ltr'><strong>τὰ</strong></span> <span class='ocrx_word' id='word_1_263' title='bbox 1075 3261 1165 3337; x_wconf 86' lang='grc' dir='ltr'><strong>κακά,</strong></span> <span class='ocrx_word' id='word_1_264' title='bbox 1191 3258 1272 3339; x_wconf 79' lang='grc'><strong>6966</strong></span> <span class='ocrx_word' id='word_1_265' title='bbox 1300 3283 1332 3322; x_wconf 83' lang='grc' dir='ltr'><strong>τι</strong></span> <span class='ocrx_word' id='word_1_266' title='bbox 1351 3253 1429 3322; x_wconf 74' lang='grc' dir='ltr'><strong>καθ’</strong></span> <span class='ocrx_word' id='word_1_267' title='bbox 1448 3256 1565 3339; x_wconf 79' lang='grc' dir='ltr'><strong>ἑτέρου,</strong></span> 
     </span>
     <span class='ocr_line' id='line_1_28' title="bbox 171 3360 1566 3448; baseline 0.001 -24"><span class='ocrx_word' id='word_1_268' title='bbox 171 3361 321 3446; x_wconf 90' lang='lat' dir='ltr'><strong>Apollod.</strong></span> <span class='ocrx_word' id='word_1_269' title='bbox 345 3360 416 3425; x_wconf 82' lang='lat' dir='ltr'><strong>Gel.</strong></span> <span class='ocrx_word' id='word_1_270' title='bbox 440 3363 478 3443; x_wconf 83' lang='grc'><strong>46</strong></span> <span class='ocrx_word' id='word_1_271' title='bbox 512 3385 545 3425; x_wconf 83' lang='grc' dir='ltr'><strong>τι</strong></span> <span class='ocrx_word' id='word_1_272' title='bbox 574 3365 611 3426; x_wconf 82' lang='grc' dir='ltr'><strong>τὸ</strong></span> <span class='ocrx_word' id='word_1_273' title='bbox 640 3363 824 3448; x_wconf 80' lang='grc' dir='ltr'><strong>κεφάλαιον.</strong></span> <span class='ocrx_word' id='word_1_274' title='bbox 868 3362 1029 3446; x_wconf 81' lang='lat' dir='ltr'><strong>singulare</strong></span> <span class='ocrx_word' id='word_1_275' title='bbox 1053 3372 1100 3424; x_wconf 88' lang='lat' dir='ltr'><strong>est</strong></span> <span class='ocrx_word' id='word_1_276' title='bbox 1123 3362 1208 3425; x_wconf 90' lang='lat' dir='ltr'><strong>Men.</strong></span> <span class='ocrx_word' id='word_1_277' title='bbox 1233 3361 1297 3425; x_wconf 85' lang='grc'><strong>552</strong></span> <span class='ocrx_word' id='word_1_278' title='bbox 1305 3405 1316 3442; x_wconf 80' lang='grc'><strong>6</strong></span> <span class='ocrx_word' id='word_1_279' title='bbox 1341 3365 1379 3426; x_wconf 82' lang='grc' dir='ltr'><strong>τὸ</strong></span> <span class='ocrx_word' id='word_1_280' title='bbox 1402 3362 1437 3427; x_wconf 87' lang='grc' dir='ltr'><strong>δὲ</strong></span> <span class='ocrx_word' id='word_1_281' title='bbox 1459 3365 1566 3444; x_wconf 82' lang='grc' dir='ltr'><strong>τάχος,</strong></span> 
     </span>
     <span class='ocr_line' id='line_1_29' title="bbox 171 3464 1566 3556; baseline 0.001 -29"><span class='ocrx_word' id='word_1_282' title='bbox 171 3486 254 3548; x_wconf 88' lang='lat' dir='ltr'><strong>quae</strong></span> <span class='ocrx_word' id='word_1_283' title='bbox 277 3488 374 3530; x_wconf 89' lang='lat' dir='ltr'><strong>voces</strong></span> <span class='ocrx_word' id='word_1_284' title='bbox 399 3466 483 3530; x_wconf 88' lang='lat' dir='ltr'><strong>inter</strong></span> <span class='ocrx_word' id='word_1_285' title='bbox 506 3488 576 3530; x_wconf 87' lang='lat' dir='ltr'><strong>sese</strong></span> <span class='ocrx_word' id='word_1_286' title='bbox 600 3465 782 3531; x_wconf 81' lang='lat' dir='ltr'><strong>cohaerent.</strong></span> <span class='ocrx_word' id='word_1_287' title='bbox 821 3467 894 3530; x_wconf 90' lang='lat' dir='ltr'><strong>talis</strong></span> <span class='ocrx_word' id='word_1_288' title='bbox 918 3466 1030 3556; x_wconf 90' lang='lat' dir='ltr'><strong>solutio</strong></span> <span class='ocrx_word' id='word_1_289' title='bbox 1054 3489 1119 3529; x_wconf 92' lang='lat' dir='ltr'><strong>non</strong></span> <span class='ocrx_word' id='word_1_290' title='bbox 1143 3475 1234 3528; x_wconf 90' lang='lat' dir='ltr'><strong>extat</strong></span> <span class='ocrx_word' id='word_1_291' title='bbox 1256 3466 1344 3550; x_wconf 90' lang='lat' dir='ltr'><strong>apud</strong></span> <span class='ocrx_word' id='word_1_292' title='bbox 1365 3464 1566 3550; x_wconf 88' lang='lat' dir='ltr'><strong>Aeschylum</strong></span> 
     </span>
     <span class='ocr_line' id='line_1_30' title="bbox 171 3568 1085 3656; baseline 0.002 -25"><span class='ocrx_word' id='word_1_293' title='bbox 171 3578 204 3632; x_wconf 93' lang='lat' dir='ltr'><strong>et</strong></span> <span class='ocrx_word' id='word_1_294' title='bbox 226 3568 428 3653; x_wconf 80' lang='lat' dir='ltr'><strong>Sophoclem,</strong></span> <span class='ocrx_word' id='word_1_295' title='bbox 451 3571 615 3633; x_wconf 92' lang='lat' dir='ltr'><strong>invenitur</strong></span> <span class='ocrx_word' id='word_1_296' title='bbox 638 3573 750 3634; x_wconf 86' lang='lat' dir='ltr'><strong>novies</strong></span> <span class='ocrx_word' id='word_1_297' title='bbox 773 3572 862 3656; x_wconf 89' lang='lat' dir='ltr'><strong>apud</strong></span> <span class='ocrx_word' id='word_1_298' title='bbox 885 3571 1085 3656; x_wconf 82' lang='lat' dir='ltr'><strong>Euripidem.</strong></span> 
     </span>
    </p>
   </div>
   <div class='ocr_carea' id='block_1_11' title="bbox 275 3703 1566 3794">
    <p class='ocr_par' dir='ltr' id='par_1_11' title="bbox 275 3703 1566 3794">
     <span class='ocr_line' id='line_1_31' title="bbox 275 3703 1566 3794; baseline 0 -24"><span class='ocrx_word' id='word_1_299' title='bbox 275 3708 317 3771; x_wconf 92' lang='lat' dir='ltr'><strong>D.</strong></span> <span class='ocrx_word' id='word_1_300' title='bbox 355 3708 527 3771; x_wconf 84' lang='lat' dir='ltr'><strong>Formatus</strong></span> <span class='ocrx_word' id='word_1_301' title='bbox 551 3717 599 3772; x_wconf 88' lang='lat' dir='ltr'><strong>est</strong></span> <span class='ocrx_word' id='word_1_302' title='bbox 622 3730 664 3771; x_wconf 88' lang='lat' dir='ltr'><strong>ex</strong></span> <span class='ocrx_word' id='word_1_303' title='bbox 683 3708 787 3772; x_wconf 84' lang='lat' dir='ltr'><strong>tribus</strong></span> <span class='ocrx_word' id='word_1_304' title='bbox 808 3708 1039 3792; x_wconf 90' lang='lat' dir='ltr'><strong>monosyllabis</strong></span> <span class='ocrx_word' id='word_1_305' title='bbox 1058 3709 1189 3794; x_wconf 88' lang='lat' dir='ltr'><strong>Antiph.</strong></span> <span class='ocrx_word' id='word_1_306' title='bbox 1207 3708 1263 3790; x_wconf 90' lang='grc' dir='ltr'><strong>34Ι</strong></span> <span class='ocrx_word' id='word_1_307' title='bbox 1287 3703 1321 3772; x_wconf 77' lang='grc' dir='ltr'><strong>ἓν</strong></span> <span class='ocrx_word' id='word_1_308' title='bbox 1342 3714 1412 3786; x_wconf 80' lang='grc' dir='ltr'><em>ταῖς</em></span> <span class='ocrx_word' id='word_1_309' title='bbox 1435 3704 1566 3792; x_wconf 78' lang='grc' dir='ltr'><strong><em>σπυρίσι</em></strong></span> 
     </span>
    </p>
   </div>
   <div class='ocr_carea' id='block_1_12' title="bbox 171 3807 1695 3904">
    <p class='ocr_par' dir='ltr' id='par_1_12' title="bbox 171 3807 1695 3904">
     <span class='ocr_line' id='line_1_32' title="bbox 171 3807 1695 3904; baseline -0.002 -28"><span class='ocrx_word' id='word_1_310' title='bbox 171 3809 207 3876; x_wconf 80' lang='grc' dir='ltr'><strong>δὲ</strong></span> <span class='ocrx_word' id='word_1_311' title='bbox 226 3812 232 3892; x_wconf 94' lang='grc' dir='ltr'>Ι</span> <span class='ocrx_word' id='word_1_312' title='bbox 250 3809 283 3875; x_wconf 82' lang='grc' dir='ltr'><strong>τί</strong></span> <span class='ocrx_word' id='word_1_313' title='bbox 309 3807 384 3876; x_wconf 75' lang='grc' dir='ltr'><strong>ποτ’</strong></span> <span class='ocrx_word' id='word_1_314' title='bbox 404 3807 515 3877; x_wconf 73' lang='grc' dir='ltr'><strong>ἔνεστι.</strong></span> <span class='ocrx_word' id='word_1_315' title='bbox 561 3811 642 3875; x_wconf 91' lang='lat' dir='ltr'><strong>haec</strong></span> <span class='ocrx_word' id='word_1_316' title='bbox 670 3812 783 3877; x_wconf 92' lang='lat' dir='ltr'><strong>solutio</strong></span> <span class='ocrx_word' id='word_1_317' title='bbox 811 3813 912 3877; x_wconf 89' lang='lat' dir='ltr'><strong>semel</strong></span> <span class='ocrx_word' id='word_1_318' title='bbox 939 3815 1103 3904; x_wconf 89' lang='lat' dir='ltr'><strong>invenitur</strong></span> <span class='ocrx_word' id='word_1_319' title='bbox 1129 3813 1217 3897; x_wconf 88' lang='lat' dir='ltr'><strong>apud</strong></span> <span class='ocrx_word' id='word_1_320' title='bbox 1246 3812 1439 3897; x_wconf 82' lang='lat' dir='ltr'><strong>Sophoclem</strong></span> <span class='ocrx_word' id='word_1_321' title='bbox 1467 3809 1566 3896; x_wconf 85' lang='lat' dir='ltr'><strong>(Oed.</strong></span> <span class='ocrx_word' id='word_1_322' title='bbox 1694 3853 1695 3862; x_wconf 29' lang='grc' dir='ltr'><strong><em>ι</em></strong></span> 
     </span>
    </p>
   </div>
   <div class='ocr_carea' id='block_1_13' title="bbox 171 3911 1277 4006">
    <p class='ocr_par' dir='ltr' id='par_1_13' title="bbox 171 3911 1277 4006">
     <span class='ocr_line' id='line_1_33' title="bbox 171 3911 1277 4006; baseline 0.004 -30"><span class='ocrx_word' id='word_1_323' title='bbox 171 3915 208 3977; x_wconf 88' lang='lat' dir='ltr'><strong>R.</strong></span> <span class='ocrx_word' id='word_1_324' title='bbox 234 3914 296 3977; x_wconf 91' lang='grc'><strong>749</strong></span> <span class='ocrx_word' id='word_1_325' title='bbox 320 3917 402 3980; x_wconf 82' lang='grc' dir='ltr'><strong>ὀκνῶ</strong></span> <span class='ocrx_word' id='word_1_326' title='bbox 424 3913 490 4000; x_wconf 75' lang='grc' dir='ltr'><strong>μέν,</strong></span> <span class='ocrx_word' id='word_1_327' title='bbox 513 3917 535 3980; x_wconf 81' lang='lat' dir='ltr'><strong>d</strong></span> <span class='ocrx_word' id='word_1_328' title='bbox 557 3912 588 3981; x_wconf 62' lang='grc' dir='ltr'><strong>ὁ)</strong></span> <span class='ocrx_word' id='word_1_329' title='bbox 607 3917 647 3980; x_wconf 73' lang='grc' dir='ltr'><strong>ἂν</strong></span> <span class='ocrx_word' id='word_1_330' title='bbox 668 3911 746 4006; x_wconf 73' lang='grc' dir='ltr'><strong>ἔρῃ),</strong></span> <span class='ocrx_word' id='word_1_331' title='bbox 771 3919 942 4002; x_wconf 89' lang='lat' dir='ltr'><strong>quinquies</strong></span> <span class='ocrx_word' id='word_1_332' title='bbox 965 3916 1053 4002; x_wconf 89' lang='lat' dir='ltr'><strong>apud</strong></span> <span class='ocrx_word' id='word_1_333' title='bbox 1076 3916 1277 4001; x_wconf 85' lang='lat' dir='ltr'><strong>Euripidem.</strong></span> 
     </span>
    </p>
   </div>
   <div class='ocr_carea' id='block_1_14' title="bbox 170 4052 1566 4346">
    <p class='ocr_par' dir='ltr' id='par_1_14' title="bbox 170 4052 1566 4346">
     <span class='ocr_line' id='line_1_34' title="bbox 273 4052 1566 4143; baseline -0.001 -28"><span class='ocrx_word' id='word_1_334' title='bbox 273 4052 310 4115; x_wconf 90' lang='lat' dir='ltr'><strong>In</strong></span> <span class='ocrx_word' id='word_1_335' title='bbox 343 4053 532 4117; x_wconf 87' lang='lat' dir='ltr'><strong>universum</strong></span> <span class='ocrx_word' id='word_1_336' title='bbox 562 4054 693 4118; x_wconf 89' lang='lat' dir='ltr'><strong>easdem</strong></span> <span class='ocrx_word' id='word_1_337' title='bbox 723 4057 757 4118; x_wconf 93' lang='lat' dir='ltr'><strong>in</strong></span> <span class='ocrx_word' id='word_1_338' title='bbox 788 4058 881 4120; x_wconf 89' lang='lat' dir='ltr'><strong>tertio</strong></span> <span class='ocrx_word' id='word_1_339' title='bbox 915 4056 999 4143; x_wconf 92' lang='lat' dir='ltr'><strong>pede</strong></span> <span class='ocrx_word' id='word_1_340' title='bbox 1030 4055 1186 4120; x_wconf 87' lang='lat' dir='ltr'><strong>tribrachi</strong></span> <span class='ocrx_word' id='word_1_341' title='bbox 1220 4055 1339 4118; x_wconf 88' lang='lat' dir='ltr'><strong>formas</strong></span> <span class='ocrx_word' id='word_1_342' title='bbox 1373 4055 1566 4127; x_wconf 80' lang='lat' dir='ltr'><strong>invenimus,</strong></span> 
     </span>
     <span class='ocr_line' id='line_1_35' title="bbox 172 4156 1565 4244; baseline 0 -25"><span class='ocrx_word' id='word_1_343' title='bbox 172 4179 252 4242; x_wconf 90' lang='lat' dir='ltr'><strong>quas</strong></span> <span class='ocrx_word' id='word_1_344' title='bbox 275 4157 306 4219; x_wconf 92' lang='lat' dir='ltr'><strong>in</strong></span> <span class='ocrx_word' id='word_1_345' title='bbox 330 4156 429 4220; x_wconf 89' lang='lat' dir='ltr'><strong>altero</strong></span> <span class='ocrx_word' id='word_1_346' title='bbox 453 4158 536 4242; x_wconf 90' lang='lat' dir='ltr'><strong>pede</strong></span> <span class='ocrx_word' id='word_1_347' title='bbox 560 4159 739 4223; x_wconf 88' lang='lat' dir='ltr'><strong>statuimus.</strong></span> <span class='ocrx_word' id='word_1_348' title='bbox 775 4182 875 4244; x_wconf 89' lang='lat' dir='ltr'><strong>quare</strong></span> <span class='ocrx_word' id='word_1_349' title='bbox 900 4159 1046 4223; x_wconf 89' lang='lat' dir='ltr'><strong>conferas</strong></span> <span class='ocrx_word' id='word_1_350' title='bbox 1070 4181 1154 4244; x_wconf 92' lang='lat' dir='ltr'><strong>quae</strong></span> <span class='ocrx_word' id='word_1_351' title='bbox 1179 4158 1320 4222; x_wconf 87' lang='lat' dir='ltr'><strong>diximus</strong></span> <span class='ocrx_word' id='word_1_352' title='bbox 1343 4179 1373 4241; x_wconf 94' lang='lat' dir='ltr'><strong>p.</strong></span> <span class='ocrx_word' id='word_1_353' title='bbox 1398 4156 1471 4220; x_wconf 88' lang='grc'><strong>337,</strong></span> <span class='ocrx_word' id='word_1_354' title='bbox 1508 4156 1565 4221; x_wconf 88' lang='lat' dir='ltr'><strong>dif-</strong></span> 
     </span>
     <span class='ocr_line' id='line_1_36' title="bbox 170 4259 1565 4346; baseline -0.001 -23"><span class='ocrx_word' id='word_1_355' title='bbox 170 4261 279 4325; x_wconf 87' lang='lat' dir='ltr'><strong>ferunt</strong></span> <span class='ocrx_word' id='word_1_356' title='bbox 302 4269 410 4323; x_wconf 91' lang='lat' dir='ltr'><strong>tamen</strong></span> <span class='ocrx_word' id='word_1_357' title='bbox 427 4282 463 4325; x_wconf 91' lang='lat' dir='ltr'><strong>eo</strong></span> <span class='ocrx_word' id='word_1_358' title='bbox 487 4263 573 4345; x_wconf 92' lang='lat' dir='ltr'><strong>quod</strong></span> <span class='ocrx_word' id='word_1_359' title='bbox 596 4265 689 4326; x_wconf 91' lang='lat' dir='ltr'><strong>tertio</strong></span> <span class='ocrx_word' id='word_1_360' title='bbox 711 4265 743 4326; x_wconf 93' lang='lat' dir='ltr'><strong>in</strong></span> <span class='ocrx_word' id='word_1_361' title='bbox 766 4263 851 4346; x_wconf 92' lang='lat' dir='ltr'><strong>pede</strong></span> <span class='ocrx_word' id='word_1_362' title='bbox 867 4262 963 4346; x_wconf 86' lang='lat' dir='ltr'><strong>longe</strong></span> <span class='ocrx_word' id='word_1_363' title='bbox 983 4263 1113 4346; x_wconf 92' lang='lat' dir='ltr'><strong>plurimi</strong></span> <span class='ocrx_word' id='word_1_364' title='bbox 1136 4261 1292 4325; x_wconf 86' lang='lat' dir='ltr'><strong>tribrachi</strong></span> <span class='ocrx_word' id='word_1_365' title='bbox 1308 4263 1353 4324; x_wconf 92' lang='lat' dir='ltr'><strong>ita</strong></span> <span class='ocrx_word' id='word_1_366' title='bbox 1376 4259 1565 4325; x_wconf 88' lang='lat' dir='ltr'><strong>conformati</strong></span> 
     </span>
    </p>
   </div>
   <div class='ocr_carea' id='block_1_15' title="bbox 172 4364 1695 4454">
    <p class='ocr_par' dir='ltr' id='par_1_15' title="bbox 172 4364 1695 4454">
     <span class='ocr_line' id='line_1_37' title="bbox 172 4364 1695 4454; baseline -0.001 -27"><span class='ocrx_word' id='word_1_367' title='bbox 172 4374 255 4446; x_wconf 89' lang='lat' dir='ltr'><strong>sunt,</strong></span> <span class='ocrx_word' id='word_1_368' title='bbox 282 4373 318 4427; x_wconf 92' lang='lat' dir='ltr'><strong>ut</strong></span> <span class='ocrx_word' id='word_1_369' title='bbox 344 4365 456 4427; x_wconf 92' lang='lat' dir='ltr'><strong>incisio</strong></span> <span class='ocrx_word' id='word_1_370' title='bbox 483 4365 542 4429; x_wconf 90' lang='lat' dir='ltr'><strong>fiat</strong></span> <span class='ocrx_word' id='word_1_371' title='bbox 568 4375 640 4449; x_wconf 90' lang='lat' dir='ltr'><strong>post</strong></span> <span class='ocrx_word' id='word_1_372' title='bbox 665 4367 792 4445; x_wconf 85' lang='lat' dir='ltr'><strong>thesim.</strong></span> <span class='ocrx_word' id='word_1_373' title='bbox 837 4388 943 4450; x_wconf 91' lang='lat' dir='ltr'><strong>neque</strong></span> <span class='ocrx_word' id='word_1_374' title='bbox 970 4367 1004 4429; x_wconf 91' lang='lat' dir='ltr'><strong>id</strong></span> <span class='ocrx_word' id='word_1_375' title='bbox 1032 4369 1147 4454; x_wconf 83' lang='lat' dir='ltr'><strong>mirum</strong></span> <span class='ocrx_word' id='word_1_376' title='bbox 1175 4376 1236 4446; x_wconf 75' lang='lat' dir='ltr'><strong>est,</strong></span> <span class='ocrx_word' id='word_1_377' title='bbox 1265 4375 1338 4451; x_wconf 89' lang='lat' dir='ltr'><strong>post</strong></span> <span class='ocrx_word' id='word_1_378' title='bbox 1364 4367 1452 4427; x_wconf 92' lang='lat' dir='ltr'><strong>tertii</strong></span> <span class='ocrx_word' id='word_1_379' title='bbox 1474 4364 1567 4448; x_wconf 90' lang='lat' dir='ltr'><strong>pedis</strong></span> <span class='ocrx_word' id='word_1_380' title='bbox 1694 4403 1695 4427; x_wconf 58' lang='grc' dir='ltr'><strong><em>ι</em></strong></span> 
     </span>
    </p>
   </div>
   <div class='ocr_carea' id='block_1_16' title="bbox 170 4429 1695 4634">
    <p class='ocr_par' dir='ltr' id='par_1_16' title="bbox 170 4429 1695 4634">
     <span class='ocr_line' id='line_1_38' title="bbox 1694 4429 1695 4458; baseline 0 0"><span class='ocrx_word' id='word_1_381' title='bbox 1694 4429 1695 4458; x_wconf 90' lang='lat' dir='ltr'><strong>l</strong></span> 
     </span>
     <span class='ocr_line' id='line_1_39' title="bbox 170 4464 1695 4555; baseline 0 -25"><span class='ocrx_word' id='word_1_382' title='bbox 170 4467 288 4530; x_wconf 90' lang='lat' dir='ltr'><strong>thesim</strong></span> <span class='ocrx_word' id='word_1_383' title='bbox 331 4470 417 4531; x_wconf 88' lang='lat' dir='ltr'><strong>enim</strong></span> <span class='ocrx_word' id='word_1_384' title='bbox 459 4469 553 4532; x_wconf 90' lang='lat' dir='ltr'><strong>sedes</strong></span> <span class='ocrx_word' id='word_1_385' title='bbox 590 4478 640 4532; x_wconf 91' lang='lat' dir='ltr'><strong>est</strong></span> <span class='ocrx_word' id='word_1_386' title='bbox 682 4490 835 4533; x_wconf 88' lang='lat' dir='ltr'><strong>caesurae</strong></span> <span class='ocrx_word' id='word_1_387' title='bbox 874 4464 1077 4555; x_wconf 86' lang='lat' dir='ltr'><strong>principalis,</strong></span> <span class='ocrx_word' id='word_1_388' title='bbox 1116 4491 1199 4554; x_wconf 91' lang='lat' dir='ltr'><strong>quae</strong></span> <span class='ocrx_word' id='word_1_389' title='bbox 1237 4470 1355 4534; x_wconf 89' lang='lat' dir='ltr'><strong>dicitur</strong></span> <span class='ocrx_word' id='word_1_390' title='bbox 1391 4467 1569 4552; x_wconf 89' lang='lat' dir='ltr'><strong>penthemi-</strong></span> <span class='ocrx_word' id='word_1_391' title='bbox 1694 4469 1695 4503; x_wconf 63' lang='lat'>³</span> 
     </span>
     <span class='ocr_line' id='line_1_40' title="bbox 171 4592 286 4634; baseline -0.017 0"><span class='ocrx_word' id='word_1_392' title='bbox 171 4592 286 4634; x_wconf 89' lang='lat' dir='ltr'><strong>meres.</strong></span> 
     </span>
    </p>
   </div>
   <div class='ocr_carea' id='block_1_17' title="bbox 0 0 1704 5067">
    <p class='ocr_par' dir='ltr' id='par_1_17' title="bbox 0 0 1704 5067">
     <span class='ocr_line' id='line_1_41' title="bbox 0 0 1704 5067; baseline 0 0"><span class='ocrx_word' id='word_1_393' title='bbox 0 0 1704 5067; x_wconf 95' lang='lat' dir='ltr'><strong> </strong></span> 
     </span>
    </p>
   </div>
  </div>
 </body>
</html>
