3392 5067
1460 248 1522 313 307

127 436 217 518 bant,
240 445 461 521 usurparetur,
485 437 585 501 veluti
607 438 642 517 ὅς
664 459 723 522 pro
746 439 843 516 ὅστις,
867 425 935 516 οἷος
957 459 1015 522 pro
1038 436 1154 517 ὁποῖος
1176 459 1203 502 e.
1221 459 1245 502 s.
1285 459 1381 523 quam
1396 438 1524 504 adrem

127 539 371 605 diiudicandum
395 541 512 626 singuli
535 543 730 627 scriptorum
753 541 816 605 loci
840 541 1048 605 examinandi
1073 550 1156 606 sunt.

231 645 429 731 Incipiamus
451 647 550 730 igitur
572 646 613 711 ab
637 646 779 712 Homero
803 655 835 709 et
859 647 984 710 omissis
1007 646 1095 728 locis,
1127 646 1245 732 quibus
1269 648 1524 714 condicionalem

128 751 235 832 potius
258 771 389 814 sensum
410 750 582 814 relativum
606 751 752 835 praebet,
775 760 812 814 ut
833 749 1031 836 respondeat
1053 749 1164 814 latino:
1189 752 1226 813 ‘si
1242 753 1322 835 quis,
1347 753 1416 817 sive
1432 753 1524 838 quis',

127 854 228 920 veluti
252 860 281 919 B
302 853 375 931 365,
403 859 436 920 Ψ
455 855 529 934 498,
554 882 574 938 χ
596 856 638 919 66
646 856 682 942 1),
710 864 742 920 et
769 856 839 920 loco
869 861 898 920 Y
917 855 957 918 21
984 850 1095 940 (ἔγνως
1116 857 1194 942 ἐμὴν
1215 857 1341 946 βουλήν,
1369 850 1412 922 ὧν
1433 855 1524 922 ἕνεκα

127 958 319 1046 ξυνάγειρα),
341 960 398 1025 ubi
420 960 553 1046 pluralis
577 962 774 1045 pronominis
797 961 924 1024 relativi
947 961 1185 1024 constructione
1209 960 1251 1024 ad
1274 982 1404 1025 sensum
1427 983 1524 1047 quam

129 1071 248 1127 vocant
271 1064 487 1150 explicandus
511 1087 582 1129 esse
605 1064 745 1150 videtur,
770 1064 1012 1129 consideremus
1034 1064 1125 1129 talia:

254 1208 281 1269 δ
304 1213 364 1268 576
388 1198 460 1270 ἀλλ’
475 1207 531 1290 dyc
553 1230 610 1289 μοι
631 1206 706 1271 τάδε
728 1203 802 1269 εἰπὲ
823 1201 878 1268 καὶ
900 1201 1054 1290 ἀτρεκέως
1075 1201 1257 1286 κατάλεξον,

387 1309 479 1400 δ’ππῃ
502 1310 740 1397 ἀπεπλάγχθης
760 1333 795 1373 τε
817 1306 873 1373 καὶ
895 1311 933 1387 ἅς
955 1333 1044 1386 τινας
1064 1307 1133 1373 ἵκεο
1155 1313 1258 1394 χώρας

387 1414 579 1499 ἀνθρώπων,
604 1417 717 1491 αὐτούς
738 1437 773 1477 τε
794 1413 914 1490 πόλιάς
934 1407 964 1476 τ’
979 1408 1014 1476 εὖ
1035 1413 1230 1490 ναιετοώσας

387 1519 466 1604 ἠμὲν
487 1518 560 1583 δ’σοι
581 1515 720 1598 χαλεποί
741 1541 776 1581 τε
798 1514 852 1581 καὶ
874 1517 980 1602 ἄγριοι
1003 1516 1077 1581 οὐδὲ
1101 1513 1229 1596 δίκαιοι,

387 1623 421 1687 οἳ
441 1647 475 1688 τε
499 1621 675 1709 φιλόξεινοι
697 1619 831 1707 nelops
854 1622 926 1698 νόος
948 1618 1018 1684 ἐστὶ
1040 1620 1186 1708 θεουδής.

129 1768 269 1844 propterv
290 1760 447 1843 membra,
478 1783 561 1846 quae
583 1759 795 1847 praecedunt,
827 1758 963 1823 dubium
986 1780 1051 1821 non
1074 1779 1144 1821 esse
1168 1757 1307 1839 videtur,
1336 1760 1412 1842 quin
1435 1758 1469 1824 οῗ
1489 1781 1524 1823 τε

128 1885 225 1927 sensu
248 1865 477 1949 interrogativo
501 1865 727 1951 accipiendum
752 1867 801 1927 sit.
841 1863 929 1949 quod
951 1871 1060 1926 autem
1083 1861 1243 1926 Ameisius
1272 1862 1397 1926 confert
1418 1887 1438 1926 τ
1461 1863 1523 1926 219

127 1966 201 2032 εἰπέ
229 1992 296 2053 μοι,
327 1965 422 2034 ὁποῖ’
438 1971 524 2034 douo
540 2019 548 2034 .
565 2019 572 2034 .
589 1969 706 2054 εἵματα
729 1967 813 2048 ἕστο,
844 1968 939 2045 αὐτός
962 1960 999 2031 θ’
1015 1956 1085 2044 οἷος
1106 1961 1159 2051 ἔην
1180 1965 1236 2031 καὶ
1258 1964 1411 2051 ἑταίρους,
1438 1967 1472 2032 οἵ
1492 1961 1525 2032 οἱ

128 2068 255 2152 ἕποντο,
287 2093 383 2157 quem
414 2072 522 2137 locum
551 2075 687 2138 fortasse
717 2096 779 2136 usu
810 2072 1042 2154 interrogativo
1077 2069 1308 2154 explicandum
1336 2092 1406 2134 esse
1434 2069 1523 2134 Win-

129 2173 272 2239 dischius
295 2176 330 2263 (l.
348 2198 375 2240 c.
392 2199 424 2261 p.
441 2177 503 2240 211
528 2200 559 2242 n.
576 2178 611 2263 3)
642 2176 801 2259 concedit,
833 2197 894 2258 ego
916 2176 1003 2239 hunc
1027 2176 1072 2237 sic
1099 2182 1205 2238 verto:
1236 2177 1279 2237 ‘et
1309 2172 1362 2237 dic
1392 2175 1522 2251 amicus,

129 2280 183 2363 qui
207 2299 280 2343 eum
304 2283 407 2344 secuti
430 2281 524 2346 sunt?
570 2281 617 2345 sic
645 2282 731 2345 enim
753 2280 865 2343 Latini
893 2300 1021 2365 quoque
1044 2276 1153 2347 dicere
1176 2287 1324 2363 possunt,
1353 2279 1393 2342 cf.
1417 2299 1523 2356 exem-

127 2381 217 2466 plum
240 2405 260 2446 a
282 2383 458 2455 Kuebnero
482 2384 629 2450 allatum:
653 2384 720 2449 (lic.
738 2382 806 2448 Cat.
825 2384 869 2448 M.
886 2383 916 2464 4,
936 2382 976 2445 12
999 2380 1088 2445 ‘nihil
1110 2380 1333 2446 admirabilius
1356 2373 1405 2444 est
1427 2403 1524 2466 quem

127 2507 190 2570 quo
209 2487 305 2550 modo
328 2498 464 2552 mortem
487 2488 544 2552 filii
566 2487 647 2551 tulit'
671 2489 691 2553 i.
708 2510 735 2551 e.
753 2508 851 2573 quam
874 2485 989 2551 modus
1013 2507 1075 2571 quo
1097 2485 1179 2549 tulit.
1206 2493 1238 2548 et
1261 2485 1358 2569 Verg.
1376 2485 1458 2549 Aen.
1479 2485 1524 2548 VI

127 2589 191 2653 614
208 2593 258 2655 ‘ne
271 2612 390 2675 quaere
403 2592 524 2673 doceri,
539 2591 543 2678 Ι
558 2613 655 2677 quam
667 2613 805 2677 poenam
816 2599 873 2654 aut
885 2611 968 2675 quae
984 2589 1088 2653 forma
1102 2591 1189 2653 viros
1204 2589 1376 2654 fortunave
1391 2590 1522 2653 mersit’.

203 2735 237 2794 N
260 2730 356 2818 278²)
483 2727 566 2798 ἔνθα
588 2725 720 2818 μάλιστ’
734 2734 829 2816 doctr)
854 2725 1030 2795 διαείδεται
1053 2728 1183 2812 ἀνδρῶν,

377 2830 485 2901 ἔνθ’δ’
504 2860 539 2901 τε
563 2834 666 2913 δειλὸς
687 2836 774 2924 ἀνήρ,
798 2832 833 2912 ὅς
855 2827 885 2898 τ’
900 2832 1034 2917 ἄλκιμος
1055 2830 1250 2920 ἐξεφαάνθη.

239 2941 268 3002 Φ
293 2948 353 3002 609
381 2939 434 3024 (οὐ
457 2933 487 3005 δ’
503 2941 565 3027 ἄρα
581 2988 588 3003 .
606 2989 614 3003 .
631 2934 738 3023 ἔτλαν)
762 2940 928 3023 γνώμεναι,
951 2937 988 3014 ὅς
1008 2959 1043 3000 τε
1065 2938 1219 3021 πεφεύγοι

378 3043 414 3122 ὅς
434 3037 465 3108 τ’
480 3039 573 3110 ἔθαν’
588 3044 622 3107 ἐν
644 3041 791 3130 πολέμῳ
815 3041 894 3125 cfy
919 3039 990 3124 185,
1013 3064 1031 3125 ρ
1054 3037 1127 3104 363,

128 3189 329 3263 cognoscunt
347 3181 479 3247 Troiani
502 3190 534 3246 et
557 3204 622 3263 eos,
646 3183 701 3268 qui
724 3190 862 3245 mortem
884 3179 1048 3262 fugerunt,
1072 3185 1104 3240 et
1127 3198 1191 3258 eos,
1216 3177 1271 3261 qui
1294 3178 1411 3242 mortui
1434 3188 1522 3260 sunt,

130 3283 187 3348 sed
212 3286 373 3368 cognituri
395 3296 480 3367 sunt,
505 3287 560 3371 qui
584 3285 727 3370 fugerint
749 3285 869 3369 quique
892 3284 1010 3346 mortui
1033 3282 1106 3345 sint.
1114 3279 1140 3367 3)

225 3393 263 3453 Η
288 3389 348 3452 171
377 3390 480 3480 κλήρῳ
508 3390 718 3469 πεπάλασθε,
745 3389 781 3466 ὅς
806 3413 841 3453 κε
863 3388 979 3475 λάχῃσι
1006 3384 1121 3449 collato
1151 3409 1164 3448 ι
1187 3384 1248 3448 331
1278 3386 1381 3473 κλήρῳ
1415 3409 1523 3453 πεπα-

126 3490 251 3558 λάσθαι
274 3493 404 3577 δίναιγον,
428 3491 516 3572 ὅστις
538 3494 724 3580 τολμήσειεν
747 3492 794 3554 sic
817 3490 984 3575 explicare
1008 3489 1106 3553 malo:
1139 3491 1234 3552 ‘sorte
1258 3489 1443 3571 decernere,
1473 3492 1525 3554 cui

128 3593 284 3679 obtingat'
317 3618 413 3680 quam
436 3596 498 3684 hoe
521 3597 616 3661 modo
643 3598 864 3680 interpretari:
889 3597 985 3658 ‘sorte
1008 3592 1153 3656 indicare
1177 3614 1260 3674 eum,
1290 3595 1342 3657 cui
1365 3594 1523 3678 obtingit!

263 3757 291 3799 π
314 3744 374 3798 317
400 3729 504 3824 ἀλλ’ἢ
526 3733 579 3801 τοί
600 3756 638 3800 σε
660 3742 807 3818 γυναῖκας
829 3735 891 3818 ἐγὼ
915 3733 1100 3799 δεδάασθαι
1122 3733 1238 3816 άνωγα,

397 3838 434 3904 αἵ
453 3837 489 3904 τέ
510 3834 542 3903 σ’
558 3837 752 3924 ἀτιμάζουσι
773 3837 829 3905 καὶ
851 3835 888 3902 αἳ
907 3834 1081 3924 νηλείτιδές
1102 3836 1192 3900 εἰσιν.

231 4014 251 4078 ¹)
280 4014 367 4075 Quem
393 4013 484 4063 locum
507 4013 669 4079 Ebelingius
695 4029 749 4062 non
773 4015 813 4062 ita
836 4011 963 4062 exhibere
985 4010 1112 4060 debebat:
1139 4008 1208 4076 ὑμῖν
1231 4008 1400 4077 παράκειται,
1428 4012 1457 4066 oc
1478 4027 1525 4062 κεν

125 4098 221 4170 άλάξῃς
240 4115 302 4150 nam
315 4105 380 4166 puto
392 4099 495 4165 aliquid
507 4101 540 4150 ad
553 4115 608 4150 rem
621 4099 726 4149 faciunt
744 4114 814 4164 quae
826 4098 1010 4149 intercedunt:
1029 4093 1191 4165 παράκειται
1204 4095 1330 4147 ἐναντίον
1342 4097 1371 4162 ἠὲ
1384 4100 1526 4164 μάχεσθαι

126 4184 285 4253 ἢφεύγειν,
305 4188 334 4243 ὃς
351 4203 457 4237 κεν...

230 4272 250 4338 ²)
269 4273 431 4339 Ebelingius
449 4273 488 4339 (11
501 4274 552 4323 85·
565 4273 591 4337 e)
610 4273 683 4324 hunc
701 4273 791 4323 locum
810 4289 864 4322 non
883 4269 989 4322 adtulit.

227 4358 249 4421 3)
273 4360 432 4410 Lammertii
454 4361 691 4425 interpretationes
714 4359 749 4426 (p.
770 4362 813 4423 11)
837 4375 892 4407 non
914 4356 1050 4419 refutabo,
1072 4357 1119 4405 ssd
1142 4371 1187 4406 eas
1210 4356 1254 4405 hic
1272 4357 1444 4421 adscripsisse
1461 4361 1526 4408 satis

123 4443 222 4496 habeo:
250 4445 314 4494 ‘und
333 4462 367 4494 zu
387 4446 527 4495 erkunden
547 4446 617 4495 “den
637 4447 717 4496 einen
735 4446 792 4495 und
810 4445 863 4494 den
882 4443 1010 4505 andern”‚
1034 4441 1081 4491 der
1099 4443 1133 4492 da
1151 4445 1186 4492 ist
1204 4442 1349 4504 sntflohen,
1372 4444 1419 4492 der
1437 4443 1471 4493 da
1489 4446 1525 4494 im

124 4531 239 4597 Kampfe
261 4531 398 4597 gafallen’.
435 4532 488 4582 ‘Da
509 4532 576 4582 wird
600 4531 720 4582 offsnbar
738 4532 786 4582 der
805 4533 866 4581 eine
884 4530 940 4580 und
958 4529 1005 4580 der
1023 4529 1131 4592 andere,
1155 4529 1202 4578 der
1224 4529 1259 4578 da
1276 4530 1311 4578 ist
1329 4531 1373 4577 ein
1392 4530 1525 4596 Feigliug,

126 4616 173 4666 der
190 4617 224 4666 da
243 4618 288 4666 ein
306 4617 423 4681 tapferer
441 4618 541 4668 Mann'.

1321 4699 1371 4752 20*
