3392 5067
160 174 224 238 264

161 364 258 428 dcvi
282 364 404 429 causali
432 364 526 428 huius
550 364 685 428 voculae
714 363 891 429 dubitatur.
937 366 1050 450 paucis
1080 366 1165 427 enim
1188 366 1227 427 iis
1250 362 1339 444 locis,
1364 364 1419 448 qui
1442 385 1462 425 a
1483 384 1558 424 non-

160 467 257 533 nullis
279 469 358 532 viris
388 467 490 533 doctis
520 470 566 532 ita
599 468 815 554 explicantur,
847 470 974 532 antris
1005 470 1226 555 comparativa
1256 466 1308 531 vel
1339 466 1557 532 exclamative

161 574 258 637 statui
280 581 336 638 aut
358 574 401 652 ὥς
424 573 521 637 scribi
544 583 659 659 potest.
698 573 785 638 locos
810 573 961 637 collectos
984 573 1131 637 invenies
1154 575 1187 636 in
1210 572 1374 656 Ebelingii
1396 570 1502 635 lexico
1524 569 1559 633 II

161 677 223 739 497
248 681 284 759 9,
316 702 337 758 ι,
367 676 451 740 498“
476 700 503 758 c,
534 683 574 759 pt,
614 678 653 741 cf.
679 676 814 743 Schmin
844 678 864 742 l.
889 700 913 741 s.
938 700 966 741 c.
991 700 1045 764 pp.
1062 675 1190 776 55.⁵t‘l·
1236 687 1345 741 tamen
1375 678 1484 740 nescio
1516 698 1557 738 an

164 780 397 865 significatione
422 781 553 865 causali,
585 804 669 867 quae
693 784 935 867 comparativae
958 781 1011 845 vel
1042 781 1258 845 exlamativae
1285 783 1433 867 proxima
1456 789 1560 843 estet

162 884 337 949 vernacule
368 886 507 972 exprimi
540 894 646 971 potest
668 885 827 950 vertendo
858 887 929 949 ‘wie
960 886 1067 967 denn',
1098 885 1392 970 Argonauticorum
1422 886 1560 970 scriptor

163 991 206 1068 ὡς
228 988 388 1053 nonnullis
410 990 489 1053 locis
513 992 688 1074 acceperit,
712 990 802 1054 velut
824 995 847 1071 β
870 989 934 1054 233
963 994 1007 1078 μή
1034 1014 1084 1068 τις
1110 986 1158 1055 ἔτι
1185 997 1339 1078 πρόφρων
1365 992 1480 1074 ἀγανὸς
1505 987 1560 1055 καί

161 1096 259 1181 ἤπιος
289 1089 371 1160 έστω
402 1093 406 1179 Ι
438 1102 638 1181 σκηπτοῦχος
668 1096 828 1179 βασιλεύς,
857 1095 936 1181 μηδὲ
966 1092 1078 1181 φρεσίν
1100 1093 1215 1179 α’ίσιμα
1235 1095 1338 1174 εἰδώς,
1370 1096 1375 1175 Ι
1405 1088 1475 1159 ἀλλ’
1495 1091 1560 1158 αἰεί

162 1198 302 1279 χαλεπός
332 1194 362 1262 τ’
377 1196 425 1285 εἴη
455 1196 509 1263 καί
539 1198 654 1264 α’ίσυλα
684 1198 778 1285 ῥέζοι,
800 1198 804 1284 Ι
825 1202 868 1277 ὡς
898 1201 937 1264 od
964 1223 1014 1278 τις
1042 1197 1199 1284 μέμνηται
1221 1193 1400 1286 Ὀδυσσῆος
1426 1195 1556 1281 θείοιοΙ

163 1303 257 1383 λαῶν,
290 1292 375 1367 οἷσιν
404 1304 532 1383 α’νασσε,
564 1308 670 1389 πατὴρ
701 1299 731 1370 d’
754 1305 797 1382 ὣς
823 1305 921 1390 ἤπιος
950 1301 1013 1392 ἦεν,
1059 1302 1165 1369 6373
1192 1306 1305 1391 νήπιός
1330 1302 1386 1384 εἷς,
1415 1301 1441 1367 ὦ
1468 1299 1558 1382 ξεῖνε,

166 1404 237 1493 λίην
258 1408 355 1471 τόσον
376 1408 432 1493 ἠδέ
455 1404 628 1494 χαλίφρων,
649 1405 653 1491 Ι
673 1404 708 1496 ἦε
732 1406 812 1472 ἑκὼν
834 1405 963 1491 μεθίεις
984 1404 1037 1471 καί
1052 1405 1186 1493 τέρπεαι
1208 1408 1304 1491 ἄλγεα
1326 1411 1476 1488 πάσχων,·
1495 1406 1500 1490 Ι
1520 1408 1563 1485 ὡς

166 1511 205 1596 δὴ
228 1506 306 1599 δήθ’
321 1508 368 1574 ἐνί
394 1513 479 1600 νήσῳ
506 1512 639 1595 ἐρύκεαι,
669 1509 744 1577 οὐδέ
768 1534 802 1576 τι
828 1510 953 1596 τέκμωρ
978 1510 982 1596 Ι
1006 1510 1169 1596 εὑρέμεναι
1197 1512 1338 1591 δύνασαι,
1366 1512 1497 1596 μινύθει
1524 1509 1561 1576 δέ

162 1637 215 1679 τοι
236 1612 312 1701 drop
336 1612 478 1699 ἑταίρων.
519 1613 559 1679 cf.
578 1614 684 1701 Apoll.
702 1614 719 1677 I
735 1614 777 1678 82
800 1607 878 1680 αἶσα
901 1620 959 1700 γὰρ
982 1613 1036 1701 τΙεν
1055 1614 1059 1700 Ι
1079 1617 1175 1681 αὐτὸν
1196 1615 1282 1700 ὁμῶς
1304 1617 1427 1701 Μόψον
1449 1638 1534 1679 τε..
1553 1663 1559 1676 .

164 1722 294 1804 Λιβύης
315 1714 362 1783 ivl
383 1716 515 1804 πείρασι
539 1720 714 1808 δῃωθῆναι,
736 1718 741 1805 Ι
761 1720 803 1798 ὡς
825 1723 882 1787 οὐκ
897 1722 1102 1804 ἀνθρώποισι
1117 1722 1215 1785 καλὸν
1236 1723 1389 1807 μήκιστον
1402 1720 1561 1802 ἐπαυρεῖν.

165 1846 182 1885 e
206 1822 415 1907 Callimacho,
439 1823 615 1905 Nicandm,
641 1823 762 1903 Quinto
786 1846 869 1909 quae
891 1822 1055 1910 proferam
1078 1824 1228 1910 exempla
1247 1824 1313 1888 non
1336 1822 1481 1909 habe0.1)
1504 1824 1562 1886 ita-

164 1948 226 2012 que
251 1915 331 2011 opus
355 1949 419 1990 non
443 1918 513 1991 esse
536 1937 613 2013 puto
636 1927 773 2012 medela,
803 1949 886 2013 quae
910 1951 940 1989 v.
961 1926 1024 1991 417
1050 1927 1165 1993 collato
1187 1929 1221 1991 in
1243 1938 1385 1992 mentem
1407 1927 1486 1992 mihi
1508 1949 1562 1990 ve-

163 2040 269 2095 nerat:
293 2025 345 2118 ἠδ’
361 2033 412 2110 ὡς.
459 2032 642 2097 Hermanni
670 2033 857 2096 coniectura
880 2032 998 2096 Abelio
1025 2032 1162 2117 probata
1188 2036 1209 2119 ίΙ
1236 2033 1275 2122 δή
1303 2035 1416 2118 ntique
1443 2031 1561 2095 violen-

164 2137 226 2200 tior
248 2145 306 2199 est.

269 2240 322 2303 De
345 2240 512 2326 particulis
534 2238 614 2327 ἦμος
637 2247 668 2303 et
691 2240 776 2328 6φρα
798 2239 880 2303 haec
902 2239 1031 2305 addam.
1073 2230 1112 2302 in⁴
1129 2262 1161 2303 v.
1180 2238 1263 2303 1246
1287 2238 1381 2304 codd.
1406 2237 1562 2303 exhibent

164 2353 264 2434 τῆμος
287 2367 345 2429 pro
367 2343 448 2435 ἦμος
469 2346 620 2431 positum,
644 2344 808 2429 347‚939,
827 2344 912 2409 1303
933 2348 1037 2433 τόφρα
1060 2367 1119 2430 pro
1142 2345 1240 2431 6φρα;
1265 2344 1391 2409 duobus
1408 2345 1562 2407 extremis

164 2448 241 2512 locis
263 2456 367 2536 τόφρα
390 2448 550 2534 particula
580 2449 685 2514 finalis
708 2458 765 2514 est.
812 2448 1031 2513 Schneiderus
1054 2448 1260 2513 Hermannus
1283 2447 1420 2513 Abelius
1443 2450 1475 2511 in
1498 2470 1562 2511 uno

165 2577 195 2617 v.
214 2553 277 2617 939
307 2560 411 2640 τόφρα
441 2556 643 2619 retinuerunt
665 2562 766 2619 metro
790 2553 962 2618 firmatum.
1009 2553 1066 2618 sed
1090 2556 1117 2617 si
1139 2556 1172 2616 in
1194 2553 1257 2618 hac
1281 2552 1497 2638 disputatione
1520 2552 1563 2615 ad

165 2660 354 2745 pronomina
378 2668 410 2721 et
433 2657 591 2722 adverbia
606 2657 743 2721 relativa
766 2660 1022 2743 pervenerimus,
1046 2657 1230 2723 videbimus
1246 2659 1343 2721 certis
1367 2656 1562 2743 quibusdam

164 2784 278 2826 versus
300 2761 378 2837 locis
402 2783 459 2845 pro
482 2760 625 2825 relativis
650 2764 800 2846 usurpari
823 2761 943 2826 formas
967 2762 1249 2843 demonstrativas,
1274 2783 1357 2847 quae
1372 2770 1475 2826 metro
1498 2782 1563 2824 non

165 2868 347 2949 exiguntur.
387 2864 578 2930 Callimachi
602 2887 679 2930 sane
703 2888 817 2930 versus
833 2865 903 2930 IIII
926 2866 967 2930 39
984 2888 1030 2951 sq.
1054 2868 1159 2954 τόφρα
1181 2868 1239 2950 μὲν
1261 2868 1352 2931 οῖίπω
1374 2888 1427 2933 σοι
1450 2864 1562 2952 χρυσέη

164 2968 354 3055 ἐπεμίσγετο
377 2974 490 3057 Λητώ,
523 2972 526 3057 Ι
557 2978 662 3058 τόφρα
686 2966 714 3037 cl'
731 2967 776 3037 ἔτ’
791 2965 939 3059 Ἀστερίη
963 2976 1001 3035 σὺ
1016 2970 1071 3037 καί
1092 2970 1220 3037 οὐδέπω
1235 2966 1324 3036 έκλεο
1347 2970 1451 3058 Δῆλος
1472 2992 1563 3056 para-

165 3075 292 3155 tactice,
324 3083 360 3138 ut
382 3076 481 3158 aiunt,
506 3098 572 3139 non
594 3075 802 3159 hypctactice
831 3076 1020 3139 coniunctos
1051 3096 1122 3138 esse
1148 3096 1271 3138 censeo.
1317 3073 1480 3160 Apollonii
1502 3074 1565 3138 loci

164 3178 299 3243 111807
326 3179 473 3267 (τόφρα),
506 3178 576 3242 IIII
600 3178 673 3261 821,
700 3179 780 3242 1617
808 3177 930 3265 (τείως)
963 3189 1161 3243 excusantur
1182 3179 1306 3243 ratione
1333 3180 1477 3243 metrica.
1523 3178 1565 3241 de

166 3282 285 3363 Quinto
308 3283 459 3368 Koechly
488 3284 568 3348 nihil
600 3282 778 3347 adnotavit.
825 3283 962 3368 quodsi
986 3283 1154 3347 considero
1178 3284 1243 3347 iam
1266 3282 1309 3348 ab
1332 3281 1565 3369 antiquioribus

166 3387 377 3472 scriptoribus
396 3386 476 3467 τέως
497 3409 555 3472 pro
579 3385 638 3466 ἕως
660 3387 855 3474 usurpari2),
878 3410 898 3451 a
915 3388 1064 3451 codicum
1079 3390 1235 3453 memoria
1250 3387 1471 3452 recedendum
1494 3410 1566 3451 esse

166 3514 260 3576 nego.
296 3493 406 3577 itaque
430 3512 510 3577 opus
533 3514 597 3556 non
620 3494 724 3556 estin
747 3514 778 3555 v.
796 3492 860 3555 366
884 3514 958 3556 curn
982 3491 1203 3557 Slothouwero
1225 3491 1306 3579 ἦμος
1327 3513 1484 3578 reponere
1507 3513 1565 3577 pro

168 3605 276 3685 τῆμος,
306 3598 332 3660 si
360 3599 525 3660 enuntiata
554 3596 748 3660 secundaria
776 3595 907 3659 efficere
930 3595 1088 3661 volumus.
1135 3619 1193 3660 cur
1220 3607 1330 3661 autem
1357 3597 1567 3661 Hermannus

166 3724 213 3779 ea,
239 3722 322 3785 quae
345 3722 399 3765 vv.
417 3700 480 3764 369
498 3722 545 3785 sq.
569 3700 732 3784 leguntur,
757 3702 971 3787 ‘perineptam
994 3701 1172 3786 apodosim’
1197 3700 1357 3786 praebere
1381 3700 1479 3782 dicat,
1501 3722 1568 3764 non

162 3806 274 3887 video,
314 3807 414 3869 immo
437 3805 610 3868 enuntiatis
641 3805 843 3869 secundariis
867 3806 994 3869 statutis
1019 3826 1164 3870 conexus
1195 3806 1432 3869 sententiarum
1455 3802 1570 3868 melior

162 3910 302 3975 evadere
326 3910 465 3974 videtur.
520 3910 751 3995 departiculis
781 3908 836 3976 καί
859 3913 933 3977 τότε
957 3912 996 3998 δή
1018 3910 1103 3975 infra
1127 3910 1310 3996 disputabo.
1357 3908 1448 3995 quod
1470 3908 1513 3973 ad
1535 3931 1566 3971 v.

163 4014 248 4079 1350
264 4037 309 4100 sq.
334 4014 468 4097 adtinet,
499 4036 579 4098 quos
603 4014 698 4078 codd.
724 4016 771 4078 sic
795 4014 952 4079 exhibere
981 4016 1193 4079 Hermannus
1216 4016 1342 4100 putavit
1368 4015 1452 4079 ὅσσα
1473 4009 1502 4077 τ’
1518 4008 1570 4098 ἄρ’

264 4204 284 4272 ¹)
304 4208 456 4271 Usnrpatur
474 4208 509 4261 ὡς
527 4221 607 4256 sensu
627 4207 728 4257 causali
748 4223 764 4257 a
782 4223 876 4274 prosae
895 4210 996 4257 atticae
1015 4209 1192 4272 scriptoribus
1211 4212 1238 4257 et
1262 4208 1349 4273 poetis
1371 4207 1495 4272 tragicis3
1533 4206 1567 4257 cf.

160 4295 281 4359 Krueger
299 4295 312 4343 Ι
331 4295 373 4362 65,
392 4295 416 4355 8,
434 4293 566 4343 Ellendtii
584 4294 636 4343 lex.
656 4294 736 4360 Soph.
755 4295 783 4344 Π
803 4295 869 4345 1008
883 4311 931 4359 sq,
956 4294 1075 4343 Schinck
1092 4311 1119 4359 p.
1132 4295 1191 4344 VII.

263 4380 284 4445 2Ι
303 4381 381 4447 Apud
399 4380 565 4431 Herodotum
585 4382 637 4432 duo
657 4388 750 4432 extant
768 4382 820 4433 loci
839 4384 853 4431 I
872 4384 922 4432 173
941 4389 968 4433 et
987 4383 1040 4432 1111
1060 4385 1117 4446 165,
1139 4398 1253 4447 quorum
1271 4380 1381 4443 Holder,
1400 4383 1567 4432 novissimus

159 4467 252 4529 editor,
276 4467 353 4518 illurn
376 4468 498 4540 mutavit,
521 4468 593 4518 hunc
617 4470 750 4519 intactum
775 4469 894 4535 reliquit.
943 4470 976 4519 de
1001 4469 1185 4520 Demosthene
1208 4469 1241 4520 cf.
1261 4469 1377 4519 indicem
1397 4468 1513 4519 alterum
1532 4470 1561 4517 in

158 4553 319 4605 Rchdantzii
338 4556 455 4607 editione
475 4571 494 4606 s.
514 4572 538 4604 v.
559 4556 630 4614 τέως.
