3392 5067
1413 201 1471 267 157

178 390 232 455 Ex
254 390 476 474 adieetivis,
500 412 583 476 qnae
606 391 716 454 dativo
738 392 897 455 instructa
920 412 991 455 esse
1015 390 1127 472 solent,
1151 390 1280 471 δαύτός
1293 417 1369 474 τινι,
1388 392 1473 478 quod

76 497 154 558 tiam
182 494 270 579 apud
292 496 472 559 Homerum
501 494 604 576 deest,
632 496 665 557 in
688 495 818 577 elegeae
850 494 994 581 reliquiis
1023 518 1088 560 non
1120 498 1330 581 oonspioitur3
1363 494 1474 561 6611116

76 596 134 685 μία
157 599 302 683 Theogn.
327 598 446 685 29966.
470 597 574 677 οὐδεὶς
595 600 634 686 λῇ
660 593 754 685 φίλος
780 592 870 679 εἶναι,
902 600 981 686 ἐπὴν
1002 604 1099 666 κακὸν
1121 599 1212 687 ἀνδρὶ
1237 599 1373 689 γένηται,
1388 602 1391 680 l
1406 595 1478 667 οὐδ’.

76 698 188 791 ᾧτ’ἕκ
202 706 345 789 γαστρός,
360 705 473 790 Κύρνε,
496 712 570 792 μιῆς
591 703 700 793 γεγόνρ
723 706 885 768 notionem
910 703 999 767 latini
1023 704 1129 768 ‘idem'
1153 704 1253 769 habet
1276 714 1308 768 et
1330 704 1475 769 dativum

76 807 243 889 adsoisoit3
267 830 343 871 nam
365 807 418 871 hio
441 810 500 871 vix
522 807 682 871 adtractio
704 830 787 893 qnae
811 806 929 872 dieitur
951 810 1146 894 pronominis
1170 810 1276 873 minus
1298 810 1415 873 usitata
1435 804 1475 897 (ᾧ

76 913 96 974 i.
114 934 143 997 q.
164 916 277 1000 τούτῳ,
296 910 346 999 ὃς)
377 911 550 976 statuenda
578 934 648 976 esse
671 912 810 993 videtur,
842 935 918 977 oum
948 935 988 977 ne
1011 913 1073 977 hoo
1096 912 1228 999 quidem
1250 913 1337 997 apud
1360 913 1477 979 Home-

77 1038 149 1079 rum
172 1015 228 1102 (of.
251 1016 403 1099 Krueger
425 1017 479 1080 Di.
503 1015 556 1094 51,
578 1015 660 1103 9,1)
688 1025 854 1101 61666166
878 991 1037 1101 elegidoos
1061 1016 1127 1100 fiat,
1151 1026 1267 1103 61616
1290 1020 1476 1081 accusativo
1515 1076 1545 1103 ἢ,

76 1121 274 1205 pronominis
296 1120 424 1184 relativi
447 1121 616 1204 genetivus
633 1120 684 1183 vei
708 1120 847 1203 dativae,
872 1123 899 1185 si
921 1122 1051 1207 quidem
1071 1121 1113 1185 ad
1136 1121 1194 1185 hos
1211 1143 1304 1186 66666
1327 1121 1476 1206 16161161,

76 1235 259 1309 usurpetur.
306 1235 451 1290 ceterum
478 1225 717 1290 animadvertas
745 1225 899 1289 nonnulla
926 1227 1098 1312 adieetiva,
1123 1248 1207 1312 quae
1229 1226 1293 1289 1166
1317 1235 1476 1311 66661661,

76 1330 165 1414 apud
186 1330 365 1395 Homerum
387 1330 532 1396 nondum
555 1339 677 1394 extare,
717 1330 789 1395 dico
812 1332 935 1420 θηητός
957 1331 1048 1417 Tyrt.
1075 1330 1124 1414 10,
1141 1330 1183 1394 29
1207 1329 1366 1415 (absolute
1389 1353 1477 1394 usur-

75 1443 189 1518 patum
220 1444 268 1498 est
297 1435 376 1498 Hes.
401 1434 520 1519 Theog.
544 1434 616 1520 31),
646 1439 782 1521 πάτριος
803 1434 882 1499 ibid.
916 1433 965 1519 15,
997 1434 1026 1518 6,
1050 1436 1211 1523 σύμφορος
1233 1434 1378 1519 Theogn.
1402 1433 1476 1516 457,

76 1538 153 1621 526,
176 1538 269 1603 1352.
315 1539 364 1603 1116
387 1539 472 1603 adde
495 1540 633 1619 δίπιστος
655 1539 799 1623 Theogn.
828 1539 901 1622 601,
929 1540 1041 1626 ἐρατός
1062 1538 1155 1625 Tyrt.
1176 1539 1226 1625 10,
1242 1539 1293 1619 29,
1318 1562 1337 1603 6
1359 1538 1477 1625 quibus

76 1642 239 1707 Homerus
267 1642 413 1709 dativum
439 1665 598 1729 nusquam
625 1643 821 1736 pendentem
847 1643 935 1708 16611.
984 1645 1165 1709 6661166616
1192 1651 1301 1707 661661
1328 1653 1402 1707 6661
1425 1642 1479 1707 ad·
1562 1728 1565 1733 Δ

75 1749 197 1811 ieetiva
218 1743 324 1827 ’ίλελος
347 1747 490 1835 (εἴκελος,
514 1746 662 1833 ἀλίγκιος,
685 1746 861 1833 ἐναλίγκιος
883 1747 1001 1813 absunt
1016 1748 1057 1813 ab
1074 1748 1220 1835 elegeis),
1244 1747 1330 1833 quod
1352 1756 1478 1813 tantum

75 1851 191 1915 Mimn.
209 1851 239 1935 2,
256 1852 276 1917 3
298 1853 445 1934 traditur,
469 1851 579 1937 ὅμοιος
594 1862 626 1918 61
646 1852 726 1934 ἰ’σος,
748 1874 830 1937 quae
853 1852 1186 1939 111666116116166661,
1211 1855 1279 1935 etsi,
1298 1852 1384 1938 quod
1401 1873 1478 1916 6666

75 1956 203 2020 factum
230 1979 300 2020 esse
322 1957 461 2042 videtur,
482 1956 556 2036 ἰ’σος
577 1979 706 2042 6616661
729 1956 875 2021 65661616
898 1958 1082 2041 666166161,
1104 1955 1237 2037 πίσυνος
1259 1956 1402 2042 Theogn.
1427 1955 1478 2038 75,

76 2058 187 2147 ‘moga
210 2062 338 2147 ἐχθρός·
377 2060 383 2065 ¹

183 2164 329 2229 1616166
355 2167 530 2245 1666661,
557 2173 592 2228 61
616 2165 657 2229 de
680 2164 789 2230 dativo
817 2167 1065 2231 instrumenti
1092 2174 1216 2251 agatur.
1262 2173 1388 2229 oonstat
1415 2188 1479 2229 non

76 2291 153 2333 raro
176 2270 365 2352 Homerum,
394 2272 420 2333 si
450 2271 554 2355 magis
584 2270 646 2335 looi
677 2271 945 2355 significationem
975 2293 1123 2356 premere
1150 2269 1242 2353 velit,
1281 2292 1338 2355 pro
1370 2268 1479 2333 dativo

76 2376 316 2459 praepositione
345 2375 379 2439 ἐν
413 2377 468 2439 611.
519 2396 617 2459 quam
649 2384 764 2461 poetae
798 2375 933 2459 elegiaci
966 2376 1138 2461 661666616
1174 2375 1253 2439 16616
1291 2373 1478 2454 admittunt3

77 2477 122 2542 of.
152 2478 215 2543 Sol.
243 2479 292 2563 13,
315 2478 358 2542 44
384 2481 418 2544 ἐν
438 2478 607 2567 νηυσὶν..
631 2481 718 2564 ἄγειν
745 2478 905 2565 (Theogn.
932 2480 972 2543 12
1000 2476 1092 2547 ἔπλεε
1119 2477 1209 2567 νηυσὶ
1236 2477 1358 2565 θοαῖς),
1386 2478 1477 2562 Tyrt.

78 2583 132 2664 11,
158 2581 200 2645 25
231 2582 373 2671 δεξιτερῇ
405 2577 484 2649 δ’ἐν
509 2582 591 2669 χειρὶ
617 2581 794 2649 τινασσέται
821 2585 955 2670 ὄβριμον
982 2579 1073 2669 ἔγχος
1106 2583 1266 2671 (Theogn.
1294 2582 1359 2647 534
1392 2578 1480 2667 χερσὶ

73 2687 174 2776 λύρην
195 2687 319 2773 ὀχέων).
366 2710 440 2752 6616
469 2686 588 2752 16111166
616 2696 725 2751 661661
754 2687 978 2771 substantivis,
1006 2690 1038 2751 in
1062 2687 1179 2774 quibus
1201 2689 1252 2751 vis
1279 2685 1390 2751 localis
1416 2706 1479 2749 non

75 2802 138 2873 est,
165 2792 200 2855 ἐν
226 2815 289 2856 666
319 2794 534 2877 coniungitur,
563 2813 761 2878 quamquam
787 2792 836 2856 his
865 2815 993 2879 quoque
1021 2793 1181 2859 Homerus
1208 2792 1477 2878 praepositionem

75 2918 153 2961 eam
179 2897 365 2982 praemittit.
404 2895 513 2978 veluti,
541 2905 577 2959 ut
603 2918 704 2961 unum
732 2896 880 2961 adferam
910 2898 1104 2983 exemplum,
1132 2898 1294 2961 Homerus
1322 2916 1419 2980 saepe
1446 2894 1480 2958 ἐν

75 3002 212 3085 δεσμοῖς
231 3001 298 3066 δεῖν
318 2999 405 3083 dicit,
434 3009 546 3065 666116
569 3000 666 3065 Solon
688 3001 719 3081 4,
740 3000 782 3065 25
806 3000 953 3086 δεσμοῖσί
974 2996 1004 3067 τ’
1016 2999 1200 3067 ἀεικελίοισι
1224 2998 1382 3079 δεθέντες.
1421 2997 1479 3062 sed

74 3105 195 3171 melius
223 3107 331 3187 etiam,
355 3114 511 3191 quantum
538 3104 601 3169 1166
628 3107 662 3169 16
688 3127 723 3169 16
750 3108 835 3169 16161
857 3106 992 3170 Homeri
1020 3114 1051 3171 61
1073 3114 1242 3192 poetarum
1264 3105 1481 3190 elegiaoorum

75 3230 183 3295 genus
214 3209 344 3274 dioendi
374 3211 514 3293 16161611,
545 3234 588 3274 611
616 3232 677 3274 666
703 3211 840 3275 voculae
870 3212 934 3278 ὑπό
965 3212 1146 3298 adparebit.
1199 3210 1361 3275 Homerus
1395 3209 1482 3272 enim

76 3334 190 3399 saepe,
218 3313 274 3379 nbi
301 3313 354 3379 alii
382 3314 482 3378 solum
507 3314 653 3379 dativum
680 3324 813 3399 ponunt,
836 3316 901 3381 ὑπό
923 3341 986 3383 τινι
1010 3316 1088 3380 111611
1109 3315 1207 3400 idque
1230 3337 1295 3379 non
1318 3314 1430 3396 solum,
1455 3314 1481 3377 si

77 3418 175 3483 verbi
197 3419 300 3482 forma
324 3427 373 3481 661
394 3420 536 3503 passiva,
560 3418 618 3482 sed
642 3421 748 3501 611661,
769 3441 967 3506 quamquam
986 3420 1085 3484 multo
1105 3421 1218 3502 rarius,
1243 3420 1270 3482 si
1292 3428 1339 3482 est
1362 3419 1480 3502 activa,

76 3518 496 3610 6611111Γ352καὶἒμῇς
523 3525 587 3587 ὑπὸ
618 3522 707 3609 χερσὶ
731 3525 898 3609 δάμασσον
929 3524 1040 3611 (Soph.
1065 3523 1146 3589 Oed.
1171 3524 1209 3587 R.
1232 3522 1295 3587 202
1319 3521 1412 3609 (τόν),
1429 3573 1437 3587 .
1455 3572 1480 3603 .,

76 3625 194 3693 ὦΖεῦ
217 3630 328 3713 πάτερ,
351 3629 415 3692 ὑπὸ
438 3634 485 3714 σῷ
508 3625 634 3714 φθίσον
659 3627 823 3715 κεραυνῷ).
873 3631 907 3693 16
941 3628 1060 3713 elegeis
1090 3651 1168 3698 vero
1203 3650 1243 3692 66
1277 3629 1310 3691 16
1344 3628 1481 3713 passivis

78 3732 215 3817 quidem
237 3732 414 3795 verborum
441 3731 551 3795 formis
577 3733 650 3817 6166
677 3756 741 3797 666
769 3732 839 3797 1666
862 3734 931 3799 Ιὑπό
956 3734 1104 3812 traditur,
1137 3732 1201 3798 Sol.
1227 3732 1277 3815 13,
1301 3731 1341 3795 37
1366 3732 1484 3814 χῶστις

78 3839 138 3920 μὲν
161 3840 322 3901 νούσοισιν
344 3832 398 3901 ὑπ’
414 3836 583 3925 ἀργαλέῃσι
605 3841 732 3923 πιεσθῇ
755 3836 811 3923 (of.
832 3843 866 3902 N
879 3838 940 3903 667
957 3840 1060 3925 νούσῳ
1080 3831 1136 3903 ὑπ’
1148 3835 1283 3926 ἀργαλέῃ
1304 3834 1481 3924 φθίσθαι).

187 3939 242 4003 Ex
263 3940 394 4025 reliquis
416 3940 495 4004 loois
520 3940 822 4005 commemoratione
845 3942 878 4005 hi
902 3941 991 4027 digni
1015 3951 1102 4006 sunt:
1128 3942 1220 4027 Tyrt.
1246 3941 1296 4024 10,
1321 3940 1361 4005 31
1385 3938 1484 4006 ποσὶν

81 4042 328 4131 ..στηριχθείς
352 4043 408 4108 nbi
431 4044 597 4109 Buohholz
620 4043 700 4109 falso
724 4047 771 4109 sio
793 4048 1007 4131 interpungit:
1031 4045 1150 4133 μενέτω
1170 4045 1269 4112 ποσὶν
1288 4046 1483 4134 ἀμφοτέροι-

79 4171 144 4229 σιν,
167 4148 171 4233 Ι
191 4145 377 4237 στηριχθείς
399 4146 456 4213 ἐπὶ
477 4158 532 4237 γῆς
553 4149 610 4233 (of.
635 4174 658 4233 ,ιι
680 4149 743 4213 433
753 4172 800 4235 sq.
829 4149 904 4218 οὐδέ
925 4175 971 4239 πῃ
992 4142 1079 4232 εἶχον
1099 4151 1103 4236 1
1123 4152 1195 4216 odas
1218 4149 1364 4240 στηρίξαι
1386 4151 1484 4219 ποσὶν

79 4249 247 4336 ἔμπεδον.
262 4304 269 4317 .
284 4304 309 4333 .,
336 4256 365 4317 Φ
385 4252 501 4337 24166.
526 4254 599 4319 οὐδὲ
622 4254 779 4320 πόδεσσιν
793 4254 796 4341 i
810 4248 875 4337 εἶχε
898 4254 1139 4343 στηρίξασθαι),
1161 4255 1306 4339 Theogn.
1330 4255 1403 4339 815,
1427 4257 1483 4322 ubi

80 4356 224 4421 formula
252 4355 415 4422 homerica
440 4355 500 4433 λὰξ
521 4356 602 4423 ποδί
623 4357 751 4443 legitur,
781 4360 838 4423 sed
862 4381 926 4440 non
949 4369 986 4424 ut
1007 4359 1096 4445 apud
1119 4358 1297 4425 Homerum
1323 4361 1357 4425 in
1379 4362 1485 4447 prima

80 4483 199 4525 versus
222 4461 300 4524 sede
322 4459 447 4546 (11158
469 4470 499 4524 61
519 4461 596 4525 645
616 4460 621 4546 Ι
640 4461 699 4539 λὰξ
721 4461 801 4529 ποδὶ
822 4464 977 4551 κινήσας),
1004 4486 1109 4550 neque
1133 4466 1187 4549 ita,
1215 4465 1333 4543 61λάξ
1353 4486 1483 4551 616666-

80 4566 156 4648 dat,
180 4566 278 4630 immo
301 4567 334 4629 in
357 4565 459 4628 altera
481 4587 595 4630 versus
617 4576 711 4652 parte
733 4571 838 4652 posita
862 4579 919 4651 est,
943 4578 978 4634 ut
1000 4570 1109 4635 verbis
1131 4568 1212 4637 ποδὶ
1230 4568 1291 4648 λὰξ
1308 4568 1486 4653 ἐπιβαίνων
