3392 5067
2908 216 2989 280 33

189 434 325 496 spes
355 409 609 474 emulum
657 409 906 474 confert
934 410 1092 474 Tac.
1126 409 1298 475 Ann.
1333 409 1538 475 XIIII
1567 410 1672 494 57,
1720 409 1833 473 ubi
1865 409 2220 493 Tigellinus
2249 408 2577 473 Neronem
2618 410 2686 472 in
2716 407 2989 472 caedem

193 515 410 579 Sullae
458 523 522 577 et
550 515 769 578 Plauti
814 516 1064 578 incitat.
1128 514 1241 579 sed
1290 515 1355 578 hi
1400 514 1528 578 loci
1572 536 1835 599 prorsus
1880 514 2043 578 alius
2088 515 2345 597 generis
2378 521 2545 578 sunt.
2595 512 2772 597 apud
2804 512 2990 575 Taci-

192 629 331 683 tum
376 621 549 683 enim
593 617 948 702 Tigellinus
993 618 1272 682 Neronis
1329 620 1761 705 suspicionem
1818 628 1881 681 et
1934 617 2248 682 invidiam
2305 626 2541 701 movet,
2597 618 2665 680 in
2712 615 2991 681 Octavia

193 733 413 787 autem
459 722 632 787 Nero
693 723 832 807 ipse
879 745 917 787 a
963 722 1137 786 nullo
1198 724 1504 787 incitatus
1564 723 1720 787 talia
1777 722 2041 809 profert,
2104 744 2499 807 quamquam
2555 720 2807 785 Seneca
2853 721 2990 784 eius

193 829 485 892 animum
531 827 792 913 placare
841 827 1073 891 studet.
1140 836 1204 891 et
1250 830 1302 891 si
1347 826 1663 891 Octaviae
1712 828 1984 913 scriptor
2028 828 2239 891 Taciti
2284 828 2596 891 rationem
2639 825 2991 906 habuisset,

193 955 324 996 non
371 933 720 1013 Neronem,
768 931 884 995 sed
931 930 1325 1015 Tigellinum
1369 932 1524 996 talia
1570 931 1895 996 dicentem
1944 953 2092 996 611111
2138 930 2462 995 facturum
2515 930 2715 995 fuisse
2760 930 2992 1015 proba-

194 1037 324 1102 bile
374 1046 499 1119 est3
558 1046 732 1099 certe
764 1036 942 1101 nulla
987 1036 1109 1100 fuit
1155 1058 1374 1118 causa,
1424 1058 1540 1101 cur
1582 1045 1785 1101 totam
1829 1058 1967 1099 rem
2012 1039 2379 1101 inverteret.
2428 1034 2774 1100 Octaviam
2818 1033 2997 1119 plebi

198 1164 419 1206 caram
451 1141 649 1205 fuisse
680 1163 786 1205 vv.
828 1140 956 1204 572
982 1162 1106 1225 sq.:
1153 1142 1260 1203 vir
1302 1142 1601 1204 sustinere
1636 1142 1833 1227 possit
1876 1143 1981 1203 hos
2028 1141 2332 1205 thalamos
2378 1140 2555 1205 dolor
2594 1140 2602 1225 Ι
2642 1140 2849 1203 videre
2881 1161 2995 1223 po-

192 1246 352 1330 puli,
400 1255 618 1308 saneta
663 1267 771 1309 nec
814 1245 1024 1330 pietas
1066 1246 1232 1308 sinat
1277 1254 1342 1308 et
1386 1245 1542 1308 Tac.
1590 1246 1763 1309 Ann.
1809 1244 2017 1309 XIIII
2058 1244 2171 1309 59:
2238 1244 2557 1308 Octaviam
2600 1293 2612 1305 .
2660 1297 2671 1308 .
2719 1293 2733 1306 .
2775 1243 2999 1309 studiis

189 1350 419 1435 populi
480 1372 723 1433 qravem
786 1357 1114 1429 narratur3
1191 1350 1556 1433 propiorem
1617 1349 1949 1434 quandam
2011 1348 2491 1413 similitudinem
2555 1350 2622 1412 in
2680 1348 2779 1411 his
2841 1347 2999 1411 locis

199 1455 444 1518 frustra
490 1474 782 1539 quaereS,
838 1452 905 1515 id
953 1453 1125 1538 quod
1173 1455 1368 1516 etiam
1413 1454 1480 1516 in
1527 1451 1673 1517 Oct.
1707 1452 1835 1516 536
1861 1474 1952 1537 sq.
2007 1452 2159 1537 (547
2210 1461 2274 1515 et
2318 1451 2474 1537 587)
2521 1462 2586 1515 et
2630 1452 2789 1516 Tac.
2825 1452 2996 1514 Ann.

199 1558 374 1622 XIII
399 1557 483 1620 12
513 1558 756 1642 quando
790 1608 800 1619 .
839 1608 852 1620 .
891 1608 901 1619 .
941 1607 952 1619 .
988 1556 1422 1642 abhorrebatl)
1471 1556 1664 1622 cadit.

410 1661 556 1725 Iam
608 1661 676 1724 id
731 1682 1006 1746 quoque,
1065 1660 1239 1745 quod
1292 1659 1436 1725 Oct.
1480 1660 1608 1725 593
1641 1683 1780 1747 sqq.
1831 1661 2235 1748 Agrippinae
2290 1661 2523 1726 umbra
2575 1663 2643 1724 in
2698 1682 3002 1724 scaenam

201 1767 554 1849 inducitur,
615 1766 836 1829 Braun
851 1764 901 1851 2)
965 1787 1049 1828 ex
1108 1765 1335 1829 Tacito
1398 1766 1730 1849 explicare
1792 1765 2027 1831 studet.
2126 1767 2302 1852 apud
2362 1768 2532 1831 hunc
2595 1768 2766 1829 enim
2826 1765 2998 1829 Ann.

203 1870 415 1935 XIIII
446 1869 529 1933 10
574 1869 875 1953 legimus:
925 1879 979 1931 et
1010 1879 1211 1947 erant,
1260 1870 1365 1953 qui
1394 1869 1712 1932 crederent
1742 1870 2001 1933 sonitum
2050 1870 2231 1934 tubae
2262 1870 2520 1934 collibus
2564 1872 2791 1933 circum
2823 1869 3006 1932 editis

199 1976 607 2060 planctusque
655 1972 892 2036 tumulo
936 1974 1158 2035 matris
1203 1973 1662 2060 (Agrippinae)
1711 1974 1944 2037 audiri.
2038 1975 2152 2039 sed
2208 1975 2370 2039 haec
2418 1975 2629 2039 Taciti
2684 1973 2890 2038 verba
2936 1976 3003 2037 in

206 2102 408 2143 causa
452 2078 670 2162 fuisse,
718 2086 789 2141 ut
818 2077 1226 2161 Agrippinae
1258 2078 1489 2142 umbra
1534 2077 2017 2162 produceretur,
2068 2081 2184 2141 vix
2228 2088 2366 2143 tum
2412 2078 2631 2164 aliqua
2672 2101 2821 2142 cum
2864 2100 3004 2163 pro-

206 2184 546 2248 babilitate
595 2185 787 2247 statui
834 2192 1068 2267 posset,
1120 2184 1172 2244 si
1219 2181 1731 2246 demonstratum
1770 2192 1938 2247 esset
1983 2181 2327 2247 Octaviam
2370 2205 2442 2246 re
2473 2205 2632 2247 vera
2663 2205 2749 2246 ex
2780 2182 3006 2246 Tacito

206 2289 498 2353 fluxisse.
565 2288 648 2352 de
691 2310 798 2351 vv.
834 2286 961 2352 599
989 2308 1148 2371 sqq.‚
1196 2287 1433 2371 quibus
1466 2288 1870 2372 Agrippinae
1917 2287 2149 2351 umbra
2189 2288 2270 2351 de
2317 2288 2655 2371 naufragio
2704 2296 2767 2350 et
2808 2286 3009 2350 caede

210 2416 330 2458 sua
375 2395 663 2479 exponit,
714 2415 911 2478 supra
956 2392 1166 2456 fusius
1209 2394 1476 2475 egimus,
1538 2394 1669 2455 iam
1719 2395 1826 2477 qui
1872 2391 2029 2456 Tac.
2066 2393 2237 2457 Ann.
2287 2392 2491 2458 XIIII
2526 2393 2602 2454 11
2633 2415 2726 2478 sq.
2775 2389 3008 2455 verba:

213 2498 527 2562 adiciebat
575 2498 806 2585 (Nero)
854 2497 1118 2561 crimina
1165 2496 1409 2581 lonqius
1453 2499 1715 2581 repetita
1756 2546 1767 2558 .
1808 2545 1819 2559 .
1858 2546 1869 2557 .
1909 2546 1921 2559 .
1965 2498 2095 2561 dies
2137 2498 2372 2561 natalis
2413 2496 2807 2581 A9rippinae
2851 2496 3011 2557 inter

212 2604 492 2688 nefastos
548 2614 696 2666 esset
753 2625 902 2667 cum
958 2600 1102 2666 Oct.
1152 2601 1278 2665 609
1327 2623 1421 2686 sq.
1477 2602 1671 2664 saevit
1725 2604 1793 2664 in
1845 2624 2064 2665 nomen
2105 2601 2298 2686 ferus
2345 2604 2353 2687 Ι
2402 2604 2623 2665 matris
2678 2612 3009 2686 tyrannus,

214 2708 397 2771 obrui
442 2709 727 2770 meritum
770 2709 941 2793 cupit
1003 2706 1363 2790 contulerit,
1426 2728 1503 2769 ea
1551 2726 1717 2789 quae
1779 2706 1846 2769 in
1901 2706 2235 2789 tragoedia
2296 2705 2665 2792 Agrippina
2721 2705 3015 2789 deplorat

214 2811 446 2877 melius
489 2811 840 2895 intelleget,
888 2809 1067 2873 aliud
1113 2832 1240 2874 non
1289 2819 1656 2893 cognoscet.
1734 2808 1879 2873 Oct.
1929 2809 2054 2873 619
2081 2832 2216 2895 sqq.
2266 2812 2471 2894 turpis
2516 2809 2794 2874 Neronis
2839 2810 3013 2871 vitae

216 2916 364 2979 finis
420 2925 644 3001 aperte
701 2914 1123 3000 significatur,
1182 2936 1374 3000 quem
1430 2912 1773 2978 Suetonius
1828 2913 1983 2977 Ner.
2030 2914 2111 2976 47
2148 2936 2242 2999 sq.
2290 2915 2497 2977 fusius
2554 2912 2885 2977 describit.
2960 2914 3014 2974 is

217 3041 393 3102 ver0,
444 3022 557 3106 qui
603 3019 920 3084 Octaviae
964 3040 1194 3083 versus
1243 3020 1620 3104 composuit,
1669 3040 1747 3082 ea
1794 3040 1958 3104 quae
2003 3042 2042 3081 a
2089 3019 2392 3083 Suetonio
2447 3018 2793 3083 traduntur
2846 3016 3016 3081 bene

222 3134 557 3211 comperta
601 3124 847 3189 habuit.
932 3146 1011 3188 ac
1057 3146 1213 3189 sane
1259 3124 1428 3187 inter
1471 3124 1810 3206 utriusque
1855 3125 2253 3187 narrationes
2301 3122 2647 3188 similitudo
2696 3120 3017 3207 quaedam

220 3228 601 3309 intercedit3
636 3229 863 3293 cf.620
876 3251 995 3314 sq.:
1026 3229 1286 3292 verbera
1318 3240 1375 3292 et
1406 3239 1646 3313 turpem
1661 3227 1895 3313 fuqam
1935 3232 1942 3311 Ι
1977 3251 2324 3314 poenasque
2357 3250 2505 3293 cum
2538 3227 2712 3292 Suet.
2739 3226 2892 3290 Ner.
2910 3224 3015 3288 49:

222 3383 234 3394 .
275 3385 286 3397 .
327 3382 340 3395 .
380 3382 393 3395 .
429 3334 576 3419 leqit
618 3356 680 3397 se
710 3336 937 3397 hostem
967 3357 1008 3396 a
1038 3343 1256 3397 senatu
1284 3332 1633 3395 iudicatum
1664 3343 1720 3395 et
1750 3333 1987 3417 quaeri,
2039 3344 2106 3395 ut
2136 3335 2456 3418 puniatur
2484 3354 2648 3395 more
2688 3331 3015 3407 maiorum,

219 3440 743 3524 interroqavitque
781 3436 968 3523 quale
1010 3438 1080 3500 id
1123 3458 1312 3520 qenus
1356 3447 1507 3499 esset
1547 3458 1781 3522 poenae
1790 3460 1815 3517 ,·
1860 3446 1917 3499 et
1961 3459 2100 3499 cum
2145 3438 2548 3521 comperisset,
2599 3484 2611 3497 .
2651 3487 2663 3498 .
2702 3486 2714 3498 .
2752 3485 2764 3497 .
2799 3456 3020 3517 eorpus

220 3542 424 3627 virgis
454 3542 545 3605 ad
574 3564 772 3605 necem
805 3541 1000 3619 caedi,
1033 3563 1095 3605 v.
1129 3541 1284 3604 630:
1335 3541 1604 3603 desertus
1635 3563 1710 3603 ac
1742 3541 2089 3603 destructus
2122 3588 2135 3603 .
2171 3590 2185 3603 .
2222 3589 2235 3603 .
2274 3589 2286 3603 .
2338 3563 2484 3605 611111
2517 3540 2706 3605 Suet.
2726 3539 2878 3602 Ner.
2906 3537 3019 3601 47:

217 3641 552 3732 quemlibet
613 3646 805 3708 alium
851 3667 1309 3729 percussorem,
1371 3644 1550 3707 cuius
1594 3666 1788 3707 manu
1842 3645 2093 3729 periret,
2154 3644 2465 3729 requisivit
2526 3654 2582 3707 et
2639 3642 2879 3707 nemine
2923 3663 3016 3703 re-

209 3761 398 3837 perto
423 3756 587 3836 ‘erqo
605 3751 729 3836 eqo’
753 3749 949 3833 inquit
976 3756 1179 3833 ‘neque
1198 3750 1465 3811 amicum
1495 3747 1681 3811 habeo
1709 3770 1901 3832 neque
1924 3749 2283 3830 inimicum’,
2314 3771 2370 3811 v.
2394 3747 2547 3811 630:
2586 3752 2732 3834 (quo
2764 3746 3020 3831 reddat)

219 3904 235 3917 .
272 3904 289 3918 .
329 3907 344 3921 .
379 3853 664 3938 iuqulum
694 3852 964 3916 hostibus
997 3859 1142 3915 c'um
1177 3852 1351 3917 Suet.
1371 3851 1523 3915 Ner.
1543 3851 1656 3913 49:
1704 3852 1949 3936 iamque
1979 3852 2201 3936 equites
2233 3851 2823 3937 adpropinquabant
2858 3900 2869 3911 .
2908 3901 2920 3913 .
2959 3900 2971 3912 .
3006 3898 3019 3910 .

216 3958 391 4046 quod
421 3968 488 4019 ut
518 3958 705 4020 sensit
739 4009 750 4020 .
787 4005 800 4017 .
838 4004 852 4018 .
887 4004 900 4019 .
918 3955 1175 4041 ferrum
1207 3956 1412 4041 iuqulo
1445 3956 1674 4039 adeqit.
1724 3956 1839 4019 sed
1873 3958 2035 4041 quiS,
2070 3979 2329 4041 quaeso,
2365 3957 2755 4021 contendere
2786 3956 3026 4019 audeat

445 4167 824 4233 ¹)Oct.53sssq.:'
857 4167 1046 4215 incesta
1076 4168 1308 4232 genetrix
1344 4165 1566 4216 detrahit
1598 4168 1774 4233 qeneri
1794 4166 1955 4230 fidem
2272 4168 2540 4216 Tac.Ann.
2563 4166 2695 4215 XIII
2720 4167 2797 4214 12:
2822 4164 3027 4229 quando

859 4255 1156 4315 animusque
1177 4269 1454 4316 numquam
1473 4256 1695 4319 coniuqis
1720 4256 1917 4303 iunctus
1952 4254 2093 4301 mihi.
2200 4254 2265 4302 ab
2310 4253 2520 4303 Octavia
2554 4256 2712 4303 nobili
2747 4252 2947 4316 quidem
2983 4257 3028 4300 et

604 4342 703 4390 647
718 4356 813 4405 sq.:
848 4341 1078 4404 probitas
1098 4338 1330 4403 fidesque
1365 4342 1607 4405 coniuyis,
1642 4356 1805 4389 mores
1833 4339 2009 4403 pudor
2194 4341 2467 4405 probitatis
2486 4347 2751 4405 spectatae,
2765 4341 2887 4403 fato
2910 4355 3027 4402 quo-

856 4428 1100 4492 placeant
1134 4429 1334 4477 marito.
2203 4426 2340 4489 dam,
2376 4445 2448 4478 an
2472 4430 2596 4492 quia
2626 4428 2927 4493 praevalent
2950 4428 3027 4474 in-

618 4515 744 4563 587:
851 4520 1085 4578 aetasque
1108 4514 1333 4581 franqat
1366 4516 1590 4580 coniuqis
1618 4516 1853 4579 probitas
1882 4513 2071 4579 pudor.
2204 4516 2356 4576 licita,
2400 4516 2717 4566 abhorrebat.

445 4602 487 4669 ²)
524 4602 606 4653 Cf.
642 4620 693 4669 p.
713 4603 796 4652 45.

337 4697 694 4738 Dissertationes
721 4696 873 4747 philol.
890 4696 1077 4738 vindob.
1106 4696 1184 4737 111.
1207 4700 1243 4737 1.
2688 4693 2716 4737 3
