3392 5067
1469 238 1530 300 191

133 433 197 497 522
220 440 256 500 οδ
279 435 411 513 δυνατὸς
432 433 592 520 παρέχειν,
617 432 679 496 526
703 438 865 521 σύμφορος
889 484 896 497 .
918 484 949 498 ..
973 432 1090 519 φέρειν,
1114 433 1178 496 690
1200 433 1295 497 λώιον
1319 430 1527 512 ...τελέσας

135 539 219 603 1922
249 541 389 622 χαλεπδν
413 536 611 626 ...,φέρειν,
644 536 725 600 1369
738 558 783 621 sq.
812 539 932 616 παιδὸς
958 534 1036 622 ἔρως
1061 538 1156 616 καλδς
1182 540 1239 622 μὲν
1262 532 1353 617 ἔχειν,
1381 536 1476 613 καλδς
1499 529 1529 601 δ’

132 642 360 729 άποθέσθαι,ἤ
387 643 508 708 πολλὸν
536 638 571 708 δ’
593 640 746 728 εὑρέσθαι
778 644 907 729 ῥῄτερον
934 643 955 730 ἤ
983 640 1119 708 τελέσαι.
1176 639 1261 704 adde
1288 640 1433 723 Theogn.
1464 639 1526 701 477

133 740 228 827 οἶνος
239 746 447 834 χαριέστατος
470 745 559 833 άνδρδ
581 751 764 826 πεπόσθαι,
791 770 854 832 quo
876 769 941 810 uno
963 747 1034 810 loco
1057 748 1234 810 infinitivus
1257 747 1379 832 passivi
1401 744 1527 828 legitur,

133 862 165 916 et
191 853 341 938 Xenoph.
366 851 400 934 2,
427 852 467 915 15
489 873 569 937 sqq,
597 850 653 914 ubi
680 872 834 934 magnum
864 853 1014 916 orationis
1036 852 1212 916 variandae
1240 850 1381 914 studium
1405 850 1528 932 conspi-

133 959 229 1021 citur:
263 958 335 1023 οάτε
357 963 415 1044 γὰρ
445 958 474 1021 εἰ
503 957 623 1045 πύκτης
646 959 769 1039 άγαθδς
798 957 905 1022 λαοῖσι
936 956 1044 1045 μετείη
1072 959 1075 1043 l
1105 952 1171 1022 οὔτ’
1193 956 1224 1021 εἰ
1249 955 1444 1020 πενταθλεῖν
1467 954 1526 1038 (εο.

131 1061 280 1147 ἀγαθός),
308 1063 380 1127 οὔτε
403 1061 672 1147 παλαισμοσύνην,
694 1060 697 1146 ἤ
718 1060 791 1126 οὐδὲ
814 1060 872 1145 μὲν
893 1060 924 1124 εἰ
944 1070 1096 1149 ταχνιῆτι
1122 1062 1233 1126 ποδῶν
1255 1110 1313 1124 ...
1359 1059 1408 1122 his
1431 1059 1528 1141 igitur

131 1164 208 1228 locis
235 1165 413 1229 infinitivus
437 1165 551 1229 eodem
574 1165 641 1229 fere
665 1186 799 1229 munere
822 1166 976 1249 fungitur,
1007 1188 1070 1251 quo
1093 1167 1127 1229 in
1150 1186 1296 1230 sermone
1318 1164 1418 1227 latino
1442 1165 1525 1248 supi·
1545 1180 1549 1185 ·

130 1291 218 1351 num,
243 1270 329 1354 quod
345 1270 451 1334 littera
466 1293 490 1332 ιι
505 1269 628 1350 finitur,
653 1269 797 1353 Theogn.
814 1268 889 1351 578,
914 1272 969 1354 qui
983 1292 1098 1333 versus
1121 1270 1244 1357 primus
1261 1272 1377 1332 citatus
1400 1276 1458 1347 est,
1482 1268 1526 1328 in·

130 1372 273 1438 finitivus
288 1375 354 1438 vim
371 1375 611 1439 consecutivam
627 1372 736 1437 habet.
760 1372 875 1437 eadem
891 1376 1029 1437 noticiis
1045 1373 1123 1437 locis
1140 1373 1310 1437 statuenda
1326 1379 1384 1455 est,
1408 1371 1526 1455 quibus

130 1478 326 1542 adverbum
347 1478 472 1544 διδόναι
495 1477 671 1541 infinitivus
695 1473 778 1559 ἔχειν
800 1477 943 1560 accedit3
968 1477 1009 1541 cf.
1026 1477 1138 1542 Mimn.
1155 1478 1186 1559 4,
1204 1478 1220 1539 1
1236 1499 1281 1562 sq.
1305 1472 1421 1543 ἔδωκεν
1443 1472 1526 1557 ἔχειν

129 1586 226 1648 κακὸν
248 1583 392 1671 άφθιτον
415 1583 432 1648 δ
452 1581 547 1666 Ζεδςῆ
562 1589 666 1669 γῆρας,
690 1580 753 1646 Sol.
780 1582 829 1664 13,
854 1582 935 1666 3sq.
963 1582 1061 1664 δ’λβαν
1082 1606 1138 1665 μοι
1163 1585 1245 1669 πρδς
1268 1587 1354 1647 θεῶν
1376 1585 1526 1665 μακάρων

130 1686 202 1751 δότε
224 1685 382 1772 καὶπρὸς
404 1688 554 1751 ἁπάντων
574 1686 578 1770 l
599 1686 781 1768 ἀνθρώπων
809 1685 873 1752 αἰεὶ
890 1685 992 1771 ,δόξαν
1014 1682 1097 1768 ἔχειν
1116 1689 1251 1773 ἀγαθήν,
1274 1687 1419 1768 Theogn.
1443 1684 1523 1747 1057

128 1786 200 1855 τάδ’
216 1786 337 1857 ἔδωκαν
359 1786 442 1872 ἔχειν
463 1787 672 1875 κεχαρισμένα
695 1790 791 1876 δῶρα,
814 1789 898 1861 1387
927 1790 1028 1876 δῶρον
1054 1786 1171 1856 ἔδωκεν
1196 1787 1288 1872 ἔχειν.
1312 1790 1449 1876 adparet
1471 1811 1525 1852 eos

128 1892 215 1957 locos
238 1896 283 1958 ita
306 1905 508 1979 comparatos
532 1915 612 1977 esse,
639 1903 676 1957 ut
698 1894 856 1959 infinitivo
883 1896 1012 1959 omnino
1039 1917 1120 1979 opus
1147 1917 1210 1958 non
1237 1896 1288 1958 sit.
1334 1903 1367 1957 et
1390 1916 1424 1956 re
1447 1915 1525 1955 vera

129 2000 301 2083 scriptores
323 2001 357 2061 in
379 2001 565 2062 accusativo
592 1998 813 2083 praedicative
841 1998 928 2062 dicto
956 1999 1165 2084 adquiescere
1193 2000 1303 2076 solent,
1328 2018 1524 2083 quamquam

129 2104 162 2166 in
194 2105 305 2189 primis
329 2102 417 2188 apud
440 2104 618 2167 Homerum
646 2111 678 2166 et
701 2103 904 2167 Herodotum
932 2103 1051 2167 similes
1078 2103 1140 2166 loci
1166 2126 1230 2167 non
1254 2104 1379 2166 desunt.
1424 2124 1524 2166 unum

128 2216 236 2271 autem
259 2208 445 2294 exemplum
476 2207 554 2271 locis
585 2209 689 2270 citatis
720 2227 762 2270 ex
785 2208 871 2270 omni
895 2217 987 2292 parte
1010 2208 1197 2293 respondet,
1220 2207 1331 2292 hymn.
1353 2207 1435 2270 Ven.
1459 2205 1523 2269 212

127 2313 202 2390 τούς
226 2311 243 2397 (
242 2311 378 2399 ἵππους)
402 2307 434 2379 oi
457 2313 558 2399 δῶρον
581 2308 697 2377 ἔδωκεν
719 2307 811 2393 ἔχειν.

230 2416 270 2479 In
297 2418 361 2479 fine
388 2415 484 2479 huius
508 2416 774 2500 quaestiunculae
798 2416 1118 2481 commemorandum
1142 2426 1191 2479 est
1217 2438 1324 2501 neque
1347 2414 1436 2499 apud
1459 2414 1522 2477 Ho-

130 2540 254 2584 merum
276 2530 406 2605 praeter
428 2520 445 2583 I
468 2519 532 2582 684
556 2519 721 2605 (Krueger
743 2519 796 2584 Di.
821 2521 874 2597 54,
891 2520 921 2597 6,
938 2519 972 2605 2)
996 2542 1102 2606 neque
1125 2521 1159 2583 in
1182 2520 1301 2603 elegeis
1327 2520 1522 2583 infinitivum

128 2646 203 2687 cum
225 2625 392 2708 particulis
415 2624 461 2705 άν,
485 2622 538 2689 κέν
562 2624 721 2707 coniungi.
762 2626 880 2687 etenim
903 2626 930 2687 si
953 2625 1066 2708 Bergk
1088 2623 1152 2688 Sol.
1170 2624 1222 2708 33,
1243 2623 1340 2709 bsqq.
1366 2621 1522 2708 (tetram.)

128 2730 247 2818 ἤθελον
277 2735 336 2815 γάρ
359 2754 412 2795 κεν
434 2732 595 2818 κρατήσας
620 2730 761 2794 πλοῦτον
784 2730 932 2816 άφθονον
961 2730 1070 2812 λαβὼν
1089 2728 1093 2815 l
1113 2728 1167 2794 καὶ
1191 2729 1398 2814 τυραννεύσας
1419 2723 1523 2813 Ἀθη-

127 2841 188 2899 νῶν
210 2842 325 2919 μοῦνον
346 2832 465 2921 ἡμέραν
490 2832 567 2919 μίαν
590 2834 594 2919 l
619 2836 717 2913 άσκδς
742 2838 874 2921 ὕστερον
899 2834 1058 2920 δεδάρθαι
1084 2837 1341 2920 κάπιτετρῖφθαι
1363 2831 1451 2916 γένος
1480 2832 1522 2895 ad

127 2939 302 3003 infinitivos
332 2939 493 3025 δεδάρθαι
523 2946 556 3001 et
585 2940 819 3026 ἐπιτετρῖφθαι
850 2938 1043 3023 particulam
1074 2937 1128 3005 κέν
1161 2937 1274 3002 referri
1303 2937 1387 3018 vult,
1422 2936 1522 3000 falsus

128 3064 197 3106 esse
220 3042 358 3107 videtur.
390 3066 465 3107 nam
488 3045 514 3106 si
537 3065 652 3106 verum
676 3052 733 3124 est,
758 3042 843 3127 quod
867 3042 908 3107 G.
924 3044 1094 3108 Hermann
1117 3042 1184 3129 (De
1204 3040 1383 3128 particulae
1403 3042 1442 3104 άν
1464 3040 1522 3103 l.I

128 3168 155 3211 c.
175 3146 229 3228 12;
253 3146 294 3210 cf.
312 3146 432 3232 Opusc.
449 3147 518 3210 IIII
542 3169 571 3231 p.
590 3146 646 3233 59)
669 3147 747 3211 dicit
763 3148 813 3211 his
829 3170 906 3211 usus
921 3147 1046 3211 verbis:
1071 3150 1156 3210 ‘nam
1172 3146 1369 3231 ubicumque
1388 3144 1520 3230 aliquid,

127 3250 213 3336 quod
238 3252 334 3315 etiam
361 3253 429 3314 sine
454 3251 642 3315 condicione
662 3274 776 3315 verum
799 3260 857 3333 est,
882 3260 1162 3333 commemoratur,
1185 3250 1301 3315 abesse
1325 3249 1424 3314 debet
1450 3272 1521 3334 par-

126 3354 239 3418 ticula:
263 3355 319 3419 ubi
343 3365 451 3420 autem
474 3355 595 3439 aliquid
613 3357 825 3438 nominamus,
850 3355 937 3442 quod
949 3358 1075 3421 nonnisi
1093 3366 1180 3419 certa
1204 3355 1393 3419 condicione
1408 3374 1522 3417 verum

126 3467 184 3544 est,
207 3462 390 3523 necessaria
410 3469 458 3524 est
474 3461 651 3545 particulae
668 3459 826 3543 adiectio',
851 3461 912 3525 hoc
929 3461 1008 3544 loco,
1033 3484 1107 3526 cum
1122 3461 1242 3549 ἤθελον
1257 3463 1315 3544 γάρ
1330 3482 1384 3523 κεν
1405 3460 1521 3543 κρατη-

125 3586 185 3642 σας
208 3613 215 3627 .
238 3613 275 3629 ..
305 3564 464 3646 δεδάρθαι
486 3563 573 3628 idem
597 3565 637 3626 sit
669 3573 767 3649 atque
796 3566 917 3653 ἤθελον
943 3570 1002 3650 γάρ
1024 3590 1086 3642 κεν,
1113 3566 1143 3629 εἰ
1169 3565 1336 3651 ἐκράτησα,
1361 3564 1520 3647 δεδάρθαι

106 3661 109 3667 ’
126 3668 266 3754 (oppone
281 3675 334 3733 νῦν
355 3666 400 3749 δέ,
424 3666 496 3733 ἐπεὶ
511 3670 568 3734 οὐκ
582 3668 750 3757 ἐκράτησα,
774 3673 830 3734 οὐκ
845 3667 950 3734 ἐθέλω
966 3669 1149 3754 δεδάρθαι),
1163 3668 1297 3732 dubium
1314 3689 1384 3730 esse
1400 3668 1520 3751 nequit,

125 3775 202 3857 quin
217 3770 270 3837 κέν
292 3772 334 3835 ad
358 3772 494 3836 verbum
516 3773 636 3860 ἤθελον
660 3783 794 3857 spectet,
819 3774 862 3837 ad
878 3773 963 3859 quod
987 3795 1088 3859 prope
1103 3772 1240 3861 accedit,
1264 3794 1328 3835 non
1351 3770 1394 3835 ad
1416 3769 1520 3834 infini-

124 3878 207 3941 tivos
230 3877 391 3963 δεδάρθαι
414 3887 445 3939 et
467 3878 709 3964 ἐπιτετρῖφθαι,
733 3902 752 3942 a
777 3877 894 3962 quibus
917 3877 1103 3962 longissime
1127 3886 1286 3941 remotum
1314 3884 1371 3939 est.
1417 3876 1519 3937 infini-

125 3983 190 4044 tivo
211 3991 319 4045 autem
338 3981 476 4066 perfecti
496 3980 537 4043 ad
557 4002 624 4044 rem
646 3982 859 4046 confidentius
880 3981 1127 4066 exprimendam
1147 3991 1243 4067 poeta
1265 4002 1342 4043 usus
1363 3988 1419 4043 est.

638 4232 715 4288 VII.
739 4234 789 4288 De
811 4233 1002 4302 participio.

227 4396 440 4481 Participium
474 4399 694 4484 adpositive
730 4401 770 4464 de
801 4402 900 4464 variis
935 4398 1113 4464 rationibus
1147 4407 1331 4484 usurpatur,
1366 4398 1407 4462 ad
1439 4419 1519 4482 quas

123 4502 306 4564 accuratius
334 4502 561 4586 significandas
584 4526 656 4567 raro
680 4504 859 4589 particulae
882 4507 916 4569 in
939 4526 1033 4568 usum
1055 4512 1222 4568 vocantur.
1269 4527 1345 4568 nam
1368 4512 1400 4566 ct
1421 4524 1518 4566 vocu-

123 4603 173 4667 lae
201 4608 305 4688 εδθδς,
329 4604 451 4689 αὐτίκα,
475 4608 551 4693 άμα,
575 4606 701 4694 μεταξύ,
732 4608 814 4672 aliae
842 4618 874 4673 et
904 4610 969 4691 άτε,
993 4597 1072 4690 οἷον,
1096 4609 1139 4687 ὡς
1168 4608 1286 4672 absunt
1315 4607 1357 4671 ab
1388 4606 1518 4691 elegeis,
