3392 5067
1461 263 1524 330 293

125 461 300 517 structura:
335 453 368 517 ἐν
396 455 533 537 πυμάτῳ
563 459 651 540 μυχῷ
684 450 789 538 ἕρκεος
818 453 917 531 άλσος
946 474 1023 541 σφιν
1053 451 1180 538 ἀμείβει
1211 454 1285 539 ((166
1320 462 1524 518 66666666166

124 555 259 622 Winkel
282 555 340 619 des
363 555 514 639 Geheges
536 555 692 619 wechselt
714 557 773 619 mit
796 555 985 620 demsclben
1010 558 1063 620 616
1086 556 1174 621 Η616
1197 556 1275 643 61)’),
1299 556 1370 621 16116
1394 555 1523 622 dativus

125 682 201 724 sane
233 658 397 724 inauditus
426 682 491 724 non
522 669 570 724 est
602 657 659 745 (ef.
682 659 801 724 Aescb.
823 660 913 724 Pers.
940 660 1028 744 315),
1066 659 1123 725 sed
1153 660 1326 724 verborum
1357 659 1523 724 collocatio

126 774 238 829 contra
258 766 368 829 facere
391 763 531 828 videtur.
577 785 754 849 pronomen
786 766 871 827 enim
903 763 1075 829 abundans
1102 766 1217 849 quovis
1248 766 1427 828 sententiae
1454 765 1524 829 loco

124 871 200 953 poni
223 878 344 952 potest3
373 870 398 930 si
426 877 534 932 autem
562 867 679 933 vocula
705 890 783 955 σφιν
811 869 913 932 666116
936 868 978 931 ad
1001 866 1108 953 ἕρκεος
1129 867 1223 950 redit,
1246 889 1425 954 pronomen
1448 878 1523 934 ante

124 974 158 1037 id
181 975 322 1058 positum
345 996 415 1037 6666
438 975 497 1036 vix
520 975 589 1036 veri
613 973 716 1036 simile
739 982 796 1036 est.
841 972 883 1036 de
905 974 1144 1058 praepositione
1167 972 1201 1036 ίν
1223 970 1348 1035 duobus
1372 971 1481 1036 verbis
1504 996 1524 1037 a

124 1081 259 1165 πυμάτῳ
282 1088 371 1166 μυχῷ
395 1079 540 1142 66166616
564 1078 604 1142 cf.
625 1101 658 1142 v.
681 1076 755 1158 469,
785 1076 827 1141 (16
851 1099 913 1162 666
937 1076 1033 1141 modo
1058 1077 1231 1162 disputavi,
1262 1074 1324 1138 929
1354 1075 1388 1140 ἐν
1410 1072 1440 1142 d'
1463 1076 1523 1162 ύίρα

124 1180 287 1268 πρέμνον)
307 1183 465 1267 ἀπλήτοις
487 1182 628 1247 ὁλκοῖσιν
651 1183 842 1269 φορεύμενος
870 1181 1094 1269 ἀμφιπολεύει,
1129 1180 1212 1244 1170
1234 1181 1268 1243 ἐν
1291 1175 1320 1246 d'
1336 1180 1396 1266 ύίρα
1419 1183 1524 1265 θυμὸς

124 1292 283 1375 παχνώθη
313 1290 458 1376 Μινύῃσι
488 1284 566 1372 (666
596 1286 666 1350 1666
697 1307 775 1350 6666
803 1286 838 1350 ἐν
867 1307 926 1371 666
958 1283 1115 1350 adverbio
1146 1306 1216 1348 esse
1238 1292 1358 1368 potest3
1390 1284 1431 1350 cf.
1448 1283 1521 1365 293,

122 1390 197 1473 490,
214 1391 278 1454 612
293 1389 395 1476 61.).1)
419 1389 546 1454 Sitzleri
570 1391 758 1454 coniectura
779 1391 813 1454 ἐν
836 1385 866 1455 d’
881 1391 943 1476 ἄρα
965 1397 1009 1476 τῷ
1032 1393 1169 1477 πυμάτῳ
1191 1399 1280 1477 μυχῷ
1302 1389 1388 1452 omni
1408 1387 1523 1474 proba·

124 1495 249 1560 bilitate
273 1495 427 1558 destituta
450 1504 513 1575 est,
544 1493 607 1559 alia
638 1504 757 1578 autem,
789 1515 853 1578 qua
879 1501 1108 1557 removeantur
1134 1494 1229 1557 huius
1251 1514 1364 1556 versus
1388 1492 1522 1558 difficul-

123 1608 218 1683 tates,
242 1598 386 1662 nondum
410 1599 537 1683 prolata
560 1608 617 1662 est.

229 1701 408 1785 Singularis
431 1702 602 1767 abundans
624 1705 734 1768 nescio
758 1726 798 1767 66
821 1705 899 1767 item
923 1704 1019 1768 statui
1041 1704 1142 1788 possit
1164 1703 1198 1765 in
1218 1724 1248 1765 v.
1268 1700 1352 1764 1252
1372 1697 1522 1784 Ἐγκελά-
1573 1733 1575 1740 ’

126 1808 206 1887 dom,
228 1806 232 1892 Ι
253 1804 397 1895 Αἰτναίῳ
420 1810 476 1872 τὸν
497 1806 580 1893 φλόξ
603 1831 680 1895 σφιν
701 1808 825 1894 ἐρητύει
846 1815 1001 1892 μεμαῶτα
1033 1806 1125 1893 (σφιν
1152 1806 1257 1870 refero
1280 1805 1321 1870 ad
1344 1806 1522 1891 μεμαῶτα).

125 1931 257 1974 sensum
288 1920 414 1995 oportet
441 1933 513 1975 esse
539 1911 640 1992 illum,
672 1933 768 1996 quem
793 1909 974 1975 Schneider
1001 1908 1102 1974 efficit
1130 1911 1314 1974 coniectura
1337 1933 1409 1974 sua:
1441 1908 1523 1998 φλὸξ

124 2020 306 2101 κατερῳτύει
327 2023 481 2099 μεμαῶτα
505 2019 610 2100 ‘quem
634 2037 765 2100 surgere
790 2025 962 2080 conantem
984 2017 1101 2079 retinet
1120 2016 1287 2100 impositus
1307 2035 1400 2079 mons
1415 2012 1523 2078 Aetna

124 2119 254 2204 ignibus
277 2121 492 2183 exaestuans’.
537 2121 563 2183 si
586 2142 723 2184 revera
745 2122 894 2203 graviore
919 2141 998 2205 opus
1022 2126 1070 2183 661
1093 2121 1278 2183 6661661666
1301 2155 1343 2164 -
1365 2113 1414 2205 ἄρ’
1435 2117 1521 2203 quod

124 2232 196 2309 post
225 2245 303 2311 σφιν
334 2223 427 2287 codd.
444 2222 577 2288 tradunt
608 2225 719 2309 utique
750 2224 961 2288 omittendum
990 2233 1039 2287 661
1066 2233 1098 2287 61
1120 2230 1290 2308 μεμαῶτας
1312 2224 1345 2286 16
1369 2231 1522 2308 μυμαῶτα

124 2329 351 2413 corrigendum
375 2367 417 2374 —
446 2327 637 2393 Schneideri
668 2337 884 2392 commentum
915 2328 1064 2414 praefero
1095 2329 1275 2392 Hermanni
1307 2329 1521 2408 coniecturae,

124 2435 178 2518 661
202 2434 330 2518 scripsit
352 2432 434 2520 φλόξ
456 2427 488 2498 οἱ
510 2435 569 2520 epa
593 2456 624 2518 p.
642 2433 705 2496 793
729 2442 836 2496 autem
860 2457 915 2517 μιν
936 2434 1111 2518 proposuit.
1138 2433 1179 2497 de
1194 2454 1272 2520 σφιν
1287 2454 1345 2518 666
1366 2430 1522 2516 singulari

123 2547 277 2621 usurpato
306 2538 347 2600 cf.
369 2537 480 2621 hymn.
504 2537 588 2601 hom.
613 2537 730 2602 XVIII
755 2537 803 2619 19,
827 2536 998 2601 XXVIIII
1022 2537 1051 2614 9,
1076 2536 1367 2621 866160661061.
1391 2536 1483 2601 1490.
1494 2535 1520 2622 ²)

123 2640 210 2725 quod
233 2643 260 2704 si
275 2642 484 2705 Hermannus
507 2643 541 2704 in
564 2664 594 2706 v.
614 2641 698 2705 1235
721 2663 779 2725 666
802 2641 896 2706 codd.
913 2639 990 2729 τοίῳ
1014 2666 1048 2706 κε
1071 2641 1181 2729 λύθρῳ
1203 2642 1346 2705 restituit
1367 2639 1446 2727 τοίῳ
1462 2661 1522 2727 σφι

124 2744 251 2828 (‘vobis'
284 2743 469 2831 abundans)
504 2747 624 2833 λύθρῳ,
660 2746 772 2810 melior
807 2755 856 2810 cst
883 2745 993 2810 Abelii
1028 2748 1214 2810 coniectura
1247 2747 1365 2835 τοιῷδε
1400 2746 1520 2831 λύθρῳ.

123 2850 227 2913 forma
250 2871 362 2936 σφισιν
384 2871 447 2914 666
472 2850 600 2934 legitur,
625 2849 763 2915 Gesneri
788 2851 973 2914 coniectura
996 2850 1038 2915 ad
1062 2872 1092 2912 v.
1111 2848 1174 2913 865
1197 2849 1322 2935 6661616
1338 2852 1405 2914 6166
1423 2848 1522 2913 (16516

123 2954 287 3018 reicienda
311 2962 367 3016 est.

227 3057 408 3123 Genetivus
431 3082 494 3123 non
518 3061 681 3124 invenitur
704 3059 760 3146 (cf.
777 3060 929 3143 Krueger
942 3059 977 3123 Π
992 3059 1044 3142 51,
1063 3059 1092 3141 1,
1108 3059 1128 3122 3
1145 3058 1258 3143 6115).
1297 3060 1522 3122 accusativum

122 3162 141 3228 ἕ
169 3162 327 3228 habemus
358 3185 454 3227 sensu
486 3163 740 3228 demonstrativo
768 3163 951 3229 adhibitum
979 3166 1012 3227 in
1040 3186 1092 3227 vv.
1110 3161 1183 3248 878,
1202 3161 1295 3245 1081,
1315 3162 1408 3245 1216,
1428 3162 1521 3226 1358.

122 3267 260 3332 fortasse
291 3267 405 3331 collato
436 3267 505 3332 loco
536 3269 698 3332 homerico
729 3273 767 3333 A
790 3269 853 3332 236
883 3267 959 3353 περί
984 3272 1043 3354 γάρ
1071 3271 1111 3354 ῥά
1138 3267 1153 3332 ἑ
1180 3267 1296 3349 χαλκὸς
1326 3263 1422 3354 ἔλεψε
1450 3269 1522 3331 6611-

124 3372 269 3436 nendum
300 3382 349 3436 661
378 3373 411 3434 16
440 3395 470 3435 v.
489 3371 552 3436 805
579 3372 654 3457 περὶ
680 3378 738 3457 γάρ
764 3373 779 3438 ἑ
807 3375 919 3455 τεύχεα
945 3373 1052 3456 λάμπε
1080 3372 1204 3438 adscito
1228 3394 1245 3435 6
1269 3371 1363 3437 codd.
1380 3371 1458 3436 dett.
1483 3376 1522 3457 ῥα

124 3482 210 3559 (6661
231 3474 315 3562 γάρ),
347 3475 433 3560 quod
464 3499 541 3540 sane
573 3479 759 3541 coniectura
789 3480 877 3542 66661
905 3477 1058 3563 66161666,
1083 3471 1173 3556 6161,
1204 3476 1290 3561 quod
1314 3476 1522 3540 Hermannus

123 3581 260 3664 reponit,
284 3582 316 3642 in
339 3580 355 3644 ἑ
378 3580 512 3665 abierat,
536 3603 600 3644 non
623 3602 717 3664 nego.
763 3583 869 3646 tuma
893 3604 951 3667 666
975 3604 1035 3668 σφε
1060 3579 1409 3646 6616116766268.
1445 3603 1522 3645 num

125 3687 310 3750 coniectura
333 3684 443 3750 Wielii
467 3685 514 3770 (Π
532 3684 586 3769 12)
611 3687 642 3748 16
668 3708 699 3748 v.
718 3686 780 3749 618
804 3709 862 3772 666
887 3681 955 3752 ἀλλ’
971 3686 1024 3751 ὅτε
1048 3685 1086 3771 dr)
1108 3683 1241 3750 θυέεσσι
1264 3683 1371 3772 λιτῇσί
1392 3708 1426 3749 τε
1449 3706 1522 3768 γου-

125 3793 318 3872 νασάμεσθα
342 3789 513 3853 scribentis
536 3790 640 3868 λιταῖς
661 3789 697 3855 ιε’
718 3792 733 3855 ἑ
756 3793 942 3855 6666666616
966 3792 1015 3875 611,
1040 3788 1162 3854 dubito.

227 3892 307 3971 Μίν,
339 3905 373 3958 61
403 3892 490 3959 16666
520 3905 633 3979 666616
665 3905 832 3980 corruptos
864 3894 937 3977 739,
959 3894 1031 3978 770,
1055 3894 1138 3957 1236
1168 3895 1324 3974 omittam,
1356 3892 1522 3958 codicibus

123 3998 312 4062 exhibetur:
338 3998 634 4083 731‚1044,1174,
655 3999 859 4076 1194‚1256.
898 4008 1067 4085 666616666
1090 4006 1178 4062 66616
1201 4001 1234 4062 16
1257 4021 1288 4063 v.
1306 3997 1369 4062 038
1386 3997 1522 4063 Abelius

123 4124 182 4185 pro
210 4126 266 4184 νιν,
298 4124 380 4187 6666
404 4103 508 4167 forma
532 4105 698 4189 epicorum
720 4113 857 4167 nonest
888 4142 929 4150 -
961 4103 1001 4167 cf.
1024 4101 1215 4166 Schneideri
1243 4112 1352 4168 notam
1375 4104 1417 4167 ad
1441 4102 1521 4168 Call.

229 4294 248 4359 1)
270 4294 414 4344 addendus
439 4301 479 4344 est
497 4311 522 4345 v.
538 4297 612 4358 1288,
635 4298 736 4346 sicum
755 4297 911 4346 Hermanno
931 4295 1006 4345 codd.
1019 4296 1191 4360 scripturam:
1213 4293 1355 4364 μοιριδίου
1374 4300 1521 4350 θανάτοιο·

123 4382 211 4447 σφέας
229 4378 255 4430 d'
273 4382 327 4431 ἀπὸ
346 4380 471 4448 ῥωγάδος
489 4382 570 4450 άνιρης
588 4385 627 4432 616
644 4385 814 4449 corrigimus:
832 4402 863 4451 μ.
877 4380 1014 4433 θανάτου·
1035 4382 1088 4432 ἀπὸ
1108 4380 1139 4433 dl
1158 4383 1245 4450 σφέας
1263 4383 1325 4451 ῥά.
1362 4400 1450 4451 66666
1468 4386 1523 4438 6116

124 4482 189 4517 6666
207 4474 313 4533 6666616
331 4476 372 4518 661
390 4471 552 4533 6661661666,
572 4485 626 4535 666
643 4478 728 4521 metro
747 4487 934 4521 succurramus
953 4469 1095 4521 laboranti.

229 4554 249 4618 ²)
271 4555 312 4604 An
335 4558 363 4604 in
387 4573 411 4606 v.
426 4558 485 4617 778,
508 4571 588 4622 quem
607 4561 695 4624 6291
715 4561 838 4622 166616νί,
863 4572 970 4624 666666
988 4557 1158 4608 scribendum
1177 4564 1217 4609 611
1236 4559 1265 4615 t:
1283 4573 1361 4627 σφιν,
1385 4560 1457 4626 quod
1474 4577 1521 4628 pro

124 4641 152 4690 οἱ
169 4647 309 4708 acceptum
328 4642 387 4694 loco
406 4646 550 4694 convenit?
569 4650 642 4696 certe
660 4646 694 4696 ad
713 4646 789 4697 codd.
803 4648 962 4712 scripturam
981 4645 1011 4702 ύς
1028 4661 1074 4698 νιν
1092 4647 1213 4711 proxime
1230 4646 1258 4696 id
1276 4647 1389 4698 accedit.
