3392 5067
1473 214 1532 277 167

244 412 520 496 Praepositionem
553 414 662 493 μετά,
693 410 737 473 ad
765 430 863 495 quam
894 408 1099 472 tractandam
1128 409 1193 471 iam
1222 406 1417 491 accedimus,
1449 397 1536 492 quin-

85 530 90 537 ·
140 518 231 601 quies
257 515 346 599 apud
373 514 564 596 Homerum,
592 515 711 599 septies
738 512 827 599 apud
858 522 969 598 poetas
998 512 1157 599 elegiacos
1187 533 1261 575 cum
1287 513 1437 597 genetivo
1465 534 1537 576 con-

140 622 229 704 iungi
252 642 351 705 supra
374 627 660 684 commemoratum
682 628 739 682 611.
785 626 881 703 atque
909 617 987 681 locis
1011 616 1182 682 homericis
1206 638 1244 681 ea
1266 638 1329 680 non
1352 626 1419 681 tam
1442 616 1536 679 ‘cum'
1567 681 1569 691 ,

141 747 238 815 quam
261 726 374 789 ‘inter'
403 725 564 808 significat
592 725 731 809 ideoque
760 745 890 809 semper
920 722 962 787 ed
997 720 1156 809 pluralem
1190 721 1327 786 accedit.
1380 720 1467 785 idem
1497 721 1538 783 de

140 829 301 914 plerisque
330 820 409 894 locis
437 827 655 913 Theognideis
681 827 768 892 valet
793 866 837 875 -
864 828 927 891 339
954 828 1076 909 χοάτως
1097 827 1136 892 δν
1160 824 1306 912 δοκέοιμι
1327 820 1396 911 μετ’
1415 828 1537 910 ἀνθρώ-

141 957 211 999 πων
240 936 318 1011 θεὸς
346 924 442 1015 εἶναι;
474 931 515 997 ef.
544 942 714 1019 praeterea
742 932 815 1017 353,
847 924 920 1017 652,
945 930 1017 1014 792,
1046 930 1109 995 885
1139 953 1194 1011 -;
1219 931 1278 994 sed
1299 929 1377 994 ibid.
1396 927 1479 993 1065
1506 937 1539 992 61

67 1036 71 1041 ’
141 1038 312 1122 singularis
334 1060 489 1101 numerus
510 1035 629 1122 legitur
651 1046 684 1101 61
705 1037 791 1102 notio
813 1037 906 1101 ‘cum'
923 1035 1094 1100 statuenda
1116 1045 1178 1099 est:
1201 1030 1270 1101 ἔστι
1294 1035 1329 1100 δὲ
1350 1030 1538 1118 κωμάζοντα
1663 1076 1664 1081 1

140 1139 209 1227 μετ’
226 1142 400 1231 αὕλητῆρος
421 1139 540 1208 ἀείδειν
563 1141 672 1227 (unter
687 1140 911 1226 Begleitung);
936 1140 977 1203 ef.
994 1139 1056 1203 241
1074 1161 1143 1225 sqq.
1159 1137 1214 1205 καί
1229 1160 1265 1204 σε
1281 1145 1337 1203 σὺν
1359 1134 1539 1203 αὐλίσκοισι
1607 1140 1609 1147 ’

140 1247 371 1335 λιμοφθόμγοις
392 1245 457 1312 νέοι
480 1246 590 1332 ἄνδρες
613 1296 672 1312 ...
693 1247 697 1331 l
717 1248 860 1333 ᾄσονται.
1288 1308 1292 1315 .

246 1351 352 1432 Quam
387 1353 486 1436 igitur
519 1352 585 1414 vim
618 1354 700 1434 μετά
733 1374 819 1429 τινος
852 1349 1013 1435 plerisque
1051 1348 1128 1413 locis
1163 1347 1275 1431 habet,
1314 1347 1428 1412 eadem
1460 1348 1541 1429 μετά

141 1479 204 1520 τινι
227 1476 357 1540 semper
379 1457 573 1519 instructum
595 1465 653 1539 est,
677 1453 766 1518 velut
787 1453 934 1537 Theogn.
959 1453 1001 1517 33
1018 1473 1064 1537 sq.
1088 1450 1143 1517 καὶ
1165 1457 1370 1537 perductura
1392 1457 1464 1516 ιτῖνε
1487 1448 1540 1515 καὶ

141 1556 245 1640 dedic,
266 1557 321 1625 καὶ
343 1564 423 1645 μετὰ
444 1565 550 1625 τοῖσιν
567 1561 572 1645 Ι
588 1559 636 1638 ἵζε
660 1559 783 1623 collatis
805 1581 860 1622 vv.
879 1557 942 1621 885
955 1578 1001 1642 sq.
1025 1557 1108 1644 άφρα
1128 1552 1198 1641 μετ’
1213 1556 1317 1621 ettae
1331 1555 1335 1634 Ι
1349 1555 1538 1640 κωμάζοιμι.

140 1687 161 1727 a
191 1686 254 1750 quo
283 1664 354 1729 loeo
385 1665 482 1728 citato
513 1664 628 1748 reliqui
659 1663 767 1748 (Tyrt.
801 1662 851 1743 10,
882 1662 939 1747 21,
971 1660 1035 1726 Sol.
1062 1660 1091 1742 2,
1123 1661 1157 1741 3,
1185 1659 1329 1744 Theogn.
1361 1659 1434 1745 739,
1466 1659 1538 1741 763,
1574 1661 1576 1665 ’

143 1768 219 1855 733)
243 1769 302 1832 vix
329 1769 495 1849 differunt,
522 1770 584 1854 nisi
615 1766 701 1852 quod
728 1776 874 1830 extremo
901 1766 971 1830 loeo
998 1769 1078 1850 μετά
1108 1786 1171 1828 non
1199 1773 1234 1829 ut
1259 1764 1391 1849 reliquis
1417 1764 1460 1829 ad
1487 1764 1540 1828 ho-

142 1875 255 1956 mines,
290 1873 347 1937 sed
376 1873 419 1937 ad
449 1894 519 1936 rem
548 1870 701 1935 refertur:
731 1874 811 1955 μετὰ
838 1866 934 1958 φρεσί
964 1869 1061 1954 (inter
1091 1867 1354 1954 praecordiorum
1383 1868 1540 1935 membra-

141 2001 210 2061 nas,
238 1976 368 2063 animo),
393 1999 476 2063 quae
499 1974 604 2040 verba
637 1978 734 2039 etiam
763 1974 852 2061 apud
879 1974 1060 2037 Homerum
1083 1974 1255 2037 coniuncta
1283 1973 1444 2057 leguntur.
1489 1994 1540 2037 ac-

142 2083 279 2147 cusativi
313 2104 387 2146 cum
420 2084 513 2166 μετά.
537 2081 711 2173 consociati
744 2101 845 2144 unum
879 2087 969 2151 extat
1007 2078 1192 2162 exemplum
1226 2077 1371 2161 Theogn.
1396 2077 1435 2140 71
1471 2074 1541 2163 μετ’

141 2188 261 2253 ἐσθλὸν
284 2186 350 2253 ἰών.

244 2290 406 2371 Quoniam
429 2291 470 2354 de
497 2290 735 2375 praepositione
761 2290 864 2375 ιταρά
894 2309 969 2352 cum
996 2287 1147 2372 genetivo
1176 2294 1208 2348 et
1231 2284 1340 2349 dativo
1370 2287 1542 2350 coniuncta

140 2418 205 2461 non
244 2404 292 2459 est
327 2416 384 2458 eur
418 2394 521 2459 fusius
556 2402 753 2479 exponatur,
796 2400 922 2457 tantum
958 2392 1000 2457 de
1034 2391 1221 2455 accusativo
1254 2410 1360 2474 pauca
1395 2388 1541 2454 dicamus

141 2522 274 2564 11666116
302 2508 360 2565 611.
407 2499 497 2585 apud
527 2499 706 2564 Homerum
738 2500 825 2561 enim
858 2500 947 2583 παρά
981 2518 1056 2560 cum
1089 2493 1272 2560 nominibus
1305 2515 1427 2577 rerum,
1458 2515 1541 2579 quae

143 2606 232 2669 cerni
261 2626 325 2669 non
355 2612 503 2691 possunt,
533 2612 660 2667 tantum
693 2607 728 2666 N
749 2600 900 2687 Hilario
930 2602 1060 2685 δύναμιν
1084 2650 1091 2664 .
1117 2650 1125 2665 .
1158 2596 1342 2685 πολεμίζειν
1371 2607 1404 2662 61
1432 2596 1451 2675 ξ
1477 2596 1541 2662 509

141 2714 229 2794 παρὰ
259 2715 375 2794 μοῖραν
397 2707 612 2791 coniungitur,
647 2707 776 2791 saepius
809 2708 842 2770 in
877 2705 1009 2789 elegeis:
1045 2703 1144 2768 Phoc.
1178 2702 1227 2781 16,
1256 2703 1278 2767 2
1307 2708 1396 2788 παρὰ
1429 2705 1538 2785 καιρὸν

142 2812 306 2879 άιταιτέων
329 2811 401 2899 (nur
420 2810 563 2897 Unneit),
594 2810 740 2895 Theogn.
766 2808 838 2893 199,
869 2809 926 2873 ubi
956 2809 1034 2872 item
1066 2812 1155 2892 παρὰ
1185 2808 1295 2893 καιρόν
1324 2805 1451 2889 legitur,
1482 2806 1540 2870 sed

142 2920 197 2998 ita,
224 2926 260 2982 ut
285 2918 372 2982 idem
398 2916 467 2980 fere
491 2915 653 3000 significet
679 2923 776 2999 atque
799 2919 866 2999 πάρ
888 2915 926 2978 τδ
949 2910 1083 2993 δίκαιον,
1109 2911 1195 2996 quod
1217 2912 1250 2975 in
1273 2913 1420 2996 proximo
1443 2932 1541 2974 versu

142 3031 242 3106 extat,
274 3020 336 3085 639
367 3021 507 3087 πολλάκι
533 3023 599 3105 ττὰρ
628 3018 724 3096 δόξαν
745 3042 781 3083 τε
807 3016 863 3083 καὶ
889 3014 1007 3083 ἐλπίδα
1033 3014 1172 3101 γίγνεται
1194 3012 1230 3080 εδ
1252 3020 1325 3101 ῥεῖν.
1370 3023 1540 3099 praeterea

143 3126 383 3191 animadvertas
406 3125 503 3189 velim
525 3124 613 3208 apud
635 3125 816 3187 Homerum
840 3126 930 3207 παρά
952 3144 993 3202 τι,
1022 3119 1219 3205 ubicumque
1243 3122 1307 3183 vim
1331 3117 1538 3182 ‘secundum’

142 3229 252 3314 habet,
275 3231 406 3316 proprio
430 3251 527 3293 sensu
549 3226 776 3313 accipiendum
799 3248 880 3308 esse,
905 3233 1018 3289 contra
1039 3226 1077 3288 iis
1098 3224 1175 3289 loeis
1191 3222 1398 3307 Theognidis,
1423 3222 1540 3308 quibus

144 3334 259 3399 eadem
281 3336 331 3399 vis
354 3333 525 3399 statuenda
548 3342 606 3416 611,
629 3332 782 3396 translate
806 3330 885 3394 dici:
909 3329 973 3393 543
990 3352 1037 3415 sq.
1061 3331 1118 3417 χρη
1141 3352 1180 3413 με
1203 3334 1291 3414 παρὰ
1314 3331 1465 3414 στάθμην
1487 3324 1542 3392 καὶ

143 3445 287 3524 γνώμονα
302 3440 394 3526 τήνδε
410 3439 571 3520 δικάσσαι,
591 3438 596 3520 Ι
615 3440 728 3522 Κύρνε,
753 3432 842 3523 δίκην
858 3443 890 3497 61
906 3433 969 3497 945
983 3426 1050 3517 εἶμι
1064 3437 1153 3518 παρὰ
1175 3434 1325 3520 στάθμην
1339 3434 1440 3518 ὀρθὴν
1456 3431 1540 3497 ὁδόν.

144 3543 260 3630 quibus
281 3542 360 3607 locis
384 3542 502 3606 similes
525 3539 613 3625 apud
633 3540 769 3621 Atticos,
792 3561 858 3602 non
880 3540 956 3602 item
980 3536 1067 3622 apud
1090 3545 1216 3619 veteres
1236 3545 1347 3620 poetas
1368 3537 1477 3621 epicos
1497 3537 1541 3599 in-

142 3650 325 3712 veniuntur.

247 3752 405 3817 Venimus
435 3750 478 3815 ad
507 3749 779 3835 praepositionem
808 3745 906 3833 ιτερί.
951 3747 993 3811 ι(16
1022 3768 1085 3832 qua
1115 3748 1180 3809 iam
1211 3766 1310 3829 supra
1341 3743 1464 3808 dictum
1494 3753 1543 3807 est

144 3865 256 3943 poetas
283 3856 444 3939 elegiacos
470 3875 535 3918 non
563 3852 641 3939 ὑπέρ
663 3876 750 3931 τινος
771 3855 934 3937 μάχεσθαι
964 3851 1145 3936 similiaque
1173 3849 1292 3932 dicere,
1321 3848 1378 3919 sed
1407 3849 1542 3912 Homeri

145 3959 332 4045 exemplum
360 3968 488 4023 secutos
516 3956 592 4044 τιερί
618 3981 712 4036 τινος.
759 3965 834 4020 sunt
864 3964 972 4019 autem
1002 3955 1056 4040 qui
1085 3953 1172 4018 hunc
1209 3954 1372 4038 pertinent
1401 3950 1463 4016 loci
1494 3951 1541 4035 hi:

145 4065 226 4131 Call.
251 4065 280 4148 1,
298 4063 327 4148 7,
351 4063 443 4147 Tyrt.
469 4061 519 4143 10,
538 4062 578 4125 13
601 4070 634 4125 61
659 4060 708 4138 12,
726 4059 778 4144 34,
806 4058 871 4125 Sol.
895 4058 971 4146 3,1,
995 4056 1229 4141 Thagaste,
1253 4056 1370 4142 quibus
1394 4053 1544 4120 omnibus.

144 4173 311 4255 μάχεσθαι
343 4167 448 4253 (Tyrt.
482 4166 536 4247 12,
567 4166 610 4230 34
638 4173 671 4228 61
700 4163 844 4248 Theogn.
876 4161 938 4227 888
967 4160 1166 4248 μάρνασθαι)
1201 4162 1328 4246 legitur.
1374 4144 1543 4246 praeterea

145 4268 220 4360 ιτερί
240 4296 327 4350 τινος
356 4273 432 4335 satis
462 4270 571 4335 multis
600 4270 679 4334 locis
709 4268 886 4354 respondet
915 4267 1012 4331 latino
1042 4264 1097 4329 ‘de
1120 4266 1227 4351 aliqua
1249 4267 1305 4348 re’,
1336 4264 1426 4328 velut
1448 4263 1541 4349 Tyrt.

145 4378 176 4460 4,
203 4376 243 4441 10
264 4374 340 4463 περὶ
361 4384 425 4441 τῶν
448 4425 480 4439 ..
504 4372 647 4462 ἀνέφηνε,
675 4372 827 4457 Xenoph.
852 4371 881 4455 7,
905 4372 927 4435 4
948 4369 1023 4457 περὶ
1045 4365 1143 4437 τῶνδ’
1163 4363 1237 4437 οἶδα
1259 4368 1369 4456 λέγειν,
1394 4368 1540 4452 Theogn.

145 4481 210 4546 995
237 4478 352 4569 σοφίης
374 4478 449 4565 τιὲρι
472 4480 682 4566 δηρισάντοιν.
728 4476 807 4562 quid
829 4499 908 4542 vero
932 4477 973 4540 de
995 4474 1142 4560 Theogn.
1166 4498 1196 4539 v.
1223 4474 1284 4537 118
1308 4467 1376 4539 οὐδ’
1395 4470 1543 4561 εὐλαβίης

144 4584 216 4651 ἐστὶ
237 4583 311 4673 περὶ
333 4582 477 4665 πλέονος,
503 4582 556 4667 qui
579 4580 675 4645 valde
699 4589 868 4667 corruptus
893 4589 950 4663 611,
974 4579 1160 4645 faciendum
1184 4580 1235 4662 sit,
1259 4580 1377 4641 nescio.
