3392 5067
162 226 226 290 244

162 417 232 482 coll.
259 423 283 500 β
310 417 376 503 65).
421 416 471 482 his
499 417 602 483 tribus
629 419 707 483 locis
738 418 881 483 addendi
912 440 983 483 esse
1013 419 1166 483 videntur
1189 417 1262 503 duo,
1290 441 1370 505 quos
1399 418 1442 485 ab
1471 417 1559 483 Her-

160 543 278 588 manno
304 523 488 587 immutatos
519 524 625 587 omisit
652 522 828 588 Rzacbius:
867 546 898 586 v.
919 522 993 606 226,
1024 545 1119 608 quern
1143 522 1278 588 Abelius
1309 523 1439 589 codices
1469 546 1557 588 secu-

161 636 212 691 tus
236 628 378 712 scripsit:
416 634 474 693 σὺν
495 625 532 693 δέ
554 621 586 693 oi
608 622 685 716 ἦλθ’
700 626 811 714 ίτοιρος
826 619 1007 717 Ἡρακλῆος
1029 626 1138 694 θείοιο
1161 628 1226 714 (Vo
1241 627 1374 713 ἓτάριος)
1406 666 1448 675 -
1477 628 1557 693 Her-

160 753 298 795 mannus
322 732 460 795 coniecit
489 737 546 796 σὺν
569 729 605 797 δέ
635 725 667 797 οἱ
693 729 794 820 ἦλθεν
816 726 888 819 ἔτος
917 770 959 779 -
989 741 1021 795 et
1052 754 1082 794 v.
1102 732 1184 795 1169
1206 729 1323 814 ἵξεσ3’,
1346 734 1392 817 dp
1420 731 1559 816 πέλαγος

160 831 364 902 Ἀτλαντικὸν
386 836 476 913 ἐκτὸς
497 836 624 920 ἵκωμαι,
649 834 705 899 ubi
727 860 789 916 κεν,
814 836 901 922 quod
924 836 1132 900 Hermannus
1154 847 1227 921 post
1250 835 1388 921 πέλαγος
1411 837 1554 921 inseruit,

159 950 271 1024 aptum
293 962 357 1002 non
380 961 450 1003 csse
480 938 567 1004 infra
589 938 782 1005 videbimus.
829 949 917 1003 certe
941 948 1031 1004 extat
1060 938 1151 1004 locus
1174 940 1366 1023 homericus,
1399 962 1462 1025 quo
1485 962 1556 1025 pro-

158 1044 267 1109 ductio
290 1042 435 1128 syllabae
464 1042 598 1107 defendi
624 1046 733 1129 possit,
757 1043 829 1108 dico
853 1068 869 1108 a
891 1044 967 1128 330,
995 1043 1051 1109 ubi
1075 1046 1108 1107 in
1132 1044 1247 1109 cadem
1269 1067 1381 1109 versus
1411 1045 1488 1109 sede
1511 1046 1556 1129 dp

158 1147 298 1232 πέλαγος
331 1148 448 1231 legitur
477 1147 535 1232 (ὣς
564 1153 620 1235 τὴν
636 1149 695 1237 dp
724 1149 864 1232 ιτὲλοινος
893 1149 1030 1233 ἄνεμοι).
1078 1158 1189 1213 contra
1218 1172 1325 1234 neque
1358 1150 1393 1213 in
1434 1171 1464 1212 v.
1493 1149 1557 1213 303

158 1252 293 1317 Rzachii
326 1254 512 1316 coniectura
540 1252 585 1338 (p.
607 1250 684 1338 388)
715 1250 795 1342 ἦμος
822 1248 853 1318 d’
873 1249 1015 1334 Ἠέλιος,
1046 1251 1083 1332 ὃς
1109 1252 1275 1339 ἀπείριτον
1293 1252 1422 1335 ,αἰθέρα
1450 1252 1556 1338 τέμνει

158 1356 268 1443 (codd.
291 1350 338 1421 Ἠ.
355 1360 410 1422 τὸν
432 1360 463 1423 ἀ.
479 1360 509 1422 d.
533 1356 667 1443 τέμνων)
691 1378 798 1443 neque
820 1359 854 1421 in
877 1379 908 1421 v,
925 1357 989 1422 503
1013 1357 1070 1444 (cf.
1087 1357 1207 1443 Raaelr.
1225 1381 1256 1443 p.
1273 1358 1351 1443 403)
1375 1359 1556 1421 Hermanni

0 1483 3 1496 ³
157 1463 282 1550 Αἰνῆος
307 1454 383 1541 υἱός,
413 1464 469 1527 τόν
496 1456 528 1527 oi
554 1460 624 1527 τέκε
653 1463 707 1527 δῖα
736 1470 891 1546 γυναικῶν
920 1461 1031 1548 (codd.
1055 1463 1116 1528 Αί.
1139 1461 1235 1549 φίλος
1263 1457 1314 1543 τί,
1343 1463 1379 1527 ὅν
1405 1455 1451 1546 oi)
1474 1483 1555 1546 opus

157 1587 228 1629 esse
251 1565 336 1629 infra
352 1564 533 1651 disputabo.
559 1566 599 1631 de
615 1588 712 1631 versu
734 1566 799 1630 442
822 1588 950 1652 quoque
974 1566 1097 1652 dubito,
1120 1589 1198 1632 num
1219 1589 1278 1652 pro
1301 1566 1436 1650 vulgata
1457 1568 1555 1651 scrip-

155 1678 228 1733 tura
249 1668 435 1758 εἰσεπὲρηοε
457 1674 534 1749 νεὼς
555 1672 622 1737 dno
653 1670 761 1758 (codd.
785 1670 909 1735 habent
938 1669 1143 1757 εἰσεπέρησεν
1164 1670 1236 1756 ἕως)
1269 1670 1447 1757 quodvult
1474 1670 1554 1734 Raa-

157 1773 248 1837 chius
271 1773 315 1860 (p.
337 1773 415 1859 405)
438 1775 660 1859 reponendum
683 1777 724 1839 sit
745 1778 815 1853 νεὸς
836 1776 915 1860 dno,
945 1775 1031 1860 quod
1055 1776 1170 1839 ceteris
1193 1776 1272 1839 locis
1295 1776 1407 1862 epicae
1429 1784 1555 1839 tantum

156 1878 307 1942 vocabuli
334 1888 407 1967 νηῦς
435 1880 558 1944 formae
588 1890 798 1967 usurpentur,
836 1903 911 1944 nam
941 1881 1056 1945 eadem
1086 1881 1191 1945 forma
1219 1886 1297 1958 νεώς
1325 1881 1357 1943 in
1387 1879 1554 1944 codicibus

155 1992 247 2047 extat
268 2006 300 2047 v.
319 1982 411 2063 1203,
435 1984 491 2049 ubi
522 1993 623 2050 metro
645 2007 709 2049 non
733 1986 931 2072 exposcitur.
977 1984 1105 2049 accedit
1128 1984 1214 2070 quod
1236 1984 1361 2069 reliqua
1383 1982 1554 2066 voeabula,

155 2108 292 2171 quorum
307 2087 453 2172 syllabae
468 2088 581 2153 finales
598 2091 632 2152 in
648 2089 878 2173 Argonauticis
894 2090 1127 2176 producuntur,
1150 2090 1184 2151 in
1206 2088 1407 2153 tribrachum
1423 2095 1553 2171 exeunt,

153 2191 216 2255 boc
238 2200 347 2257 autem
369 2192 440 2257 loco
465 2192 622 2258 habemus
645 2215 759 2259 vocem
781 2194 1035 2280 pyrrhichicam.
1081 2192 1122 2257 de
1144 2193 1280 2258 aliorum
1303 2202 1471 2279 poetarum
1493 2214 1555 2256 usu

154 2296 194 2360 cf.
211 2296 330 2360 Rnach.
354 2319 386 2381 p.
403 2295 466 2360 428
483 2318 529 2382 sq.
562 2298 649 2382 quod
679 2298 721 2362 ad
751 2298 982 2384 productiones
1012 2298 1145 2382 adtinet,
1178 2319 1260 2384 quae
1290 2298 1324 2360 in
1355 2296 1553 2361 carminibus

154 2403 255 2486 epicis
285 2411 358 2487 post
388 2402 566 2467 Homerum
595 2402 839 2488 Hesiodumque
872 2403 1062 2488 conscriptis
1092 2403 1282 2487 pronomine
1305 2396 1337 2467 oi
1359 2401 1552 2481 efficiuntur,

153 2505 313 2570 Rzacbius
337 2504 382 2593 (p.
400 2505 489 2593 375),
513 2508 539 2570 si
562 2509 690 2572 omnino
712 2508 801 2593 apud
824 2510 1015 2592 scriptorem
1037 2507 1178 2593 aliquem
1201 2516 1313 2573 extant
1335 2506 1408 2587 loci,
1435 2505 1553 2590 quibus

153 2609 298 2693 syllabae
333 2612 366 2674 iu
401 2632 572 2676 consonam
606 2620 762 2676 exeuntes
796 2621 871 2677 ante
904 2633 1082 2697 pronomen
1116 2607 1148 2678 οί
1181 2611 1420 2696 producuntur,
1455 2609 1552 2693 locos,

153 2713 271 2797 quibus
294 2714 388 2779 aliter
414 2736 466 2778 res
489 2736 523 2779 se
546 2714 654 2800 habet,
689 2715 895 2800 corrigendos
927 2738 997 2779 esse
1021 2725 1140 2781 censet.
1187 2715 1245 2779 sed
1267 2715 1446 2795 videamus,
1475 2722 1553 2799 quot

152 2818 214 2882 loci
231 2818 273 2882 ad
296 2818 381 2882 hanc
396 2818 502 2902 legem
524 2817 718 2883 firmandam
735 2841 776 2883 ex
792 2819 1020 2903 Argonauticis
1043 2819 1165 2884 adferri
1186 2821 1319 2903 possint,
1343 2826 1421 2903 quot
1436 2820 1462 2881 is
1485 2839 1551 2881 cor-

153 2922 305 3006 rigendos
336 2944 407 2988 esse
438 2932 577 2988 censeat.
633 2946 665 3009 p.
689 2923 752 2987 369
780 2924 904 3010 profert
933 2923 1119 3009 exemplum
1150 2922 1296 3009 syllabae
1326 2923 1360 2986 in
1389 2923 1453 2987 arsi
1481 2942 1551 3008 pro·

153 3025 281 3108 ductae,
313 3027 399 3112 quod
422 3050 523 3093 unum
546 3037 636 3091 extat
663 3030 694 3091 in
721 3027 898 3111 codicibus,
926 3052 957 3094 v.
979 3026 1053 3110 534,
1077 3028 1130 3091 cui
1153 3027 1333 3091 Hermanni
1358 3026 1550 3089 coniecturis

152 3131 297 3223 probatis
320 3129 397 3195 addi
420 3130 556 3196 fortasse
580 3142 714 3218 possunt
736 3120 789 3196 v'v.
808 3132 870 3195 778
895 3141 927 3195 et
950 3131 1032 3212 8163
1056 3131 1096 3195 de
1112 3152 1166 3194 vv.
1183 3130 1256 3215 473,
1281 3129 1354 3214 805,
1378 3129 1440 3193 861
1459 3128 1551 3193 aliter

153 3237 255 3299 sentio
278 3245 374 3320 atque
398 3234 601 3321 Rzacbius.¹)
632 3259 663 3322 p.
681 3236 745 3299 374
769 3235 809 3299 de
825 3236 959 3320 syllabis
983 3238 1016 3299 in
1039 3235 1122 3299 thesi
1144 3234 1311 3321 productis
1333 3233 1437 3298 verba
1460 3233 1548 3299 facit.

152 3338 282 3403 codices
304 3341 381 3403 item
404 3362 504 3404 unum
528 3339 738 3425 suppeditant
761 3339 948 3425 exemplum
965 3338 1049 3403 1102
1072 3342 1109 3405 οὐ
1130 3343 1189 3422 γάρ
1213 3333 1546 3423 ostemationem

151 3452 300 3531 πνοιῇσιν
330 3444 432 3529 ὄρινεν
467 3444 545 3531 (qua
575 3446 608 3508 in
639 3444 813 3509 verborum
844 3444 1096 3509 conformatione
1127 3444 1291 3507 tritissima
1324 3441 1465 3506 Homero
1495 3451 1545 3506 cst

152 3547 335 3635 producti03
372 3547 412 3613 cf.
438 3547 575 3612 Hartelii
600 3548 692 3614 stud.
717 3548 800 3613 bom.
826 3546 877 3611 III
900 3570 931 3632 p.
955 3547 1020 3633 73),
1049 3569 1111 3632 quo
1135 3548 1223 3610 nisus
1248 3546 1455 3630 corrigendos
1479 3568 1549 3611 esse

151 3661 244 3738 putat
267 3674 319 3717 vv.
337 3652 401 3716 503
426 3651 567 3738 (dequo
591 3652 686 3716 modo
711 3652 879 3736 diximus),
910 3650 974 3715 684
1002 3651 1111 3737 (codd.
1136 3656 1173 3717 οὐ
1202 3655 1260 3736 γάρ
1290 3643 1322 3716 oi
1351 3649 1548 3731 ἐξυπάλοξις,

151 3778 226 3820 cum
242 3756 439 3822 Schneidero
455 3756 567 3821 scribit
589 3760 626 3822 οὐ
648 3760 706 3842 γάρ
729 3750 761 3823 οἱ
782 3755 992 3842 ὑπάλυξιςβ),
1017 3756 1080 3820 656
1104 3756 1152 3841 (in
1175 3765 1290 3840 quarta
1311 3755 1404 3833 thesi,
1427 3756 1461 3819 in
1485 3776 1549 3840 qua

150 3861 237 3947 apud
260 3861 348 3943 alios,
379 3883 458 3947 quos
481 3862 622 3947 respicit,
653 3868 764 3945 poetas
795 3882 973 3946 numquam
1003 3860 1138 3946 produci
1169 3861 1273 3923 exiis
1296 3857 1441 3944 adparet,
1465 3880 1548 3943 quae

151 3988 182 4051 p.
200 3964 263 4029 379
288 3965 455 4053 disputat),
479 3964 552 4049 868,
580 3963 662 4029 1200
685 3963 816 4051 (vocula
837 3969 896 4050 γάρ
919 3986 994 4029 cum
1017 3964 1205 4029 Hermanno
1228 3965 1262 4027 in
1285 3960 1322 4029 δέ
1343 3972 1480 4043 mutata3
1504 3961 1547 4025 of.

150 4093 181 4156 p.
199 4070 261 4133 377
280 4069 353 4156 sq.).
398 4071 462 4155 iam
490 4091 564 4135 cum
591 4091 691 4134 unum
719 4078 844 4134 tantum
868 4069 1054 4155 exemplum
1082 4078 1206 4133 certum
1230 4069 1280 4143 sit,
1308 4089 1426 4151 magno
1450 4088 1548 4151 opere

150 4175 329 4240 verendum
352 4184 411 4252 est,
442 4195 483 4239 ne
508 4174 623 4238 ceteris
654 4172 732 4237 locis
762 4174 928 4259 temptatis
951 4175 1057 4259 ipsum
1083 4181 1213 4258 poetam
1237 4171 1446 4255 corrigamus.
1496 4192 1548 4234 ac·

254 4438 275 4503 ¹)
293 4438 351 4487 Hos
369 4437 442 4489 locos
461 4437 530 4487 infra
548 4438 676 4487 tractabo.

253 4524 273 4589 2)
292 4525 481 4575 Weizsaecker
500 4523 799 4590 (correspondenzblatt
817 4523 836 4573 f.
854 4524 879 4573 d.
894 4522 965 4573 Gel·
983 4522 1037 4571 und
1055 4521 1178 4572 Realsch.
1192 4521 1405 4586 Wiirttembergs
1423 4522 1465 4583 35,
1484 4521 1547 4586 275)

149 4626 213 4661 saue
231 4611 344 4661 ulterius
362 4612 529 4677 progreditur
547 4611 712 4663 contendens
731 4626 763 4660 ea
782 4612 936 4660 coniectura
954 4616 1066 4675 accepta
1084 4615 1197 4658 metrum
1216 4607 1283 4657 adeo
1302 4608 1442 4673 corrumpi.
