3392 5067
178 241 242 306 298

75 445 82 456 ’
179 433 222 496 ad
252 433 380 497 articuli
406 455 501 497 usum
528 433 663 513 adtinet,
694 436 883 518 scriptorem
906 434 1199 518 Argonauticornm
1221 457 1286 499 non
1309 434 1412 499 solum
1435 456 1500 498 non
1522 457 1578 498 ex-

181 535 298 599 cedere
322 546 416 600 extra
443 537 533 622 fines,
562 535 619 601 sed
646 560 688 600 ne
715 537 848 621 explere
876 538 1007 622 quidem
1029 539 1110 602 fines
1137 560 1214 602 usus
1245 539 1482 606 homericorum
1510 563 1578 605 car-

178 643 310 724 minum,
341 643 374 704 in
402 639 520 726 quibus
543 640 700 705 adverbia
721 641 926 705 intercedant
948 645 1032 706 inter
1054 643 1225 707 articulum
1249 652 1281 706 et
1303 666 1422 709 nomen
1449 646 1483 729 (I
1503 644 1578 727 524,

178 743 210 815 Ξ
223 744 312 829 274),
328 744 482 808 articulus
498 747 712 828 coniungatur
728 767 802 809 cum
816 746 1060 832 pronominibus
1075 748 1140 828 ὅδε,
1157 743 1259 828 οὗτος,
1275 748 1395 827 ἐκεῖνος
1407 747 1430 834 1)
1448 748 1486 833 (β
1501 749 1577 830 351,

179 871 200 912 σ
224 848 295 932 114,
318 873 338 913 τ
361 847 449 934 372),
481 870 546 913 non
575 850 637 935 ipsi
667 851 789 914 nomini
818 849 960 914 addatur
990 851 1048 914 sed
1074 852 1124 930 iis,
1155 872 1239 936 quae
1267 851 1309 915 ad
1337 874 1454 917 nomen
1478 852 1578 938 expli-

181 951 321 1016 candum
345 952 595 1038 subiungimtur,
617 953 708 1017 velut
729 952 747 1031 ξ
769 954 809 1017 61
833 955 968 1034 ἄνακτες
990 949 1022 1020 ol
1045 953 1120 1020 νέοι.

285 1056 407 1141 Restat,
427 1066 463 1119 ut
483 1057 523 1122 de
542 1059 731 1141 pronomine
752 1056 1004 1122 demonstrativo
1026 1059 1094 1122 sine
1111 1060 1336 1123 coniunctione
1351 1061 1455 1145 posito
1471 1081 1578 1143 agam,

181 1181 244 1244 qua
268 1162 456 1244 quaestione
479 1162 624 1224 instituta
646 1159 828 1225 delabimur
850 1160 893 1226 ad
916 1160 1014 1239 16666,
1037 1162 1094 1226 ubi
1117 1171 1225 1226 utrum
1248 1184 1427 1249 pronomen
1450 1163 1578 1228 demon-

179 1265 351 1328 strativum
373 1265 626 1348 intellegendum
649 1267 689 1327 sit
711 1287 753 1328 an
775 1264 958 1348 relativum,
983 1265 1160 1330 dubitatur.

282 1369 320 1432 In
344 1391 375 1432 v.
392 1368 456 1434 850
477 1373 515 1435 τὸ
537 1367 592 1434 καὶ
611 1370 694 1434 πολὺ
709 1368 835 1454 κέρδιόν
851 1370 920 1434 ἐστι
937 1369 1059 1434 collatis
1076 1371 1154 1435 locis
1170 1371 1354 1453 homericis,
1378 1371 1468 1436 velut
1482 1377 1512 1436 Γ
1524 1371 1578 1454 41,

178 1475 216 1537 τὸ
240 1496 297 1559 pro
314 1474 569 1537 demonstrativo
584 1475 718 1558 accipie,
742 1475 788 1536 ita
802 1483 838 1536 ut
853 1473 935 1537 haec
951 1474 1055 1538 verba
1068 1476 1271 1560 parenthesis
1288 1475 1357 1540 loco
1374 1475 1447 1557 sint,
1471 1496 1577 1559 neque

180 1580 213 1641 in
236 1601 267 1642 v.
286 1578 367 1641 1147
393 1577 434 1641 (16
450 1580 483 1640 vi
499 1578 754 1642 demonstrativa
769 1579 967 1662 pronominis
982 1584 1056 1658 τούς
1072 1579 1212 1643 dubitari
1228 1603 1322 1665 posse
1338 1589 1426 1665 puto.
1466 1587 1580 1644 contra

181 1706 238 1746 cur
270 1685 301 1746 in
325 1705 355 1746 v.
376 1682 456 1746 1047
481 1683 690 1746 Hermannus
720 1681 754 1747 οῗ
782 1682 1073 1748 demonstrativum
1103 1706 1174 1750 esse
1197 1684 1335 1748 voluerit
1366 1678 1398 1749 ol
1421 1684 1577 1762 scribens,

179 1810 245 1851 non
267 1787 436 1872 adsequor.
476 1787 561 1871 quod
585 1787 627 1851 ad
649 1809 680 1850 v.
700 1786 762 1850 190
783 1787 923 1853 adtinet:

1029 1937 1162 2030 Ἴδμων,

370 2060 428 2113 188
452 2050 507 2113 τόν
530 2044 558 2134 ρ’
573 2051 796 2136 ὑποκυσαμένη
818 2046 908 2112 τέκεν
923 2043 1102 2114 Ἀπόλλωνι
1125 2049 1236 2114 ἄνακτι

453 2149 638 2240 ’Λμφρύσου
659 2156 749 2239 παρὰ
771 2161 872 2236 χεῦμα
898 2155 1054 2241 Φερητιὰς
1070 2147 1281 2238 Ἀντιάνειρα·

452 2268 498 2344 τῷ
520 2255 576 2322 καὶ
597 2258 794 2342 μαντοσύνην
816 2251 1008 2343 ἐ116ρενκαὶ
1030 2254 1198 2344 θέσφατον
1222 2259 1327 2346 ὀμφὴν

456 2365 587 2443 Φοῖβος,
610 2357 651 2424 ἵν’
667 2361 890 2445 ἀνθρώποισιν
912 2363 1050 2448 ἀρηρότα
1073 2358 1244 2445 μυθίζοιτο

182 2521 318 2602 cogitari
341 2528 446 2604 potest
469 2518 510 2583 de
534 2517 658 2583 duobus
681 2519 835 2598 relativis,
867 2540 951 2603 quae
974 2519 1017 2583 ad
1040 2519 1127 2582 idem
1149 2541 1268 2584 nomen
1291 2520 1464 2584 referenda
1486 2521 1582 2583 iuxta

181 2624 387 2691 collocantur.
435 2623 493 2687 sed
516 2645 712 2708 quamquam
734 2623 821 2706 talia,
844 2633 882 2687 ut
903 2622 1097 2706 videbimus
1122 2627 1250 2708 saepius
1273 2625 1434 2708 leguntur,
1457 2624 1580 2688 formas

178 2754 198 2793 a
221 2729 327 2793 littera
349 2753 368 2793 τ
389 2729 581 2813 incipientes
603 2731 649 2792 ita
676 2737 848 2813 usurpatas
871 2750 935 2793 non
957 2729 1084 2809 inveni3
1116 2751 1215 2813 quare
1238 2737 1383 2815 praestat
1405 2728 1447 2792 ad
1470 2750 1582 2791 exem-

286 2976 307 3041 ¹)
338 2963 423 3030 Οἷιτσς
449 2975 532 3024 semel
560 2974 659 3039 legitur
681 2977 709 3024 in
732 2976 943 3039 interrogatione
965 2974 1131 3038 indignantis
1155 2974 1220 3038 (97),
1244 2974 1277 3025 cf.
1301 2975 1391 3024 Braun
1413 2974 1441 3023 H
1462 2991 1486 3039 p.
1506 2976 1521 3022 6
1539 2989 1581 3037 sq.

180 3069 214 3113 Π
227 3065 285 3112 627.
321 3065 350 3111 in
369 3079 394 3112 v.
407 3063 455 3110 351
479 3061 617 3127 praecedit
639 3063 810 3111 enuntiatum
831 3061 984 3124 relativum,
1008 3060 1079 3125 quod
1102 3061 1173 3126 apud
1194 3062 1341 3109 Homerum
1364 3077 1419 3109 non
1442 3063 1584 3110 invenitur

182 3151 225 3216 (cf.
239 3151 329 3201 Eun
349 3148 435 3213 1151),
458 3151 564 3213 saepius
587 3151 702 3199 occurrit
725 3148 795 3212 apud
819 3147 1026 3198 Callimachum:
1050 3148 1076 3196 II
1101 3151 1142 3212 10,
1165 3149 1189 3197 V
1208 3150 1314 3210 54,102
1339 3149 1472 3212 (sequitur
1496 3162 1583 3197 enun-

181 3241 277 3288 tiatum
295 3237 439 3288 relativum
457 3236 511 3285 IIII
524 3237 582 3298 203,
595 3236 620 3284 V
633 3238 674 3297 36,
694 3236 731 3284 VI
746 3234 798 3299 17),
817 3235 851 3285 (16
869 3251 912 3284 vv.
926 3237 984 3296 200,
998 3237 1057 3297 230,
1072 3236 1121 3283 786
1140 3235 1232 3284 valent
1244 3236 1355 3284 Braunii
1373 3236 1455 3284 verba
1473 3235 1507 3300 (p.
1522 3235 1583 3298 25):

182 3326 236 3374 ‘Ich
255 3325 327 3374 finde
344 3326 381 3372 im
400 3323 613 3388 anaphorischcn
632 3313 710 3378 οὗτος
728 3321 845 3371 vielfach
865 3324 926 3371 eine
945 3321 1135 3372 ssemotoriche
1148 3322 1317 3388 Bedentnng,
1337 3322 1361 3371 d.
1374 3322 1399 3373 h.
1414 3337 1442 3372 es
1455 3321 1586 3371 entriickt

182 3414 229 3463 das
242 3413 338 3477 Object
356 3413 403 3462 der
416 3412 534 3477 Sphaere
552 3411 598 3460 des
610 3410 765 3472 Redcnden‚
785 3411 812 3458 in
831 3409 934 3459 welche
952 3410 991 3458 sie
1010 3408 1094 3458 durch
1113 3410 1128 3458 6
1147 3406 1177 3459 δε
1197 3409 1261 3458 oder
1279 3412 1294 3458 ό
1314 3410 1480 3474 eingetreten
1499 3409 1585 3472 sind'3

182 3501 215 3549 cf.
235 3501 314 3549 etiam
329 3500 441 3550 Braunii
453 3514 510 3563 cap.
524 3499 563 3546 XI
577 3503 603 3547 61
616 3498 703 3547 Funk.
723 3514 747 3562 p.
764 3499 803 3557 15,
817 3497 854 3561 5).
882 3496 964 3560 digni,
985 3513 1051 3561 quos
1069 3495 1247 3558 attendamus,
1267 3502 1330 3546 sunt
1342 3511 1385 3545 vv.
1400 3498 1448 3545 711
1463 3500 1490 3545 61
1504 3497 1583 3558 1330,

181 3588 227 3636 ubi
246 3589 420 3636 coniunctum
440 3601 501 3634 cum
520 3584 645 3633 adverbio
665 3583 735 3633 οὕτω
754 3599 901 3648 pronomen
921 3581 967 3634 661
988 3584 1113 3648 legimus:
1138 3582 1208 3632 601ω
1227 3583 1281 3650 γὰρ
1305 3585 1414 3650 Μοῖραι
1437 3578 1498 3632 τάδ’
1517 3580 1585 3632 ἐνιε-

182 3672 328 3734 κλώσαντο,
353 3677 401 3724 καί
421 3670 445 3740 ῥ’
465 3671 535 3722 οὕτω
558 3669 624 3721 τάδε
649 3674 739 3720 πάντα
762 3669 972 3734 τελευτήσεσθαι
995 3667 1115 3736 ἔμελλεν.
1136 3698 1168 3706 -
1188 3668 1235 3719 631
1259 3669 1292 3720 ad
1311 3671 1449 3735 superiora
1466 3669 1585 3719 refertur

183 3762 296 3823 (num
306 3761 353 3827 B):
378 3763 419 3823 62,
433 3762 483 3810 470
507 3758 693 3823 (θυηπολίης),
717 3759 775 3820 934,
797 3760 872 3820 1143,
892 3760 956 3806 1291
977 3757 1120 3823 (πότμον),
1145 3758 1302 3822 1311,1324
1322 3753 1424 3824 (ἔργα).
1448 3755 1584 3820 (610111.

182 3849 237 3898 llIl
255 3848 329 3912 291),
348 3848 432 3896 tribus
450 3849 533 3912 igitur
551 3846 617 3895 locis
636 3861 695 3894 curn
715 3846 883 3895 substantivo
903 3847 1081 3908 coniungitur.
1113 3844 1277 3894 demonstrat
1295 3845 1437 3909 sequentia
1456 3842 1515 3906 (Eb.
1529 3842 1583 3904 II):

183 3939 233 3985 942
253 3935 298 4000 (cf.
318 3939 344 3984 B
362 3937 426 4000 3013
446 3935 579 3982 ‘universe
599 3948 614 3982 e
632 3933 808 3997 sequentibus
826 3933 945 3996 adparet,
971 3931 1034 3996 quid
1054 3930 1248 3996 significetur),
1272 3931 1322 3979 332
1342 3920 1407 3993 (ὧδε
1426 3928 1584 3993 541,1158)

183 4023 314 4088 (sequitur
338 4022 508 4070 enuntiatum
531 4022 699 4085 primarium,
724 4020 757 4069 cf.
777 4018 845 4069 Call.
863 4019 903 4068 III
926 4020 950 4081 5,
968 4020 1009 4081 80,
1032 4019 1086 4067 1111
1106 4020 1164 4080 162,
1182 4018 1207 4066 V
1225 4016 1277 4082 96),
1297 4018 1356 4078 476,
1375 4018 1424 4065 690
1450 4012 1586 4082 (sequitur

182 4111 352 4160 enuntiatum
375 4107 583 4173 secundarium).
620 4107 691 4171 apud
710 4106 906 4156 Callimachum
925 4107 1004 4171 primi
1024 4120 1131 4170 quoque
1153 4107 1266 4169 generis,
1289 4103 1361 4169 quod
1383 4101 1459 4152 Ebel.
1478 4103 1585 4164 statuit,

181 4197 305 4261 exempla
323 4196 463 4261 leguntur:
482 4194 506 4242 V
525 4197 566 4256 56,
585 4194 623 4243 VI
641 4195 687 4256 993
712 4210 772 4242 cum
796 4194 972 4243 substantivis
993 4194 1161 4242 consociatur
1179 4193 1233 4241 IIII
1253 4191 1310 4253 151,
1324 4191 1383 4252 244,
1402 4190 1441 4239 VI
1461 4189 1523 4251 1353
1547 4189 1585 4239 ef.

183 4286 274 4347 Quint.
293 4285 384 4333 1219.
403 4311 435 4318 -
455 4281 564 4343 ἐκεῖνος,
584 4283 636 4331 nisi
654 4282 717 4347 quid
736 4296 779 4331 me
797 4282 875 4346 fugit,
895 4297 948 4330 non
967 4280 1074 4346 legitur.
1093 4280 1163 4329 idem
1183 4279 1256 4328 valet
1274 4277 1307 4327 de
1320 4276 1464 4343 Apollonio
1483 4276 1534 4325 hac
1552 4276 1586 4324 in

179 4388 210 4423 re
232 4371 369 4421 Zenodoto
394 4370 533 4431 obsecut03
561 4370 595 4419 cf.
614 4368 712 4431 Raach,
741 4368 1069 4433 01611111.811(1.ρ.518.
1107 4367 1177 4431 apud
1206 4367 1335 4427 Quintum
1364 4366 1583 4414 Zimmermanno

181 4460 270 4508 iudice
289 4458 325 4523 (p.
341 4458 383 4521 19)
402 4457 507 4505 duobus
525 4462 630 4506 tantum
648 4457 715 4505 locis
734 4454 824 4520 (VIIII
844 4457 901 4517 195,
920 4455 1000 4504 XIIII
1018 4454 1079 4520 575)
1100 4452 1201 4508 ἐκεῖνος
1222 4453 1393 4503 retinendum
1416 4455 1469 4514 est3
1492 4452 1586 4506 κεῖνος

183 4547 313 4595 habemus
331 4546 391 4605 802,
404 4545 463 4606 907,
479 4545 544 4592 1127
564 4545 628 4610 (quo
647 4546 675 4592 in
694 4558 773 4592 versu
790 4558 886 4592 vereor
903 4557 938 4591 ne
950 4541 1065 4592 Wielins
1083 4557 1124 4602 eo,
1142 4541 1212 4606 quod
1231 4541 1289 4591 158
1308 4556 1355 4606 pro
1373 4542 1504 4590 κείνοισιν
1523 4554 1586 4603 pro·

184 4634 273 4699 posuit
291 4629 431 4695 δειλοῖσιν,
449 4636 555 4696 poetam
574 4633 660 4698 ipsum
680 4629 845 4696 correxerit).
