3392 5067
1487 222 1545 285 101

143 434 243 495 quam
279 415 499 476 coniecturam
527 412 660 476 Richter
691 414 857 497 probavit,
893 423 926 476 et
959 421 1073 496 postea
1103 410 1284 475 Buecheler
1295 412 1316 499 ¹)
1347 413 1433 499 dedi¹
1451 414 1550 477 scribi

143 517 252 597 iussit,
294 517 380 602 quod
414 518 483 579 Leo
521 520 653 602 recepit.
700 520 758 582 sed
797 518 943 583 eiusdem
976 516 1070 581 verbi
1108 517 1311 581 iterationem
1344 519 1376 579 in
1412 516 1550 581 Octavia

141 621 314 685 ferendam
349 644 419 685 esse
457 624 521 685 iam
554 646 585 708 p.
617 622 659 685 94
690 624 765 687 adn.
791 624 812 686 2
847 623 1025 687 docuimus
1072 621 1159 706 quod
1192 643 1270 685 vero
1312 630 1409 707 potita
1449 622 1549 685 tradit

144 724 362 811 Agrippinam
390 728 495 810 ipsam
519 727 698 791 Britannici
726 750 842 813 corpus
870 748 948 811 rogo
976 726 1178 810 imposuisse,
1207 724 1296 789 nulla
1318 726 1411 789 adest
1439 739 1547 806 causa,

143 851 204 893 cur
227 830 288 894 hoc
311 852 426 895 verum
450 852 520 894 esse
543 854 708 915 negemus.
754 835 872 897 scimus
901 833 1085 895 enimcum
1107 829 1195 894 nulla
1218 832 1251 893 in
1274 852 1309 893 re
1332 814 1490 894 incertum
1514 853 1548 893 se
1592 846 1595 852 ·

142 934 303 1018 praebere
332 945 506 999 auctorem.
542 945 575 999 et
602 958 644 999 ex
667 937 774 1001 Taciti
802 958 930 1024 quoque
960 936 1144 999 narratione
1172 936 1242 998 veri
1273 934 1469 999 simillimum
1500 944 1549 997 est

143 1040 249 1125 ipsam
273 1040 489 1126 Agrippinam
513 1041 692 1106 Britannici
716 1054 807 1106 artas
829 1042 1011 1106 cremandos
1035 1040 1169 1121 dcdisse;
1193 1062 1268 1103 nam
1292 1040 1425 1103 Tacitus
1448 1039 1548 1103 tradit

144 1165 217 1207 eam
241 1154 399 1210 maestam
420 1146 519 1209 fuisse
542 1167 581 1208 ac
603 1140 710 1211 mente
732 1155 980 1227 consternatam,
1006 1167 1079 1209 cum
1100 1166 1287 1229 supremum
1308 1143 1369 1207 sibi
1390 1143 1548 1208 auxilium

144 1258 294 1334 ereptum
321 1272 393 1313 esse
423 1249 666 1336 intellegeret.²)
713 1261 825 1316 contra
850 1253 908 1315 vix
939 1248 1094 1314 credibile
1122 1258 1170 1312 est
1198 1246 1357 1311 Octaviae
1387 1250 1546 1311 nutricem

144 1353 196 1416 vel
220 1353 375 1419 famulam
398 1354 561 1438 quandam
584 1354 645 1418 hoc
669 1355 796 1438 fecisse,
820 1348 905 1440 quod
926 1365 1064 1419 matrem
1083 1353 1245 1439 inprimis
1263 1352 1410 1417 decebat.
1448 1374 1547 1439 quare

143 1458 229 1521 dedit
252 1459 449 1523 servandum
474 1469 531 1522 est.
558 1482 589 1522 v.
611 1458 671 1521 173
696 1459 907 1543 plurimorum
931 1459 1079 1523 codicum
1103 1460 1263 1544 scriptura
1279 1456 1547 1544 fcroeusflammu

143 1559 284 1633 metrum
307 1562 460 1644 laeditur,
492 1564 606 1647 quodsi
629 1556 704 1628 oum
727 1566 843 1628 ceteris
866 1564 956 1628 libris
970 1563 1103 1649 flumme
1118 1563 1249 1648 ferveris
1273 1563 1453 1646 scribimua
1481 1562 1546 1625 iarn

143 1689 259 1730 versus
294 1677 365 1732 stat.
412 1688 608 1751 quamquam
639 1677 748 1733 autem
778 1668 873 1733 facile
904 1669 1070 1753 transponi
1100 1676 1275 1753 potuerunt
1304 1666 1421 1747 verba,
1456 1688 1546 1752 prae·

144 1774 256 1835 sertim
290 1795 363 1836 curn
394 1774 436 1837 ab
468 1772 583 1837 eadem
613 1772 720 1837 littera
749 1774 920 1859 incipiant,
955 1782 1065 1837 tamen
1094 1772 1246 1857 permulti
1280 1761 1427 1836 homines
1460 1770 1547 1834 docti

143 1876 252 1939 locum
278 1878 524 1962 interpolatione
553 1887 740 1963 corruptum
768 1900 838 1942 esse
871 1877 1116 1956 contenderunt,
1145 1878 1197 1939 cui
1226 1875 1280 1939 alii
1307 1875 1400 1939 aliter
1422 1875 1547 1939 mederi

144 1982 252 2044 eonati
286 1991 369 2046 sunt.
401 1982 576 2058 vHeinsius
611 1984 740 2067 scripsit
764 1982 803 2067 fl.
827 1982 947 2069 ferulis
982 1982 1066 2063 tulit,
1102 1980 1217 2044 Baden
1244 1980 1376 2067 fervida
1402 1980 1545 2066 flamma,

144 2084 312 2149 Baehrens
320 2085 345 2171 3)
372 2086 507 2149 saeuiens
527 2086 677 2171 flamma,
706 2087 856 2173 Peiperll
884 2110 960 2172 quos
980 2086 1101 2173 furcas
1118 2086 1167 2173 fl,
1199 2084 1420 2169 Buecheler,⁵)
1449 2105 1546 2169 quem

143 2188 212 2253 Leo
237 2204 366 2255 secutus
389 2201 447 2273 est,
463 2190 614 2275 funebris
627 2190 760 2275 flamma
783 2190 860 2256 adst.
901 2192 957 2255 sed
981 2214 1040 2277 per
1063 2213 1098 2253 se
1120 2194 1152 2255 in
1178 2191 1402 2255 coniunctione
1426 2210 1546 2254 vocum

138 2292 270 2378 ferveas
283 2295 416 2381 flammo
440 2294 671 2360 offendendum
693 2317 757 2359 non
781 2304 844 2375 est3
869 2296 982 2359 eodem
1006 2296 1089 2359 enim
1113 2294 1208 2357 modo
1232 2293 1357 2357 Seneca
1379 2290 1460 2355 Oed.
1482 2290 1545 2355 928

144 2396 228 2460 dixit
270 2408 326 2460 aut
342 2398 471 2485 fervido
494 2398 608 2483 alr'qais
629 2400 698 2482 ipae
726 2399 773 2462 vel
795 2422 872 2462 55555
896 2399 1022 2462 domet·
1050 2408 1082 2461 et
1116 2400 1148 2461 iu
1183 2396 1342 2461 Octaviae
1373 2396 1545 2486 codicibus

143 2504 332 2586 saepissime
348 2501 509 2565 vocabula
529 2503 570 2566 de
592 2501 662 2566 loco
683 2525 740 2567 suo
763 2513 851 2567 mota
872 2513 946 2567 suut
970 2512 1001 2565 et
1023 2502 1104 2565 falso
1128 2502 1263 2565 inserta:
1287 2523 1348 2565 nec
1371 2511 1480 2564 tamen
1505 2499 1545 2563 de

142 2607 389 2692 interpolatione
412 2606 465 2669 vel
490 2607 674 2692 corruptela
699 2616 805 2693 potest
827 2610 976 2691 cogitari3
1006 2606 1047 2669 cf.
1071 2606 1227 2669 librorum
1251 2607 1437 2690 scripturas,
1466 2627 1545 2690 quas

143 2711 212 2775 Leo
242 2713 276 2774 in
306 2711 446 2775 editione
479 2734 537 2775 sua
571 2711 738 2776 adnotavit
772 2712 814 2775 ad
845 2734 898 2774 vr.
929 2710 958 2791 9,
984 2710 1055 2793 175,
1080 2710 1153 2790 276,
1177 2709 1250 2790 291,
1275 2708 1348 2785 489,
1373 2708 1447 2790 495,
1471 2707 1545 2790 500,

143 2813 218 2895 575,
242 2814 316 2896 583,
341 2815 414 2897 779,
439 2814 543 2901 821.)

246 2918 285 2981 V.
310 2918 373 2981 457
398 2917 500 3006 [Ner]
523 2921 606 2983 decet
626 2921 728 2983 timeri
746 2918 919 2983 Caesarem.
945 2917 1044 3007 [Sem]
1069 2919 1195 3004 utplus
1218 2917 1318 3005 adipi,
1347 2918 1457 3001 quiin
1481 2938 1545 2981 om·

142 3022 238 3086 nibus
270 3022 436 3087 codicibus
467 3031 567 3105 extat,
592 3024 690 3110 Leol)
718 3033 753 3087 ut
780 3024 822 3087 ab
850 3023 1087 3109 interpolatoris
1115 3042 1212 3086 manu
1243 3023 1403 3086 intrusum
1430 3022 1546 3085 eicien-

143 3127 221 3190 dum
241 3149 312 3190 esse
333 3130 444 3191 statuit
466 3127 516 3190 his
537 3128 577 3191 de
600 3130 714 3192 causis.
738 3130 880 3213 primum
903 3130 1058 3193 creticum
1080 3130 1113 3191 in
1136 3128 1200 3191 fine
1222 3149 1336 3189 versus
1358 3147 1421 3189 nou
1444 3125 1546 3189 coale-

144 3240 287 3295 scentem
322 3230 448 3316 syllaba
482 3232 694 3297 antecedente
729 3222 827 3316 longa
861 3235 894 3297 in
926 3233 1065 3297 Octavia
1099 3234 1160 3295 nisi
1190 3234 1223 3294 in
1258 3231 1320 3295 hoc
1351 3244 1449 3293 versu
1481 3252 1545 3294 non

143 3338 295 3418 inveniri,
320 3336 438 3399 deinde
467 3336 687 3421 synaloephae
714 3338 822 3400 locum
843 3360 907 3427 non
932 3360 1002 3400 esse
1025 3339 1056 3400 in
1081 3338 1226 3420 personis
1249 3335 1412 3400 mutandis
1439 3356 1546 3421 neque

144 3438 300 3504 Octaviae
324 3442 514 3525 scriptorem
537 3441 770 3527 synaloepham
792 3444 825 3504 in
847 3442 1106 3528 interpunctione
1131 3441 1192 3504 sibi
1217 3441 1424 3521 concessisse,
1448 3462 1488 3503 55
1512 3440 1545 3503 in

142 3543 372 3627 monosyllabis
396 3544 537 3630 quidem,
562 3546 701 3631 denique
724 3570 788 3610 non
811 3546 1016 3611 tolerandum
1040 3569 1119 3627 esse,
1144 3546 1230 3630 quod
1253 3545 1350 3631 plane
1372 3546 1461 3609 idem
1483 3544 1545 3609 hoc

145 3670 242 3711 versu
265 3650 353 3712 Nero
378 3649 502 3715 diceret
525 3659 622 3734 atque
645 3653 806 3734 sequenti:
836 3649 936 3738 [Ner]
960 3661 1097 3714 metuant
1121 3673 1235 3713 5555555
1259 3661 1310 3727 est,
1340 3648 1439 3737 [Seu]
1463 3651 1544 3734 quic-

251 3823 270 3891 1)
290 3824 329 3874 Cf.
349 3825 409 3874 adn.
429 3828 485 3875 crit.
505 3827 539 3875 ad
558 3827 584 3875 h.
604 3798 627 3875 vl
647 3830 676 3874 in
695 3828 794 3876 Leonis
812 3828 852 3876 ed.

249 3911 269 3976 2)
288 3912 356 3961 Nam
376 3912 409 3962 ad
427 3914 514 3962 Taciti
533 3914 601 3962 Ann.
620 3912 687 3962 XIII
701 3916 731 3961 17
751 3916 833 3963 verba
851 3918 879 3963 ta
897 3931 985 3977 campo
1002 3922 1085 3963 tumea
1104 3913 1200 3963 Martio
1218 3914 1330 3975 sepultas
1348 3919 1392 3972 551,
1411 3911 1474 3961 adeo
1492 3919 1545 3961 tar-

144 4000 209 4049 tr'dis
235 4002 357 4051 imbribus
383 4002 537 4067 Nipperdey
560 4004 707 4050 rectissime
730 4003 881 4051 adnotavit:
910 4000 1039 4066 ‘sepelire'
1063 4002 1200 4051 bezciclruet
1223 4003 1278 4068 blojt
1296 4000 1338 4049 die
1356 4000 1545 4063 Bcisetzarrp

144 4086 190 4135 der
207 4086 294 4137 Aacbe.

247 4171 269 4237 ³)
289 4173 320 4223 L.
340 4190 361 4224 5.
381 4192 407 4239 p.
429 4177 486 4224 117.

249 4257 269 4327 ⁴)
289 4261 329 4310 Cf.
348 4262 408 4309 adn.
429 4263 486 4311 crit.
506 4263 540 4311 ad
558 4262 617 4311 Oct.
639 4264 687 4311 178
706 4265 735 4311 in
754 4263 862 4327 Peiperi
881 4268 907 4311 et
925 4263 1045 4312 Richteri
1066 4262 1105 4312 ed.

248 4349 268 4412 5)
288 4348 328 4397 Cf.
349 4365 415 4398 runs.
435 4350 521 4399 Rhen.
540 4350 644 4399 XXVII
662 4351 721 4399 474.

245 4435 267 4501 6)
286 4436 373 4497 Quam
396 4451 476 4501 saepe
499 4438 527 4485 in
550 4437 686 4486 codicibus
710 4436 804 4486 recd
828 4439 962 4501 genuinus
981 4439 1123 4488 verborum
1148 4439 1211 4488 ordo
1230 4444 1349 4489 mutatus
1371 4440 1413 4499 sit,
1445 4438 1545 4503 optime

144 4516 176 4571 ex
199 4522 256 4571 cod.
277 4522 304 4571 E
322 4524 458 4588 scripturis
477 4525 602 4588 cognosci
621 4529 716 4589 potest,
736 4524 769 4573 cf.
788 4524 833 4573 Hf.
853 4540 896 4574 vv.
917 4526 976 4587 225,
995 4527 1054 4586 430,
1075 4526 1133 4586 768,
1153 4526 1203 4574 836
1222 4525 1256 4574 al.

246 4606 267 4673 l)
287 4608 327 4659 Cf.
347 4625 416 4674 quae
435 4610 552 4660 Hermae
571 4611 594 4660 X
614 4612 665 4659 439
684 4610 745 4660 adn.
767 4613 779 4659 1
800 4615 827 4661 et
846 4610 886 4660 ed.
906 4611 919 4660 I
937 4612 970 4661 58
981 4627 1019 4679 sq.
1039 4612 1186 4679 disputavit
