3392 5067
423 213 543 277 176

415 405 624 494 ξανθὴ
670 400 1042 491 Ἀταλάντη.
1090 412 1360 487 utroque
1392 403 1587 485 igitur
1629 401 1771 466 loco
1804 399 2059 488 (tertius
2099 424 2225 466 non
2259 400 2468 488 extat)
2516 403 2823 467 aoristum
2868 403 3207 488 passivum

416 508 640 591 habes,
687 530 802 595 pro
836 529 960 593 quo
994 507 1317 572 Homerus
1357 515 1634 591 excepto
1667 508 1704 572 λ
1739 506 1926 591 72sq.
1976 510 2062 594 μή
2097 503 2164 591 μ’
2194 507 2521 588 ἄκλαυτον,
2568 507 2876 574 ἄθαπτον
2911 508 3024 572 ἰὼν
3052 507 3212 572 ὄπι-

419 618 539 679 θεν
595 610 1006 679 καταλείπειν
1059 611 1068 697 Ι
1121 606 1530 699 νοσφισθείς,
1604 611 1717 675 ubi
1776 610 2161 698 νοσφισθείς
2221 612 2494 675 eandem
2554 614 2689 675 vim
2748 611 2949 676 habet
3010 621 3210 698 atque

416 718 706 801 Theogn.
742 716 844 797 94,
894 738 1149 801 semper
1177 716 1385 780 forma
1414 713 1864 804 νοσφίσασθαι
1902 717 2103 780 utitur
2135 737 2341 800 eaque
2372 716 2528 779 locis
2561 716 2956 800 Theognidis
2988 717 3209 779 versui

425 822 583 885 1291
621 820 972 902 simillimis,
1014 819 1190 884 velut
1227 845 1267 884 τ
1294 819 1423 883 579
1462 819 1939 908 νοσφισσαμένη
1977 820 2127 887 τόδε
2159 821 2360 905 δῶμα.
2431 830 2654 885 contra
2694 821 2918 905 hymni
2950 820 3210 885 Cereris

421 948 644 991 versus
679 925 761 988 92
808 928 1243 1011 νοσφισθεῖσα
1288 928 1465 990 θεῶν
1508 927 1742 1014 ἀγορήν
1787 946 1934 988 cum
1975 923 2175 988 altero
2206 924 2603 1008 Theognidis
2635 947 2830 989 versu
2871 926 3208 1004 consentit,

416 1032 540 1095 nisi
573 1029 765 1115 quod,
800 1038 874 1093 ut
914 1051 1111 1114 supra
1142 1039 1713 1093 commemoratum
1745 1038 1862 1105 est,
1894 1028 2002 1092 hic
2032 1030 2443 1093 accusativus
2475 1029 2768 1094 traditur.
2833 1031 2988 1093 item
3019 1028 3204 1114 Tyrt.

423 1134 522 1216 10,
570 1134 647 1197 31
682 1156 775 1219 sq.
826 1133 935 1220 (=
988 1134 1087 1210 11,
1136 1134 1213 1197 21
1252 1134 1377 1219 sq.)
1438 1134 1599 1199 ἀλλά
1652 1157 1752 1212 τις
1808 1131 1878 1199 εὖ
1933 1134 2163 1217 διαβὰς
2216 1131 2454 1218 μενέτω
2507 1131 2702 1199 ποσὶν
2750 1130 3210 1220 ἀμφοτέροισιν

419 1237 791 1326 στηριχθεὶς
850 1236 965 1303 ἐπὶ
1024 1246 1135 1323 γῆς
1199 1237 1453 1321 legitur,
1524 1238 1702 1323 apud
1762 1238 2118 1302 Homerum
2186 1242 2246 1303 Φ
2298 1238 2420 1302 241
2465 1260 2557 1323 sq.
2622 1239 2768 1305 οὐδὲ
2834 1240 3145 1305 πόδεσσιν
3193 1238 3205 1322 Ι

418 1336 548 1425 εἶχε
593 1342 1047 1431 στηρίξασθαι.
1139 1344 1524 1427 quibuscum
1583 1342 1741 1406 locis
1801 1342 2091 1427 Theogn.
2126 1342 2252 1420 379
2313 1342 2427 1407 ἐπὶ
2479 1347 2894 1430 σωφροσύνην
2951 1349 3208 1430 τρεφθῇ

420 1447 699 1512 conferri
747 1457 978 1534 potest,
1036 1469 1152 1532 pro
1207 1468 1335 1531 qua
1381 1446 1589 1511 forma
1644 1446 1822 1532 apud
1876 1448 2234 1512 Homerum
2288 1447 2483 1512 semel
2539 1448 2603 1533 (o
2649 1446 2761 1530 80)
2814 1453 3206 1535 τραφθῆναι,

420 1554 796 1638 saepissime
840 1549 1233 1637 τραπέσθαι,
1282 1551 1452 1635 quod
1500 1553 1695 1616 etiam
1741 1550 2169 1616 Archilochus
2206 1551 2265 1633 9,
2313 1550 2351 1615 8
2401 1550 2578 1636 dicit,
2627 1553 2968 1617 invenitur.

1202 1724 1267 1811 b)
1290 1801 1294 1805 .
1318 1725 1428 1789 De
1474 1725 1947 1812 temporibus
1996 1723 2423 1789 verborum.

625 1849 717 1914 Ut
761 1874 800 1915 a
843 1859 1133 1934 tempore
1177 1849 1570 1934 praesenti
1617 1850 1868 1911 initium
1916 1848 2189 1933 capiam,
2235 1849 2641 1913 notissimum
2689 1858 2786 1912 est
2819 1850 2975 1913 satis
3007 1849 3210 1913 multa

418 1953 625 2018 verba
657 1956 789 2019 vim
819 1954 1092 2039 perfecti
1124 1953 1366 2018 habere
1397 1974 1606 2037 posse.
1665 1954 1848 2017 cuius
1887 1975 2043 2016 usus
2087 1955 2282 2017 etiam
2323 1954 2384 2016 in
2430 1954 2670 2037 elegeis
2710 1953 3012 2039 exempla
3050 1976 3206 2017 non-

418 2058 594 2123 nulla
629 2067 873 2123 extant.
921 2068 1114 2142 atque
1160 2079 1288 2121 non
1337 2058 1541 2122 solum
1572 2061 1745 2146 ἥκειν
1776 2056 2094 2141 (Theogn.
2130 2056 2307 2140 819),
2340 2056 2644 2139 οἴχεσθαι
2675 2057 2924 2144 (1297),
2957 2062 3208 2144 φεύγειν

420 2161 621 2248 (1290
653 2163 767 2248 (ὥς
794 2161 1199 2250 ποτέφασιν)
1341 2161 1619 2249 φεύγειν)
1666 2164 2099 2246 reperiuntur,
2149 2183 2316 2246 quae
2360 2163 2601 2247 passim
2656 2164 2749 2225 sic
2795 2172 3205 2247 usurpantur,

422 2266 536 2330 sed
570 2268 765 2330 etiam
799 2270 1099 2356 θνῄσκων
1130 2266 1288 2331 Call.
1328 2267 1382 2348 1,
1422 2266 1499 2329 18
1522 2287 1616 2350 sq.
1650 2266 1784 2352 λαῷ
1817 2270 1930 2351 γὰρ
1962 2267 2284 2351 σύμπαντι
2315 2267 2535 2345 πόθος
2563 2269 3067 2354 κρατερόφρονος
3097 2269 3206 2332 ἀν-

422 2372 567 2457 δρὸς
595 2376 603 2453 Ι
632 2374 1038 2458 θνῄσκοντος,
1066 2379 1139 2435 ut
1170 2370 1365 2457 Soph.
1393 2370 1555 2436 Oed.
1586 2371 1661 2435 R.
1701 2369 1821 2433 118
1872 2373 2220 2457 θνῄσκουσι
2253 2375 2368 2455 γὰρ
2397 2372 2562 2458 πλὴν
2591 2360 2684 2449 εἷς
2711 2396 2810 2451 τις
2855 2381 2919 2435 et
2962 2371 3201 2435 Herod.

421 2476 558 2540 IIII
593 2475 716 2539 190
761 2479 1097 2542 θάπτουσι
1143 2476 1214 2542 δὲ
1258 2482 1404 2554 τοὺς
1449 2478 1985 2564 ἀποθνῄσκοντας
2030 2469 2093 2541 οἳ
2137 2475 2408 2560 νομάδες
2452 2478 2737 2562 κατάπερ
2783 2470 2847 2541 οἱ
2876 2470 3203 2564 ’Ἐλληνεςς

423 2590 712 2645 ceterum
759 2580 844 2644 cf.
893 2578 1160 2663 Bergkii
1206 2580 1422 2645 adnot.

629 2684 1176 2770 Imperfectum
1228 2706 1717 2769 nonnumquam
1767 2685 2079 2769 respectis
2132 2684 2272 2748 aliis
2324 2682 2537 2767 rebUS,
2595 2706 2760 2769 quae
2814 2684 2900 2750 ad
2950 2694 3206 2769 tempus

420 2790 837 2876 praeteritum
904 2790 1255 2874 pertinent,
1314 2798 1689 2873 usurpatur,
1760 2789 1880 2853 etsi
1949 2810 2054 2853 res
2123 2810 2239 2873 per
2307 2811 2615 2874 praesens
2686 2790 2879 2853 etiam
2952 2798 3207 2875 tempus

423 2895 643 2975 durat3
698 2892 779 2957 cf.
833 2892 1133 2977 Krueger
1165 2891 1277 2957 Gr.
1318 2914 1414 2976 gr.
1456 2892 1561 2975 53,
1601 2893 1660 2975 2,
1701 2893 1761 2955 4.
1815 2914 1940 2977 quo
1978 2902 2228 2979 spectat
2274 2892 2564 2977 Theogu.
2600 2893 2831 2979 787sq.
2875 2890 3016 2960 ἀλλ’
3035 2896 3211 2973 οὔτις

420 3022 531 3083 μοι
584 2995 812 3084 τέρψις
866 2995 979 3062 ἐπὶ
1034 2995 1267 3084 φρένας
1320 2994 1520 3085 ἦλθεν
1571 2994 1827 3062 ἐκείνων
1846 3017 1859 3030 ·
1910 2998 1918 3082 Ι
1967 3000 2167 3075 οὕτως
2218 2996 2404 3062 οὐδὲν
2454 2993 2556 3082 ἄρ’
2593 2995 2669 3080 ἦν
2711 2996 3009 3085 φίλτερον
3052 3000 3209 3065 ἄλλο

420 3106 685 3191 πάτρης.
762 3102 1050 3165 similiter
1105 3103 1456 3187 comparati
1513 3110 1661 3165 sunt
1716 3102 1841 3165 duo
1895 3101 2000 3165 alii
2055 3100 2197 3185 loci,
2254 3100 2366 3165 ubi
2421 3104 2754 3166 enuntiata
2805 3103 3079 3167 relativa
3123 3104 3212 3168 ad

424 3205 794 3291 exemplum
861 3227 1081 3270 eorum
1150 3206 1549 3270 conformata
1618 3214 1796 3288 sunt,
1864 3227 1905 3269 a
1963 3205 2198 3290 quibus
2266 3205 2578 3291 pendent,
2649 3206 2778 3270 665
2809 3227 2900 3292 sq.
2969 3208 3030 3272 εἰ
3095 3206 3215 3292 μὲν

422 3306 688 3400 χρήματ’
727 3306 939 3393 ἓγοιμι
992 3308 1104 3394 (de
1151 3310 1272 3373 hae
1318 3311 1557 3393 protasi
1607 3309 1689 3372 cf.
1744 3308 2007 3393 Bergkii
2052 3307 2253 3396 nota),
2304 3361 2318 3375 .
2353 3360 2368 3375 .
2405 3360 2419 3375 .
2448 3362 2462 3390 ‚
2519 3298 2628 3376 οἷά
2679 3334 2801 3395 περ
2850 3312 2992 3401 ᾔδη,
3034 3310 3044 3395 Ι
3096 3316 3216 3377 οὐκ

421 3415 498 3479 ἂν
542 3415 821 3500 ἀνιώμην
880 3422 943 3477 et
1003 3412 1130 3477 905
1163 3433 1299 3498 sqq.
1355 3414 1416 3479 εἰ
1467 3415 1581 3499 μὲν
1624 3417 1741 3498 γὰρ
1793 3414 2080 3479 κατιδεῖν
2121 3416 2349 3496 βιότου
2393 3411 2572 3493 τέλος
2614 3412 2707 3503 ἦν,
2763 3414 3008 3481 ὁπόσον
3051 3439 3154 3495 τις
3205 3418 3213 3504 Ι

421 3513 637 3606 ἤμελλ’
667 3515 996 3595 ἐκτελέσας
1040 3518 1134 3596 εἰς
1175 3512 1401 3584 ,Ἀίδαο
1445 3526 1668 3602 περᾶν,
1711 3518 1720 3603 Ι
1759 3518 1928 3596 εἰκὸς
1971 3518 2048 3583 ἂν
2091 3516 2186 3605 ἦν,
2232 3516 2304 3596 ὃς
2346 3520 2460 3602 μὲν
2503 3516 2706 3584 πλείω
2755 3527 2977 3605 χρόνον
3021 3512 3219 3586 αἶσαν

339 3647 342 3650 ·
422 3618 694 3707 ἔμιμνεν,
744 3620 753 3707 Ι
807 3609 1158 3709 φείδεσθαι
1210 3622 1451 3707 μᾶλλον
1501 3633 1727 3688 τοῦτον
1779 3621 1854 3688 ὃν
1904 3614 2034 3704 εἶχε
2077 3621 2242 3706 βίον.
2314 3645 2502 3708 porro
2559 3624 2641 3687 de
2686 3646 2788 3703 re,
2825 3646 3017 3709 quam
3065 3627 3214 3710 quis

423 3729 707 3813 suscepit
754 3747 965 3812 neque
1005 3735 1220 3791 tamen
1265 3728 1534 3813 peregit,
1576 3727 2029 3812 imperfectum
2070 3726 2268 3792 semel
2306 3737 2672 3815 usurpatur,
2720 3728 3010 3814 Theogn.
3039 3730 3216 3793 1290

424 3826 550 3916 ἔργ’
575 3828 879 3897 ἀτέλεστα
920 3828 1106 3913 τέλει,
1153 3840 1226 3896 ut
1263 3833 1392 3896 iam
1422 3832 1597 3917 apud
1629 3832 2004 3914 Homerum,
2051 3832 2230 3923 velut
2266 3832 2303 3896 λ
2348 3832 2476 3896 322
2488 3855 2624 3918 sqq.
2666 3836 2740 3922 ἣν
2767 3857 2932 3900 ποτε
2970 3836 3219 3924 Θησεὺς

426 3937 433 4018 Ι
471 3985 485 3999 .
520 3983 535 4000 .
570 3986 584 4000 .
622 3934 628 4020 Ι
676 3933 783 4022 ἦγε
830 3932 963 4020 μέν,
1010 3931 1145 4002 οὐδ’
1174 3937 1480 4023 ἀπόνητο,
1528 3941 1735 4021 πάρος
1780 3934 1854 4003 δέ
1897 3961 2008 4022 μιν
2049 3929 2357 4022 ’Ἀρτεμις
2399 3932 2572 4004 ἔκτα.

630 4038 769 4103 Iam
815 4048 888 4102 ut
932 4038 1014 4102 de
1067 4042 1351 4104 aoristo
1398 4061 1686 4124 agamus,
1744 4040 1812 4103 id
1868 4039 2042 4125 quod
2095 4050 2329 4105 natura
2383 4044 2740 4107 carminum
2786 4043 3015 4108 horum
3061 4043 3213 4125 fert,

422 4145 795 4227 saepissime
850 4144 904 4207 is
949 4144 1015 4207 in
1062 4145 1392 4208 sententiis
1437 4145 1852 4229 generalibus
1898 4144 2265 4210 adhibetur.
2344 4148 2526 4210 cuius
2581 4149 2675 4211 rei
2729 4157 2804 4212 ut
2844 4147 3212 4213 luculentis·

423 4249 657 4311 simum
702 4248 994 4312 adferam
1040 4250 1429 4334 exemplum,
1475 4248 1766 4334 Theogn.
1802 4250 1923 4313 661
1955 4270 2090 4335 sqq.
2124 4248 2387 4334 legitur:
2433 4250 2543 4318 καὶ
2585 4252 2822 4341 πρῆξαι
2865 4251 3086 4339 μέντοι
3115 4275 3213 4318 τι·

420 4350 529 4417 καὶ
573 4352 643 4416 ἐκ
687 4364 883 4418 κακοῦ
925 4352 1166 4419 ἐσθλὸν
1208 4348 1438 4439 ἔγεντο,
1482 4357 1489 4439 Ι
1526 4354 1637 4420 καὶ
1693 4358 1889 4421 κακὸν
1947 4354 2018 4432 ἐξ
2070 4358 2349 4440 ἀγαθοῦ·
2404 4353 2514 4422 καί
2565 4381 2636 4422 τε
2681 4361 2977 4442 πενιχρὸς
3021 4361 3172 4445 ἀνὴρ
3205 4358 3211 4444 Ι

421 4448 592 4543 αἶψα
621 4453 770 4542 μάλ’
788 4457 1169 4547 ἐπλούτησε·
1213 4457 1323 4523 καὶ
1360 4456 1432 4537 ὃς
1468 4458 1639 4543 μάλα
1670 4458 1884 4525 πολλὰ
1913 4456 2226 4541 πέπαται,
2267 4462 2277 4542 Ι
2316 4458 2619 4549 ἐξαπίνης
2659 4457 2852 4527 πάντ’
2874 4458 2984 4528 οὖν
3013 4463 3214 4528 ὤλεσε

420 4560 596 4627 νυκτὶ
624 4570 759 4651 μιῇ.
802 4565 809 4644 Ι
848 4561 957 4629 καὶ
985 4567 1258 4651 σώφρων
1286 4566 1543 4653 ἥμαρτε,
1587 4562 1699 4629 καὶ
1743 4565 1976 4652 ἄφρονι
2019 4565 2295 4631 πολλάκι
2342 4564 2499 4643 δόξα
2537 4564 2547 4644 Ι
2583 4564 2842 4649 ἕσπετο,
2887 4565 2998 4633 καὶ
3025 4577 3216 4655 τιμῆς

3261 4830 3388 5031 (Δ
