3392 5067
1475 217 1536 281 147

242 408 288 473 Ut
314 407 379 471 iam
405 408 449 472 ad
476 409 677 491 genetivum,
708 429 772 493 quo
800 417 936 478 auctor
962 409 1009 471 rei
1036 407 1172 471 alicuius
1199 406 1407 491 significatur,
1436 416 1538 471 trans-

138 534 220 593 eam,
249 512 367 595 dignus
397 520 447 576 est
473 514 528 597 qui
557 523 824 577 commemoretur
845 510 1121 597 Theogn.v.185
1143 520 1241 600 γῆμαι
1263 512 1298 577 δὲ
1320 517 1417 601 νακην
1439 524 1539 578 κακοῦ

138 619 174 682 οὐ
197 614 384 701 μολιάαίνει,
407 616 464 680 ubi
486 616 553 681 filia
576 617 617 680 de
641 616 736 702 plebe
760 616 899 682 hominis
921 616 1128 701 intellegitur.
1175 617 1227 679 eui
1254 615 1324 680 loeo
1347 616 1458 681 similis
1484 640 1537 681 ne-

139 741 201 804 que
228 722 261 784 in
289 720 410 805 elegeis
437 729 527 785 extat
553 742 659 805 neque
686 722 776 806 apud
798 720 988 803 Homerum,
1016 722 1077 784 nisi
1101 719 1187 806 quod
1214 719 1267 784 hic
1295 742 1537 807 nonnumquam
1614 716 1615 721 ’

137 848 158 889 a
172 825 301 888 nomine
320 828 450 911 proprio
464 826 566 909 patris
586 847 702 890 nomen
723 826 785 889 hoc
808 826 904 890 modo
925 825 1070 909 pendens
1090 824 1181 889 facit:
1197 820 1328 913 Ὀιλῆος
1342 826 1539 908 ταχὺςΑίάς

138 928 183 1016 (Β
197 928 286 1015 527).
331 929 408 994 iem
431 929 509 993 talia
530 928 572 994 ab
595 937 732 1014 utroque
755 932 862 1017 poesis
885 950 1005 1014 genere
1028 929 1157 1011 absunt,
1182 928 1276 1015 quale
1299 938 1348 993 est
1369 930 1446 995 Eur.
1467 931 1535 994 Ion.

141 1032 223 1097 1286
245 1028 315 1120 κᾷτ’
338 1028 465 1112 ἔκτανες
487 1040 525 1098 σὺ
548 1037 728 1121 φαρμάκοις
748 1038 804 1100 τὸν
826 1045 884 1100 τοῦ
906 1040 995 1100 θεοῦ.

242 1137 294 1200 De
316 1140 468 1222 genetivo
490 1140 725 1224 possessivo,
750 1147 909 1225 quantum
932 1138 974 1203 ad
996 1139 1186 1225 pronomina
1207 1139 1365 1203 reflexiva
1387 1142 1536 1225 pertinet,

138 1243 215 1307 setis
238 1240 343 1307 habeo
366 1244 409 1307 ad
432 1265 471 1307 ea
493 1243 648 1327 relegare,
672 1266 756 1330 quae
779 1266 879 1330 supra
902 1244 1028 1330 prolata
1051 1252 1132 1308 sunt.
1175 1245 1401 1331 pronominum
1429 1254 1538 1310 autem
1607 1298 1608 1301 η

136 1346 355 1433 personalium
382 1350 568 1431 genetivum
595 1350 757 1413 rarissime
784 1351 817 1413 in
845 1349 965 1433 elegeis
993 1357 1105 1413 extare
1132 1347 1430 1434 animadvertimus,
1463 1371 1537 1414 eum

136 1461 252 1537 poetae
278 1462 335 1516 aut
357 1451 491 1516 Homeri
515 1452 701 1538 exemplum
728 1454 831 1517 secuti
856 1453 965 1517 dativo
994 1452 1155 1517 commodi
1177 1462 1233 1517 aut
1255 1455 1443 1538 pronomine
1466 1477 1537 1539 pos·
1595 1472 1597 1475 ·

137 1558 260 1621 sessivo
290 1557 337 1620 uti
366 1556 499 1621 soleant.
538 1556 599 1621 loci
629 1566 748 1639 autem,
780 1559 836 1641 qui
868 1558 932 1621 huo
962 1556 1099 1641 faciunt,
1130 1556 1163 1620 hi
1191 1566 1278 1621 sunt:
1303 1557 1447 1642 Theogn.
1472 1558 1533 1622 377

136 1669 207 1741 πῶς
230 1662 346 1749 δήσειν
369 1710 377 1727 .
398 1712 435 1727 ..
462 1661 566 1748 τολμᾷ
587 1662 672 1742 νόος,
704 1660 767 1723 969
776 1681 823 1746 sq.
852 1658 930 1745 πρίν
952 1682 1009 1726 σου
1036 1663 1118 1725 κατὰ
1144 1664 1251 1726 πάντα
1278 1662 1392 1749 δαῆναι
1417 1663 1534 1749 litteo.

137 1766 180 1830 ad
208 1787 288 1852 quos
318 1765 477 1830 accedere
507 1774 585 1850 puto
611 1764 675 1829 516
707 1776 763 1830 σεῦ
783 1762 878 1852 φίλος
904 1764 957 1845 ὤν,
989 1763 1046 1828 ubi
1076 1764 1230 1829 Leutsch.
1258 1765 1340 1831 Phil.
1367 1768 1538 1833 XXVIIII

137 1870 200 1934 669
230 1892 403 1956 perperam
433 1868 511 1933 mihi
543 1864 597 1935 σοί
626 1871 802 1934 coniecisse
829 1867 969 1934 videtur.
1016 1891 1093 1932 nam
1127 1892 1202 1935 oum
1232 1872 1265 1933 in
1295 1870 1415 1956 elegeis
1444 1872 1538 1961 φίλος

137 1996 235 2060 saepe
269 1996 333 2038 non
368 1997 407 2039 ea
437 1976 485 2056 vi,
515 1996 613 2059 quam
642 1973 730 2059 apud
757 1974 937 2039 Homerum
967 1972 1088 2037 habere
1119 1973 1213 2056 solet,
1249 1975 1321 2045 dico
1350 1978 1417 2041 vim
1446 1977 1537 2042 latini

137 2079 272 2163 ‘carus’,
300 2081 493 2143 instructum
520 2079 572 2158 sit,
602 2078 660 2142 sed
687 2076 784 2142 latino
809 2078 951 2142 ‘amicus'
975 2077 1178 2163 respondeat,
1208 2088 1352 2161 nonest,
1382 2102 1538 2145 curcum

137 2183 340 2248 substantivo
363 2182 457 2271 φίλος
478 2183 650 2265 genetivus
672 2204 737 2246 non
761 2184 984 2265 coniungatur.

242 2287 407 2373 Superest,
431 2296 468 2351 ut
489 2287 601 2372 paucis
625 2288 646 2349 ii
671 2289 931 2372 perstringantur
953 2287 1024 2370 loci,
1047 2286 1164 2371 quibus
1187 2287 1229 2352 ab
1253 2288 1367 2352 eodem
1390 2288 1536 2354 substan·

136 2394 205 2457 tivo
229 2391 307 2456 bina
329 2390 433 2456 verba'
458 2391 610 2478 pendent.
657 2393 712 2475 qui
739 2393 784 2454 ita
811 2390 998 2475 explicandi
1022 2399 1104 2468 sunt,
1129 2401 1165 2454 ut
1192 2391 1328 2467 alterurn
1350 2395 1537 2484 genetivum

138 2518 212 2561 erun
239 2496 442 2560 substantivo
469 2505 633 2580 tamquam
661 2497 693 2558 in
717 2518 816 2560 unum
841 2497 927 2559 coire
951 2505 983 2558 et
1005 2495 1082 2559 inde
1105 2493 1242 2559 alterum
1263 2496 1406 2581 pendere
1432 2519 1536 2561 suma-

137 2623 218 2665 mus.
264 2600 328 2664 huc
355 2602 453 2683 igitur
483 2610 630 2684 spectant
659 2599 811 2685 Xenoph.
834 2598 865 2680 2,
892 2597 930 2661 18
959 2602 1065 2687 ῥώμης
1084 2592 1155 2664 ὅσα
1167 2600 1289 2685 ἀνδρῶν
1308 2595 1371 2686 ἕρμ’
1383 2601 1417 2667 ἐν
1440 2605 1538 2684 ἀγῶνι

135 2704 229 2772 πέλει
248 2692 292 2766 ¹et
318 2704 430 2769 Mimn.
460 2704 510 2786 14,
537 2704 614 2787 bsq.
649 2713 706 2768 τοῦ
735 2705 793 2787 μὲν
822 2698 873 2788 άρ)
892 2702 1010 2768 οίίποτε
1039 2707 1178 2787 πάμπαν
1208 2702 1377 2792 ἐμέμψατο
1406 2707 1538 2783 Παλλάς

137 2805 284 2898 ἈθήνηΙ
310 2809 403 2894 δριμὺ
426 2806 519 2892 μένος
540 2804 678 2894 κραδίης.

241 2913 294 2977 Ex
324 2912 547 2995 adieetivis,
576 2933 658 2996 quae
689 2910 753 2976 hue
780 2911 954 2975 referenda
982 2920 1065 2992 sunt,
1097 2910 1197 2975 multa
1225 2911 1380 2996 paulatim
1408 2912 1538 2977 demum

137 3039 198 3081 usu
224 3025 357 3103 recepta
379 3026 463 3101 sunt,
494 3018 540 3079 ita
567 3025 603 3079 ut
628 3038 691 3079 non
719 3038 825 3101 pauca
851 3014 939 3100 apud
962 3015 1141 3080 Homerum
1168 3016 1311 3081 nondum
1339 3026 1464 3097 extent3
1496 3019 1536 3081 of.

137 3123 289 3207 Krueger
311 3121 364 3186 Di.
389 3121 441 3205 47,
465 3120 516 3186 26.
555 3122 631 3184 item
655 3121 686 3183 in
711 3121 830 3205 elegeis
854 3141 959 3205 pauca
981 3119 1198 3184 inveniuntur.
1243 3120 1299 3184 sed
1323 3128 1431 3185 tamen
1454 3121 1539 3185 inter

138 3229 283 3291 earmina
311 3226 473 3291 homerica
500 3235 532 3288 et
559 3224 703 3309 elegiaca
733 3223 806 3288 ideo
832 3223 968 3288 multum
999 3225 1142 3305 interest,
1171 3224 1258 3308 quod
1284 3246 1348 3289 uno
1376 3224 1537 3290 adiectivo

138 3340 275 3417 excepto
306 3330 431 3415 reliqua
460 3329 547 3415 apud
575 3329 752 3393 Homerum
784 3337 840 3393 aut
868 3329 996 3393 omnino
1027 3349 1090 3392 non
1120 3327 1273 3411 leguntur
1303 3338 1358 3393 aut
1388 3332 1538 3413 genetivo

139 3443 258 3501 carent.
305 3456 476 3499 commune
499 3443 532 3499 et
554 3434 629 3497 huie
658 3443 691 3497 et
716 3433 779 3497 illis
806 3442 856 3496 est
886 3432 974 3511 άξιος
997 3430 1076 3496 Oall.
1102 3433 1129 3514 l,
1153 3432 1194 3495 21
1223 3431 1307 3518 ἕρδοι
1330 3437 1387 3517 γάρ
1409 3434 1538 3499 πολλῶν

137 3540 214 3619 άξια
229 3550 345 3626 μοῦνος
359 3540 429 3620 ἐών,
453 3538 509 3603 ubi
531 3538 564 3602 id
585 3536 722 3602 verbum
742 3538 828 3601 idem
850 3537 938 3601 valet
957 3546 1054 3622 etque
1075 3535 1231 3617 ἀντάξιος,
1254 3559 1352 3622 quam
1368 3537 1434 3600 vim
1449 3538 1538 3622 apud

138 3645 330 3730 Homerum,
362 3644 560 3729 ubicumque
587 3645 759 3727 genetivus
782 3644 936 3727 sequitur,
961 3641 1070 3723 habet,
1095 3649 1126 3703 et
1149 3641 1295 3724 Theogn.
1322 3641 1386 3705 456
1409 3643 1537 3720 οὐδενὸς

138 3750 237 3830 άξιος.
276 3759 389 3814 contra
420 3749 536 3814 desunt
569 3748 657 3835 apud
687 3747 867 3813 Homerum
896 3748 1038 3832 itemque
1061 3745 1148 3832 apud
1169 3745 1359 3826 Hesiodum,
1383 3744 1539 3829 leguntur

138 3857 172 3921 in
188 3855 307 3940 elegeis
323 3852 495 3933 ἀντίτυπος
512 3850 671 3938 (πίστιος)
690 3852 835 3934 Theogn.
848 3850 932 3914 1244
948 3847 1083 3935 (Aeseh.
1101 3849 1189 3935 Sept.
1208 3847 1271 3913 508
1287 3852 1342 3913 τὸν
1355 3852 1433 3929 Διὸς
1448 3848 1537 3915 ἀντί-

138 3959 264 4046 τυπον),
287 3961 419 4045 ίίπειρος
439 3957 581 4042 (ἄθλων)
606 3956 685 4021 ibid.
710 3956 803 4032 1013,
827 3957 943 4040 μεστός
959 3953 1180 4040 (εὐφροσύνης)
1210 3952 1360 4040 Xenoph.
1381 3954 1408 4036 l,
1425 3954 1455 4035 4,
1480 3977 1537 4039 pro

139 4086 203 4149 quo
225 4062 271 4127 illi
295 4063 406 4141 πλεῖος
422 4061 544 4143 dicunt,
568 4063 733 4147 φθονερός,
758 4058 845 4145 quod
869 4059 1011 4145 primum
1030 4056 1174 4140 Theogn.
1195 4056 1258 4120 770
1280 4056 1408 4141 legitur.
1444 4078 1537 4140 gene-

138 4170 206 4233 tivo
220 4177 330 4233 autem
346 4167 503 4230 instructa
519 4174 593 4230 sunt
613 4167 646 4229 in
662 4164 792 4248 elegeis,
809 4172 922 4227 carent
937 4184 974 4226 eo
991 4160 1078 4246 apud
1094 4160 1272 4225 Homerum
1288 4200 1329 4207 —
1345 4160 1388 4225 ab
1404 4159 1537 4224 Hesiodi

140 4272 338 4338 carminibus
354 4270 461 4335 aliena
476 4279 550 4333 sunt
565 4307 608 4316 —
624 4269 703 4333 duo:
726 4268 828 4347 αἴτιος
853 4267 945 4354 (άτης
967 4265 1021 4331 καί
1043 4264 1186 4352 κέρδεος)
1212 4264 1356 4350 Theogn.
1382 4265 1443 4329 133
1468 4266 1537 4349 (ro-

140 4401 198 4444 σον
212 4377 315 4457 αίτιος
332 4374 438 4442 (1275
455 4385 486 4439 et
499 4374 572 4459 370,
589 4375 629 4441 od
640 4399 672 4439 τι
685 4377 723 4439 Α
738 4372 812 4455 153;
831 4374 871 4436 of.
887 4370 1032 4455 Theogn.
1046 4370 1108 4434 407
1125 4371 1187 4454 ἐγώ
1200 4369 1235 4437 δέ
1246 4393 1297 4436 τοι
1313 4369 1414 4449 αίτιος
1429 4368 1520 4435 οὐδέν
1517 4371 1535 4453 l

139 4493 173 4547 et
201 4484 351 4569 καρτερός
379 4479 457 4545 ibid.
478 4479 542 4543 479
556 4502 602 4565 sq.
626 4477 662 4557 ὃς
685 4474 772 4558 δ’,άν
793 4476 975 4563 ὑπερβάλλῃ
999 4478 1115 4554 πόσιος
1137 4473 1262 4562 μέτρον,
1285 4472 1390 4541 οὐκέτι
1411 4478 1514 4551 κεῖνος
1532 4474 1535 4558 l

140 4597 196 4674 τῆς
218 4592 316 4652 αὐτοῦ
337 4586 481 4671 γλώσσης
502 4587 650 4670 καρτερὸς
673 4583 747 4648 οὐδὲ
768 4584 852 4647 νόου.
898 4601 961 4664 quo
983 4579 1054 4644 loeo
1076 4580 1237 4665 καρτεράς,
1260 4589 1297 4642 ut
1318 4578 1454 4642 Theocr.
1472 4578 1537 4641 XV

1333 4683 1382 4735 10*
