3392 5067
1475 239 1536 302 277

144 431 317 514 pertinent,
340 430 507 495 Kuehneri
531 431 747 515 explicatione
759 432 780 515 ¹)
804 431 1022 514 expediuntur
1038 433 1108 494 sive
1130 431 1212 495 haec
1235 430 1410 515 explicatio
1425 452 1445 493 a
1460 432 1537 494 viris

145 533 248 597 doctis
278 545 392 619 poetae
422 534 554 598 obtrusa
583 544 641 616 est,
674 544 760 598 certe
791 546 897 621 poeta,
928 556 1024 619 quem
1051 538 1085 598 in
1108 544 1243 599 externa
1271 543 1398 599 tantum
1427 556 1538 598 rerum

146 638 253 723 speeie
277 641 400 703 versari
422 639 572 717 vidimus,
602 642 647 703 ita
670 639 800 703 dualem
824 662 882 725 pro
913 640 1030 723 plurali
1053 638 1209 702 adhibere
1232 640 1346 724 potuit,
1377 648 1414 702 ut
1436 638 1537 702 Zeno-

145 742 238 805 dotus
262 743 391 807 dualem
414 752 446 807 et
473 742 631 829 pluralem
655 746 836 829 promiscue
860 744 1014 808 habuisse
1035 743 1166 807 videtur
1196 743 1355 807 Merkelio
1378 741 1536 828 (prolegg.

145 847 175 909 in
201 847 306 933 Apoll.
331 871 362 933 p.
379 846 483 934 Olli).
514 858 546 912 et
568 870 683 912 revera
710 848 839 913 dualem
861 850 908 912 ita
930 848 1113 912 adhibitum
1136 868 1206 910 esse
1228 847 1427 931 temporibus
1449 846 1537 911 haud

143 951 238 1035 longe
265 953 306 1016 ab
330 952 472 1017 Homero
495 953 626 1016 remotis
648 952 785 1037 adparet
809 976 851 1017 ex
872 951 985 1037 hymn.
1010 954 1041 1014 in
1067 951 1173 1036 Apoll.
1198 974 1228 1016 v.
1246 951 1319 1033 456,
1344 952 1385 1014 de
1409 973 1471 1036 quo
1494 952 1535 1016 cf.

145 1054 295 1120 Gemollii
325 1056 581 1137 adnotationem3
612 1066 778 1140 praeterea
805 1054 1068 1138 cf.Theocr.25‚
1087 1055 1157 1133 137,
1183 1043 1288 1139 Apoll.
1305 1054 1410 1119 Rhod.
1431 1055 1448 1118 I
1464 1054 1536 1137 384,

143 1160 177 1223 Π
200 1158 272 1241 667,
296 1158 480 1247 1112062).
506 1163 621 1226 summi
644 1170 751 1224 autem
775 1162 808 1224 in
831 1161 893 1225 hac
916 1182 951 1223 re
974 1160 1127 1224 momenti
1151 1168 1199 1222 est
1221 1158 1303 1243 Arg.
1319 1182 1350 1222 v.
1369 1158 1433 1222 820
1454 1162 1537 1245 φρά-

142 1263 241 1345 ζετον,
272 1262 388 1343 οἵτινές
409 1265 491 1345 ἐστε,
522 1265 578 1329 ubi
601 1265 715 1329 eodem
738 1266 834 1329 modo
866 1266 959 1329 metri
983 1287 1092 1350 eausa,
1123 1274 1159 1327 ut
1181 1264 1320 1346 videtur,
1352 1262 1455 1327 dualis
1477 1285 1536 1347 pro

142 1368 258 1453 plurali
282 1370 404 1453 positus
428 1379 491 1451 est3
521 1369 561 1434 cf.
587 1391 616 1433 v.
634 1369 707 1450 351,
734 1369 826 1433 1091.
873 1391 1010 1455 magnae
1033 1391 1111 1433 vero
1142 1370 1287 1432 oriuntur
1317 1366 1535 1447 difficultates,

142 1474 168 1535 si
191 1474 386 1557 quaerimus,
412 1494 495 1559 quae
516 1475 665 1560 apodosis
682 1476 723 1538 sit
738 1474 926 1539 verborum:
951 1475 988 1537 ‘si
1005 1472 1142 1538 Colchos
1166 1474 1312 1558 aggressi
1334 1472 1422 1535 sitis'.
1447 1480 1536 1535 recte

143 1575 279 1641 Abelius
306 1576 471 1663 profectus
495 1600 565 1642 esse
588 1579 718 1643 videtur
741 1602 760 1642 a
783 1581 944 1664 scriptura
970 1576 1064 1664 μένος
1093 1578 1218 1663 ἄνδρας.
1264 1576 1427 1640 adsentior
1450 1577 1536 1638 enim

141 1680 330 1746 Hermanno
360 1682 442 1747 haec
473 1682 653 1747 adnotanti:
700 1684 833 1769 ‘dudonis
863 1684 1063 1768 seripserunt
1091 1683 1224 1769 quidam
1253 1682 1386 1764 librarii,
1418 1679 1536 1764 quibus

141 1784 305 1849 homerica
328 1787 488 1871 quaedam
512 1797 587 1851 ante
611 1789 754 1857 animum
779 1787 1058 1853 obversabantur!
1084 1799 1196 1852 contra
1219 1785 1396 1873 quomodo
1420 1785 1536 1867 ἄνδρας

142 1898 248 1954 ortum
282 1892 322 1954 sit
355 1893 417 1955 nisi
452 1914 469 1955 e
501 1900 551 1955 sat
579 1891 667 1956 felici
697 1894 884 1957 coniectura
913 1914 979 1955 non
1001 1892 1106 1955 video.
1153 1892 1238 1976 quod
1263 1893 1289 1954 si
1312 1891 1394 1953 haec
1416 1888 1532 1952 verba:

142 1991 346 2081 ἀποφθίσειν
367 1993 461 2079 μένος
482 1996 599 2082 ἄνδρας
622 1997 845 2080 coniungimus
870 2017 943 2060 cum
966 1990 1118 2071 ituraea,
1143 1995 1197 2058 hic
1214 1995 1321 2059 evadit
1345 2015 1473 2057 sensus:
1498 1993 1535 2055 ‘si

143 2097 280 2162 Colchos
296 2098 441 2183 adgressi
457 2101 555 2184 eritis,
580 2099 732 2164 confidite
756 2099 979 2164 fortitudinem
1000 2099 1087 2163 illam
1104 2099 1188 2162 viros
1204 2120 1275 2162 esse
1291 2097 1533 2162 confecturam'.

142 2201 336 2286 quibuscum
358 2214 433 2291 apte
457 2205 595 2269 conferri
625 2215 733 2291 potest
761 2207 851 2271 locus
882 2205 1064 2269 homericus
1095 2209 1127 2268 Z
1145 2202 1207 2267 407
1241 2204 1394 2286 δαιμόνιε,
1417 2198 1536 2289 φθίσει

89 2368 91 2372 .
142 2326 178 2371 σε
200 2309 237 2370 τὸ
260 2310 317 2372 σὸν
339 2307 440 2392 μένος.
449 2309 475 2393 ³)
521 2310 579 2373 sed
602 2311 679 2397 quid
703 2320 774 2375 turn
796 2310 952 2396 proximis
976 2308 1085 2372 verbis
1108 2306 1279 2371 faciemus:
1318 2308 1360 2386 ὥς
1380 2331 1434 2371 κεν
1456 2306 1536 2392 ἀδή-

142 2434 230 2496 ριτον
251 2410 343 2497 γέρας
365 2408 493 2479 ἔσσεται
515 2417 587 2499 ὑμῖν
607 2415 611 2499 l
630 2422 715 2494 κῶας
737 2412 938 2500 ἀειραμένους
962 2412 1042 2479 ἰέναι
1062 2415 1142 2497 πρὸς
1163 2409 1306 2497 πατρίδα
1321 2416 1422 2495 γαῖαν.
1456 2408 1535 2473 nihil

142 2514 229 2579 aliud
258 2517 434 2599 significari
461 2526 567 2604 potest
593 2520 631 2580 iis
655 2540 751 2602 quam
775 2518 859 2603 quod
884 2517 1034 2603 Heynius
1057 2515 1106 2580 his
1128 2515 1238 2579 verbis
1262 2516 1435 2600 expressit:
1475 2516 1534 2578 ‘ita

142 2620 275 2683 tandem
297 2620 389 2686 vobis
412 2620 523 2685 licebit
545 2620 745 2706 ἀειραμένους
766 2620 859 2708 γέρας
880 2623 1040 2709 ἀδήριτον,
1063 2630 1157 2700 κῶας,
1182 2618 1282 2687 ἰέναι.
1300 2670 1308 2684 .
1325 2620 1343 2685 .’
1375 2620 1432 2683 sed
1454 2618 1536 2682 illud

142 2722 235 2809 γέρας
256 2746 462 2810 nequaquam
486 2727 554 2789 sine
579 2729 754 2791 certamine
778 2738 1000 2812 comparatum
1024 2727 1093 2789 erit.
1133 2724 1346 2788 Schubertius
1370 2746 1457 2807 sane,
1482 2726 1536 2810 qui

143 2850 202 2913 pro
226 2830 269 2907 ὥς
290 2851 343 2894 κεν
358 2832 502 2914 reposuit
524 2835 560 2895 οὐ
582 2833 650 2915 γάρ,
675 2831 759 2894 hano
776 2830 1000 2894 difficultatem
1024 2828 1165 2910 sustulit3
1191 2829 1249 2892 sed
1271 2829 1305 2892 id
1322 2838 1537 2893 commentum

143 2934 230 3015 omni
260 2933 489 3018 probabilitate
521 2934 710 2997 destitutum
742 2955 812 2997 esse
835 2933 975 2998 videtur.
1021 2932 1183 2996 Huschkii
1212 2934 1406 3013 coniectura,
1439 2955 1537 3017 quam

141 3036 238 3099 illel.
263 3060 287 3100 s.
313 3060 340 3101 c.
365 3061 396 3124 p.
416 3037 500 3102 1120
523 3038 593 3103 coll.
617 3042 651 3103 K
673 3037 737 3102 204
760 3039 890 3122 profert,
921 3035 1132 3123 puqvapa'vmg
1160 3031 1363 3102 nauidowd'
1383 3038 1422 3100 ἄν
1451 3039 1537 3103 ἀπο-

142 3138 277 3227 poturo
302 3141 397 3225 μένος
423 3152 559 3226 accepta
589 3151 783 3205 structuram
806 3142 980 3205 verborum
1010 3142 1104 3205 nimis
1136 3150 1314 3206 contortam
1345 3141 1413 3203 fieri
1444 3149 1537 3225 put03

143 3265 243 3328 quare
263 3230 442 3330 amplector
465 3246 551 3331 quod
575 3249 757 3331 suspicatus
780 3256 829 3309 est
844 3248 1065 3311 Hermannus:
1088 3243 1273 3333 &sopatro
1295 3243 1390 3329 μένος
1410 3245 1535 3330 ἄνδρας.

247 3404 266 3467 1)
285 3403 323 3453 cf.
342 3404 368 3453 11
390 3405 482 3466 ι8368,
502 3404 557 3453 ab:
581 3404 645 3453 ‘Das
664 3403 773 3469 Suhject
796 3406 824 3453 in
844 3405 891 3454 der
909 3404 1069 3453 Pluralform
1093 3404 1233 3454 verbindet
1255 3405 1312 3453 sich
1335 3403 1466 3453 auweilen
1488 3404 1537 3451 mit

142 3491 202 3539 dem
221 3491 293 3541 Vsrb
311 3493 340 3540 in
360 3490 406 3540 der
426 3490 575 3553 Dualform‚
590 3491 689 3556 jedoch
708 3508 759 3542 nur
778 3492 859 3554 dann,
878 3508 957 3542 wenn
975 3508 1028 3542 von
1047 3493 1114 3541 awai
1132 3494 1181 3541 mit
1200 3492 1328 3540 einander
1345 3488 1537 3539 verbundenen

143 3577 206 3627 oder
232 3578 261 3626 in
289 3578 363 3627 einer
387 3578 476 3627 nahen
499 3577 657 3644 Beziehung
679 3594 713 3627 zu
737 3580 866 3629 einander
892 3579 1042 3629 stehenden
1065 3579 1273 3644 Gegenstitnden
1300 3578 1364 3627 oder
1390 3592 1444 3625 von
1471 3577 1537 3625 zuei

142 3664 247 3714 Paaren
269 3665 313 3714 die
331 3664 406 3714 Reda
428 3665 478 3714 ist'.
515 3664 584 3730 libri,
609 3667 656 3730 qui
679 3672 743 3715 ante
765 3682 789 3716 a.
809 3667 877 3716 1882
900 3666 933 3716 de
957 3666 1031 3716 duali
1050 3667 1194 3731 conscripti
1212 3670 1282 3726 sunt,
1305 3666 1426 3730 congesti
1443 3679 1537 3729 propo·

142 3756 244 3799 nuntur
266 3766 282 3800 a
304 3751 341 3801 st.
360 3752 471 3814 Ksekio‚
496 3752 586 3803 Ueber
604 3752 628 3801 d.
646 3751 718 3801 Dua]
737 3753 852 3802 beiden
871 3754 970 3818 griech.
984 3753 1109 3803 Rednem
1129 3752 1252 3814 (Schana,
1271 3753 1396 3816 sarnago
1413 3752 1477 3801 fasc.
1490 3751 1536 3815 II).

142 3843 202 3903 post
224 3853 285 3887 eum
309 3838 342 3887 de
364 3853 415 3887 usu
438 3838 572 3888 homerico
597 3840 652 3903 egit
670 3839 701 3889 G.
716 3839 799 3889 Ohler
822 3842 851 3888 in
869 3847 1066 3906 programmate
1084 3841 1249 3903 Moguntiae.
1268 3854 1291 3888 a.
1311 3840 1385 3900 1884,
1409 3839 1442 3888 de
1460 3839 1537 3888 Enri-

142 3925 220 3989 pideo
239 3930 266 3974 et
285 3925 317 3973 do
336 3925 448 3974 historia
465 3925 553 3974 dualis
570 3926 590 3974 I.
604 3926 638 3975 H.
652 3925 767 3976 Mueller
785 3928 813 3975 in
832 3943 919 3992 progr.
933 3927 1142 3992 Sigmaringensi
1159 3942 1182 3975 a.
1198 3928 1273 3988 1886,
1292 3925 1325 3975 de
1343 3941 1393 3975 usu
1412 3926 1537 3976 hesiodeo

141 4012 162 4061 1.
176 4011 247 4061 Illek
266 4013 294 4060 in
313 4011 382 4061 Ann.
396 4028 487 4077 gymn.
500 4012 589 4062 Austr.
603 4028 626 4062 a.
643 4012 716 4074 1888,
736 4029 761 4078 p.
775 4015 904 4063 97—102.

245 4098 266 4162 ²)
295 4098 370 4159 Quae
398 4098 523 4164 exempla
545 4098 642 4148 adtulit
664 4099 695 4149 Ο.
714 4098 861 4149 Schneider
884 4100 982 4150 Philol.
1000 4101 1066 4149 VIII
1088 4101 1139 4149 543
1163 4105 1191 4148 et
1213 4099 1332 4165 prolegg.
1356 4102 1384 4148 in
1411 4099 1537 4151 Nicandr.

141 4201 166 4250 p.
187 4187 243 4235 137,
280 4200 295 4234 a
319 4184 493 4251 Cynegeticis
514 4186 642 4235 Lehrsius
669 4186 790 4251 (Quaest.
810 4189 877 4253 epie.
896 4205 920 4252 p.
940 4190 999 4236 319.
1018 4188 1054 4252 X)
1078 4189 1136 4238 eius
1159 4203 1224 4236 usus
1247 4187 1387 4236 duodecim
1415 4187 1538 4252 exempla

141 4272 253 4337 profert3
273 4271 305 4321 cf.
320 4272 440 4322 Schmidt
459 4290 484 4338 p.
502 4275 545 4322 45.
576 4274 646 4337 quod
665 4279 754 4323 autem
774 4274 947 4324 Hermannus
967 4273 1003 4340 (p.
1023 4274 1084 4339 747)
1104 4274 1243 4324 contendit
1256 4276 1385 4336 Quintum
1405 4289 1536 4323 nonnum-

141 4374 221 4425 quam
244 4358 351 4408 dualem
375 4375 422 4424 pro
441 4359 541 4424 plurali
558 4375 666 4425 ponere,
690 4376 744 4410 uno
763 4377 842 4426 quem
862 4361 948 4410 adfert
967 4361 1026 4411 loco
1045 4362 1123 4411 VHH
1141 4364 1191 4410 toa
1211 4361 1298 4411 dualis
1317 4361 1405 4410 ‘solita
1424 4361 1451 4408 vi
1468 4363 1537 4425 posi·

142 4458 184 4496 tus
208 4448 241 4495 de
263 4446 379 4508 Atridis,
407 4445 476 4496 alter
497 4452 589 4497 autem
613 4447 651 4496 XI
674 4449 722 4496 321
748 4463 828 4513 quam
852 4450 968 4498 maxime
991 4448 1087 4498 dubius
1111 4455 1164 4511 est3
1191 4449 1244 4498 IIII
1266 4451 1316 4497 506
1339 4449 1537 4497 Zimmermann

143 4535 177 4598 (p.
192 4534 235 4599 35)
254 4549 308 4583 non
326 4535 384 4583 sine
403 4534 571 4585 dubitatione
589 4537 707 4597 βεβαῶτε
726 4551 773 4601 pro
792 4535 891 4600 plurali
910 4537 1036 4586 admittit.

244 4616 265 4678 8)
286 4622 338 4683 Qui
357 4620 431 4671 loeus
451 4623 556 4672 obstare
574 4621 687 4684 videtur,
707 4624 850 4687 quominus
868 4625 952 4690 μένος
970 4624 1003 4674 de
1016 4623 1175 4674 Colchorum
1196 4623 1352 4673 fortitudine
1365 4624 1535 4689 accipiamus.
