3392 5067
1452 235 1456 240 -
1472 197 1534 261 231

135 390 296 454 vocabulo
321 390 482 453 derebus
509 392 658 455 inanimis
686 394 795 455 utitur.
838 391 996 454 translata
1018 411 1095 455 vero
1119 391 1178 472 vis,
1207 412 1303 474 quam
1330 389 1419 474 apud
1446 388 1534 451 illum

135 496 368 581 ποικιλομήτης
391 496 542 577 continet,
571 497 711 580 primum
734 496 823 581 apud
853 494 1035 558 Hesiodum
1057 495 1221 557 invenitur
1251 493 1387 578 (Theog.
1407 491 1472 556 510
1488 514 1534 577 sq.

136 597 194 684 ήδὲ
225 597 408 685 Προμηθέα
441 594 597 679 ποικίλον,
633 598 842 687 αἰολόμητιν),
879 608 949 685 post
982 599 1069 662 hunc
1099 597 1188 682 apud
1217 597 1442 680 Theognidem
1471 596 1535 659 213

138 702 195 787 (cf.
220 702 327 789 1071),
357 703 432 785 222,
463 703 536 767 224.
582 703 658 769 vide
689 727 807 790 quaeso
838 726 886 786 ea,
919 725 1002 787 quae
1033 689 1131 789 supra
1161 725 1192 787 p.
1210 701 1274 764 222
1302 702 1343 765 de
1373 701 1534 765 adieetivo

138 807 247 886 αἰόλος
269 807 357 870 dicta
380 816 463 871 sunt.
503 846 543 854 —
581 809 756 893 πόλεμος.
796 809 858 872 hoc
881 807 981 870 verbo
1005 806 1093 892 apud
1116 807 1295 871 Homerum
1317 828 1381 869 non
1403 804 1534 887 bellum,

137 910 195 975 sed
212 933 354 995 pugnam
369 914 438 976 sive
461 912 619 997 proelium
635 912 811 996 significari
828 920 962 976 constat.
988 920 1100 975 contra
1123 908 1203 974 Call.
1223 911 1251 991 1,
1268 910 1288 973 3
1305 932 1351 994 sq.
1375 911 1408 974 ἐν
1429 912 1535 999 εἰρήνη

137 1014 174 1081 δὲ
197 1016 319 1081 δοκεῖτε
346 1017 349 1101 ί
378 1012 491 1105 ἧσθαι,
516 1021 596 1102 ἀτδιρ
618 1018 759 1103 πόλεμος
780 1023 874 1101 γαῖαν
896 1019 1028 1082 ύίπασαν
1054 1011 1120 1097 ἐχει
1143 1016 1315 1099 opponitur
1336 1016 1409 1077 voci
1430 1016 1535 1103 εἰρήνη

136 1120 287 1205 idemque
323 1120 424 1184 habes
458 1120 602 1204 Theogn.
636 1120 698 1185 885
719 1143 765 1205 sq.
801 1122 906 1210 εἰρήνη
939 1119 994 1186 καί
1026 1121 1166 1198 πλοῦτος
1202 1115 1272 1200 ἔχοι
1304 1120 1413 1200 πόλιν,
1451 1119 1536 1205 όφρα

136 1218 207 1309 μετ)
222 1224 326 1289 ἀλλων
346 1224 349 1309 ί
369 1224 565 1310 κωμάζοιμι·
604 1237 703 1291 κακοῦ
730 1221 760 1291 δ’
783 1229 838 1290 οἰκ
869 1221 983 1311 ἔραμαι
1013 1222 1170 1308 πολέμους
1208 1222 1250 1286 cf.
1275 1232 1443 1308 praeterea
1470 1222 1534 1287 Sol.

137 1328 227 1412 4,Ιο
251 1339 283 1393 et
306 1329 450 1413 Theogn.
469 1330 540 1393 764.
572 1352 677 1415 neque
700 1352 777 1393 vero
801 1329 903 1393 altera
926 1331 976 1391 vis
999 1328 1041 1393 ab
1065 1326 1185 1411 elegeis
1207 1327 1309 1409 abest,
1333 1326 1432 1390 veluti
1455 1325 1534 1389 Call.

140 1434 167 1517 1,
192 1432 232 1497 10
247 1456 294 1519 sq.
319 1430 408 1519 ἐγχος
431 1438 645 1520 ἀνασχόμενος
666 1434 721 1501 καί
743 1429 799 1500 ὑπ)
822 1433 962 1513 ἀσπίδος
984 1435 1118 1517 ἄλκιμον
1139 1431 1216 1518 ἦτορ
1243 1431 1247 1515 ί
1271 1428 1366 1510 ἐλσας
1387 1434 1425 1495 τδ
1447 1440 1536 1516 πρῶ-

136 1561 194 1602 τον
223 1538 409 1623 μιγνυμένου
441 1538 593 1624 πολέμου,
625 1540 719 1624 Tyrt.
746 1540 795 1617 12,
821 1539 863 1602 10
879 1560 925 1623 sq.
951 1545 988 1604 ού
1017 1541 1074 1623 γὰρ
1098 1541 1174 1625 ἀνήρ
1197 1540 1321 1622 ἀγαθὸς
1342 1534 1480 1620 γίγνεται
1502 1536 1536 1601 ἐν

136 1641 278 1731 πολίχνην,
308 1643 311 1727 Ι
338 1644 368 1707 εἰ
389 1649 432 1730 μή
462 1641 589 1730 τετλαίη
620 1645 677 1728 μὲν
700 1644 780 1728 δρῶν
810 1650 908 1730 (μόνον
929 1637 1134 1727 αἱματόεντα,
1165 1641 1244 1707 ibid.
1272 1641 1321 1724 12,
1344 1640 1396 1723 20,
1421 1640 1533 1705 Mimo.

139 1746 188 1827 14,
207 1746 235 1808 7.
264 1768 376 1812 verum
399 1756 473 1831 post
494 1746 722 1812 Mimnermum
738 1750 765 1810 is
788 1770 864 1811 usus
888 1746 1034 1811 formulis
1050 1746 1245 1832 quibusdam
1268 1746 1439 1811 homericis
1463 1766 1535 1808 con-

136 1851 269 1931 tinetur3
295 1850 725 1936 ε1.Τ11εοςο.54θίίγγελος
748 1851 948 1939 ἀφθογγοςί)
972 1852 1114 1936 πόλεμον
1133 1851 1334 1934 πολύδακρυν
1356 1847 1470 1934 ἐγείρει
1493 1849 1510 1932 (
1513 1855 1539 1911 Γ

139 1954 200 2017 165
223 1955 364 2039 πόλεμον
391 1957 599 2039 πολύδακρυν,
631 1957 718 2022 231
747 1959 889 2042 πόλεμον
916 1952 947 2021 δ’
962 1956 1115 2023 ἀλίαστον
1142 1954 1282 2043 ἔγειρεν),
1316 1954 1394 2019 ibid.
1412 1954 1475 2016 880
1488 1976 1533 2038 sq.

137 2054 207 2123 ἀλλ’
222 2061 353 2145 αἰσχρδν
367 2068 529 2146 παρεόντα
543 2059 598 2125 καί
613 2062 789 2127 ὠκυπόδων
803 2062 965 2143 ἐπιβάντα
985 2061 988 2145 ί
1008 2062 1121 2126 ἵππων
1139 2066 1183 2149 μή
1198 2061 1339 2145 πόλεμον
1354 2056 1536 2144 δακρυόεντ)

136 2158 255 2229 ἐσιδεῖν
279 2164 334 2249 (cf.
358 2169 387 2230 E
409 2166 496 2251 737).
543 2204 584 2211 —-
628 2166 765 2245 πολιός
788 2167 830 2230 ab
857 2167 997 2230 Homero
1021 2165 1062 2228 de
1085 2165 1183 2229 rebus
1206 2174 1242 2227 ut
1264 2167 1309 2228 ita
1332 2165 1440 2228 dicam
1463 2187 1535 2227 con-

137 2270 233 2331 cretis
256 2279 438 2354 usurpatur,
462 2292 526 2333 non
548 2272 626 2335 item
648 2270 793 2354 Theogn.
812 2270 876 2333 174
897 2274 997 2358 γήρως
1018 2272 1148 2351 πολιοῦ;
1177 2270 1217 2334 cf.
1235 2269 1533 2333 Anacreonteorum

136 2371 187 2457 51,
213 2374 231 2435 7
255 2374 370 2438 πολιὸν
393 2374 427 2439 δὲ
449 2382 545 2463 γῆρας
566 2375 666 2453 ἐκδύς.
712 2414 753 2421 —-
798 2374 934 2463 πρῆξις
956 2375 1043 2458 apud
1066 2376 1245 2438 Homerum
1267 2413 1310 2420 —
1332 2373 1374 2437 ab
1398 2373 1534 2436 Hesiodi

137 2476 333 2541 carminibus
356 2478 389 2542 id
413 2478 555 2543 alienum
579 2489 628 2542 est
643 2518 684 2525 —
700 2478 795 2542 modo
818 2480 905 2543 idem
929 2479 1085 2563 estquod
1109 2479 1294 2561 ‘negotium'
1309 2478 1341 2562 (γ
1357 2477 1398 2540 62
1421 2476 1535 2565 πρῆξις

136 2577 166 2647 δ’
177 2575 229 2666 ἥδ’
241 2580 318 2666 ἰδίη,
342 2586 378 2647 ού
402 2582 528 2671 δήμιος)
553 2583 648 2647 modo
671 2584 758 2646 idem
774 2584 861 2666 quod
885 2584 1038 2647 ‘effectus'
1058 2584 1106 2666 (Ω
1121 2582 1187 2647 524
1209 2587 1246 2648 οὐ
1268 2588 1327 2667 γάρ
1349 2606 1399 2661 τις
1420 2580 1534 2669 πρῆξις
1621 2567 1624 2573 ’

135 2684 314 2751 πέλεται..
337 2689 463 2770 .γόοιο;
502 2687 542 2751 cf.
569 2688 600 2751 Ω
624 2687 688 2751 550
715 2690 751 2753 ού
773 2692 832 2773 γάρ
855 2712 888 2752 τι
911 2687 1041 2777 πρήξεις
1062 2690 1267 2775 ἀκαχήμενος,
1291 2708 1354 2771 quo
1376 2687 1447 2750 loco
1470 2709 1533 2750 non

136 2790 383 2872 substantivum,
408 2791 465 2854 sed
488 2792 625 2855 verbum
648 2792 775 2875 legitur.
815 2814 889 2855 cum
912 2814 942 2855 v.
958 2794 988 2856 Ω
1011 2791 1075 2856 550
1098 2793 1237 2856 conferri
1259 2798 1366 2877 potest
1387 2791 1531 2874 Theogn.

138 2894 219 2958 1027
247 2894 352 2981 ῥηιδίη
382 2920 435 2962 τοι
464 2895 578 2982 πρῆξις
606 2898 639 2961 ἐν
662 2899 851 2984 ἀνθρώποις
880 2899 1062 2984 κακότητος.
1110 2907 1222 2961 contra
1251 2896 1330 2960 ibid.
1356 2896 1397 2959 73
1419 2893 1534 2982 πρῆξιν

134 2999 213 3085 μηδὲ
244 2998 387 3087 φίλοισιν
417 3000 499 3079 όλως
528 3000 692 3067 ἀνακοίνεο
722 3008 822 3067 πᾶσιν
851 3002 938 3065 idem
970 3010 1018 3064 est
1048 3011 1145 3085 atquc
1172 3010 1301 3089 πρῆγμα
1324 3000 1533 3085 similiterque

137 3112 342 3189 comparatus
367 3114 414 3167 est
438 3105 584 3168 eiusdem
608 3128 638 3169 v.
658 3106 751 3187 1026,
775 3106 832 3170 ubi
855 3106 988 3191 pluralis
1012 3115 1111 3170 extat.
1157 3144 1200 3152 —-
1243 3107 1435 3190 πρόγονοι.
1470 3104 1532 3168 hac

134 3228 215 3271 voce
238 3210 411 3293 scriptores
427 3211 640 3294 antiquissimi
663 3233 793 3295 perraro
814 3214 864 3274 usi
881 3220 963 3275 sunt.
988 3233 1064 3274 nam
1080 3209 1242 3275 Hesiodus
1265 3232 1337 3273 eam
1360 3232 1531 3295 nusquam,

135 3312 295 3375 Homerus
318 3322 444 3376 tantum
467 3313 555 3378 ι221
581 3314 738 3378 adhibuit.
777 3337 883 3399 neque
906 3318 937 3378 in
962 3316 1080 3399 clegeis
1103 3325 1231 3402 praeter
1255 3313 1335 3380 Call.
1354 3315 1382 3397 1,
1402 3314 1441 3377 13
1464 3310 1533 3379 οὐδ’

134 3416 164 3479 εἰ
192 3418 357 3500 προγόνων
385 3416 405 3506 ᾖ
434 3416 522 3501 γένος
551 3422 724 3484 ἀθανάτων
753 3420 927 3483 invenitur.
958 3438 1036 3504 'quo
1065 3420 1135 3484 loco
1159 3422 1226 3482 vim
1248 3421 1400 3483 usitatam
1421 3418 1531 3495 habet,

135 3542 199 3583 non
220 3522 299 3584 item
322 3522 410 3605 apud
434 3522 622 3603 Homerum,
646 3544 744 3607 aquo
768 3524 808 3586 de
832 3524 947 3587 ovibus
970 3524 1145 3588 maioribus
1168 3534 1247 3587 natu
1271 3524 1392 3597 dictum
1416 3533 1472 3586 est.
1491 3561 1531 3569 -

135 3626 321 3710 πτήσσειν
348 3624 492 3708 Theogn.
513 3626 595 3690 1015
618 3624 694 3711 πρίν
715 3624 893 3715 τ’ἐχδροὺς
915 3627 1035 3715 πτῆξαι
1058 3628 1219 3711 significat
1241 3627 1328 3691 idem
1351 3628 1436 3712 quod
1458 3650 1532 3711 τρο-

134 3734 213 3812 μεῖν,
246 3750 308 3812 quo
331 3728 432 3793 verbo
462 3730 624 3794 Homerus
654 3752 713 3815 pro
744 3730 797 3795 illo
828 3735 942 3812 utitur3
980 3756 1056 3796 nam
1079 3732 1167 3818 apud
1196 3732 1283 3795 huno
1306 3735 1461 3818 πτήσσειν
1483 3740 1532 3795 est

136 3834 301 3895 ‘terrorem
317 3834 458 3915 inicere’3
477 3835 518 3898 cf.
532 3857 563 3918 p.
580 3834 651 3898 140.
669 3874 711 3881 —
726 3838 937 3917 πτωχεύειν
952 3839 1155 3901 intransitive
1172 3837 1236 3900 dici
1252 3837 1346 3917 solet3
1370 3836 1428 3899 sed
1444 3835 1532 3921 apud

136 3937 315 4000 Homerum
346 3940 443 4001 ctiam
477 3943 652 4020 πτωχεύειν
683 3940 778 4005 δαῖτα
808 3942 980 4022 invenitur,
1011 3941 1100 4025 apud
1130 3940 1353 4024 Theognidem
1383 3940 1447 4004 022
1478 3940 1532 4004 ob·

134 4042 253 4103 iectum
276 4063 414 4126 persona
438 4044 633 4107 continetur:
661 4045 818 4124 πτωχεύει
842 4046 877 4109 δέ
899 4044 1012 4131 φίλους
1032 4050 1166 4125 πάντας,
1191 4067 1331 4131 quocum
1353 4045 1424 4109 loco
1448 4068 1531 4110 com·

134 4167 229 4230 pares
259 4170 276 4208 υ
302 4145 362 4208 179
386 4145 497 4232 ἀνέρας
526 4145 655 4227 αἰτίζων
687 4149 916 4234 (mendicando
946 4150 1058 4213 adiens
1089 4148 1205 4236 viros);
1253 4150 1294 4213 cf.
1322 4173 1353 4236 p.
1383 4149 1454 4213 141.
1489 4187 1531 4195 —

239 4496 260 4560 ¹)
280 4495 350 4556 Quid
369 4496 419 4545 sibi
437 4496 524 4545 velint
542 4496 608 4545 haee
626 4497 716 4559 verba,
735 4498 846 4563 adparet
869 4514 901 4548 ex
920 4498 1015 4549 Aesch.
1035 4500 1127 4565 Suppl.
1149 4502 1198 4549 186
1222 4503 1275 4567 ὁρῶ
1298 4499 1385 4562 κόνιν,
1407 4498 1531 4550 ἄναυδον

135 4583 254 4650 ἄγγελον
273 4584 397 4650 στρατοῦ.
