3392 5067
218 220 282 283 284

218 410 315 475 aliam
344 432 515 496 personam
547 409 721 472 translatae
751 407 838 492 apud
873 416 985 491 poetas
1017 405 1310 488 Argonauticorum
1345 405 1500 489 scriptore
1534 405 1606 466 anti·
1690 423 1691 482 3

219 519 347 601 quiores
369 514 458 579 nulla
481 514 549 577 fere
573 513 725 597 exempla
748 522 871 576 extare.
916 534 993 575 nam
1016 510 1103 595 quod
1126 511 1331 592 Bragmanus
1353 530 1385 592 p.
1406 507 1444 571 18
1461 529 1508 592 sq.
1535 507 1606 569 Hes.
1690 497 1691 500 ¹

218 643 269 705 op.
286 618 350 684 532
379 642 435 704 pro
463 617 498 684 οἳ
522 615 627 683 σκέπα
654 623 822 701 μαιόμενοι
850 617 979 701 scripsit
1002 605 1036 680 οἶ
1051 665 1057 678 .
1075 665 1082 678 .
1099 614 1268 698 μαιόμενοι
1295 611 1371 697 (sibi
1395 610 1606 696 quaerentes),
1690 617 1691 620 ’

218 723 447 810 Peppmueller
473 721 585 786 Philol.
609 719 814 785 XXXVIIII
843 720 906 783 393
937 729 1025 784 recte
1048 719 1179 801 negavit
1207 738 1347 797 sensum,
1376 717 1432 800 qui
1455 737 1493 779 ea
1516 716 1608 799 scrip-

218 840 290 892 tura
321 828 469 907 efficitur,
501 826 651 889 sulficere
679 827 908 910 proposuitque
940 825 1004 902 ὡς.
1024 875 1030 889 .
1049 875 1055 888 .
1071 829 1081 888 ’.
1098 818 1195 904 ἔχωσι
1218 845 1237 886 a
1260 821 1402 884 Rzachio
1430 821 1463 882 in
1485 829 1608 882 textum
1690 871 1691 882 ,

219 932 366 996 editionis
394 955 423 994 a.
447 930 531 994 1884
556 930 683 1014 Pragae
713 930 850 993 emissae
881 939 1058 1013 receptum.
1104 925 1153 993 ἑοὶ
1182 949 1259 990 sane
1290 925 1378 1011 apud
1406 923 1608 1009 Apollonium

219 1036 269 1099 III
292 1035 334 1099 99
363 1057 421 1120 pro
449 1033 531 1120 ἐμοί,
559 1034 575 1097 Ι
599 1033 662 1097 893
685 1056 743 1119 pro
767 1032 820 1099 σοι’
842 1043 1027 1118 usurpatur,
1051 1022 1086 1098 οἷ
1106 1041 1223 1108 autem,
1255 1030 1341 1115 quod
1363 1029 1457 1093 1115
1480 1049 1538 1113 pro
1560 1049 1609 1093 σοι

219 1140 401 1204 adhibitum
424 1161 495 1202 esse
518 1139 685 1203 Wellauer
707 1139 740 1202 in
761 1138 870 1202 indice
894 1137 1090 1217 observavit,
1118 1159 1137 1199 a
1164 1134 1323 1199 Merkelio
1350 1133 1536 1199 melioribus
1563 1153 1609 1195 co·
1690 1157 1691 1208 j

219 1244 348 1308 dicibus
371 1267 428 1308 uso
452 1243 615 1308 sublatum
639 1252 697 1307 est.
737 1242 851 1322 Quinti
874 1241 971 1324 locos,
995 1241 1113 1327 quibus
1136 1241 1344 1304 Hermannus
1367 1231 1477 1323 cipro
1497 1235 1610 1322 plurali

219 1350 357 1433 positum
381 1350 509 1434 putavit
532 1347 577 1433 (p.
595 1347 658 1410 799
674 1346 753 1433 sq.):
777 1346 828 1410 III
852 1346 924 1423 674,
941 1345 1014 1428 736,
1039 1345 1103 1410 VII
1128 1344 1200 1425 364,
1225 1343 1308 1408 VIII
1331 1341 1404 1425 354,
1428 1342 1521 1405 aliter
1543 1362 1611 1404 esse

219 1453 428 1537 explicandos
452 1452 601 1516 concedit
617 1453 783 1536 Brugman
805 1473 836 1535 p.
854 1451 906 1528 34,
931 1450 987 1514 sed
1012 1473 1042 1535 p.
1060 1449 1102 1512 82
1125 1443 1156 1514 οἱ
1178 1453 1263 1536 αὐτῷ
1279 1448 1310 1513 V
1325 1447 1389 1512 533
1413 1468 1470 1530 pro
1490 1453 1610 1530 σεααιῷ

218 1556 399 1620 adhibitum
430 1556 577 1621 defendit
607 1579 625 1619 a
656 1555 818 1641 Spitaneri
850 1555 1044 1635 coniectura,
1076 1575 1174 1638 quam
1205 1551 1354 1638 Koechly
1387 1550 1525 1635 recepit:
1560 1547 1612 1614 σοὶ

218 1665 314 1748 αὐτῷ.
337 1669 369 1723 et
392 1659 432 1723 de
455 1660 518 1724 hoc
541 1661 673 1746 quidem
695 1659 766 1723 loco
789 1659 932 1723 dubitari
954 1681 1050 1743 posse
1074 1657 1229 1722 concedo.

321 1765 392 1828 Iam
421 1765 600 1829 Hermanni
631 1766 834 1829 coniecturas
866 1763 1063 1828 enumerabo
1094 1765 1148 1844 ita,
1183 1772 1219 1824 ut
1248 1782 1331 1845 quae
1362 1767 1474 1822 contra
1504 1757 1612 1822 facere

198 1868 297 1939 mihi
319 1868 472 1935 videntur
499 1871 607 1934 statim
630 1869 816 1952 adiungam,
844 1890 885 1932 ne
909 1868 951 1932 ad
974 1890 1027 1933 eos
1054 1869 1142 1932 locos
1167 1867 1311 1951 quaestio
1334 1864 1441 1927 redire
1469 1872 1612 1947 cogatur.
1690 1897 1691 1956 3

218 1973 380 2037 nonnullis
403 1995 481 2036 sane
503 1973 592 2055 locis,
615 1975 649 2037 in
664 1974 776 2057 primis
800 1973 986 2058 quindecim
1000 1972 1072 2050 illis,
1096 1971 1214 2055 quibus
1232 1968 1367 2032 Abelius
1387 1969 1614 2030 Hermannum

219 2087 347 2140 secutus
371 2088 429 2158 est,
454 2080 677 2163 repetitionem
700 2078 842 2159 effugere
870 2079 927 2140 vix
955 2076 1074 2140 licebit.
1121 2084 1265 2138 ceterum
1287 2095 1341 2135 vv.
1359 2072 1432 2156 303,
1448 2070 1523 2155 474,
1539 2071 1614 2153 731,

220 2179 292 2261 770,
311 2181 383 2263 778,
400 2180 473 2265 805,
491 2181 564 2263 816,
581 2181 655 2264 861,
672 2181 745 2262 866,
763 2181 835 2262 927,
853 2181 926 2263 938,
946 2179 1038 2266 1140,
1057 2179 1151 2262 1174,
1170 2178 1263 2260 1194,
1287 2177 1380 2260 1236,
1403 2175 1499 2258 1252,
1520 2173 1615 2254 1282,
1690 2165 1691 2168 “

221 2285 314 2368 1292,
333 2286 417 2349 1372
439 2285 524 2349 infra
546 2285 702 2351 tractabo.
715 2286 736 2372 1)

322 2389 361 2452 ln
383 2411 414 2453 v.
432 2389 472 2461 68
496 2391 705 2454 Hermannus
733 2411 835 2473 aeque
863 2399 961 2473 atque
989 2391 1021 2452 in
1044 2410 1098 2453 vv.
1115 2387 1188 2469 692,
1207 2387 1300 2468 1161,
1319 2383 1402 2450 1259
1426 2384 1560 2449 offendit
1583 2384 1619 2446 in
1690 2373 1691 2452 Ῑ

220 2494 379 2578 particula
408 2493 472 2559 καί.
518 2494 559 2557 de
588 2495 649 2558 hoc
676 2493 746 2558 loco
774 2517 838 2558 non
867 2516 941 2557 cum
965 2493 1083 2557 Wielio
1111 2492 1240 2568 faciam,
1269 2493 1324 2576 qui
1345 2489 1362 2552 I
1385 2487 1427 2553 20
1455 2489 1534 2552 dicit
1562 2487 1620 2551 illo

218 2596 273 2662 καί
297 2601 492 2663 ‘universam
515 2601 694 2663 sententiae
717 2602 876 2662 rationem
898 2599 1015 2662 leniter
1038 2598 1231 2682 adaugendo
1255 2597 1438 2660 accuratius
1466 2593 1621 2676 definiri',

219 2705 276 2766 sed
292 2705 337 2767 ita
352 2703 567 2767 hunc'locum
591 2704 756 2788 explicare
780 2703 879 2768 malo:
906 2711 997 2787 ‘quae
1022 2705 1159 2787 primam
1182 2701 1356 2766 fabricavit
1378 2721 1506 2775 navem,
1531 2720 1622 2784 quae
1690 2681 1691 2776 i

219 2811 323 2893 prima
346 2830 472 2893 quoque
495 2830 584 2872 mare
609 2818 795 2873 transvecta
822 2809 890 2893 est’
936 2807 1076 2892 reliquos
1106 2817 1216 2870 autem
1242 2806 1330 2869 locos
1360 2812 1448 2869 recte
1477 2801 1624 2868 Wielius

220 2913 401 2997 explicasse
428 2914 572 2977 videtur:
605 2913 668 2976 692
698 2911 876 2999 (‘Orpheus
905 2915 960 2996 qui
988 2913 1072 2977 solus
1100 2911 1233 2992 sciebat,
1265 2918 1384 2995 quanto
1412 2910 1445 2971 in
1472 2907 1625 2993 periculo

218 3027 427 3082 versarentur
443 3008 661 3102 Argonautae,
686 3016 743 3079 soli
764 3019 857 3081 navis
877 3017 1086 3100 gubernatori
1107 3016 1147 3079 de
1168 3037 1206 3078 eo
1226 3015 1369 3094 dixerat3
1394 3012 1511 3076 deinde
1532 3033 1626 3075 com·

220 3121 315 3185 mode
337 3123 486 3206 procedit
509 3124 624 3186 oratio:
655 3121 828 3185 hicetiam
852 3143 989 3186 cacum
1012 3119 1149 3201 audiret,
1178 3120 1308 3183 horrore
1334 3140 1507 3204 percussus
1531 3117 1626 3202 est'),
1690 3141 1691 3194 r

223 3226 303 3289 1161
333 3225 388 3292 καὶ
410 3236 463 3291 νῦν
491 3225 603 3312 (‘nunc
626 3228 723 3290 etiam
746 3223 821 3312 [iam
845 3225 990 3311 perfecto
1012 3222 1173 3311 laborel'),
1204 3222 1286 3287 1259
1315 3221 1373 3308 (‘et
1395 3213 1541 3308 profecto
1566 3221 1628 3285 vel
1690 3197 1691 3266 l

220 3333 365 3416 peritura
388 3341 457 3394 erat
473 3329 609 3417 Argo').
634 3369 676 3380 -
698 3354 729 3394 v.
746 3329 810 3394 223
833 3333 932 3412 αὐτὰρ
956 3330 994 3415 δή
1016 3330 1050 3392 in
1072 3331 1171 3413 αὐτάρ
1194 3321 1226 3393 οἱ
1248 3327 1394 3392 mutandi
1416 3349 1514 3390 causa
1528 3325 1628 3390 nulla

221 3446 299 3500 erat.
339 3434 539 3499 Guttmanno
570 3458 649 3498 sane
679 3445 762 3500 teste
790 3436 819 3498 R
846 3429 878 3500 oi
905 3433 1042 3520 praebet
1071 3432 1168 3518 (haec
1197 3433 1283 3495 enim
1309 3431 1444 3496 adnotat
1470 3429 1512 3494 ad
1535 3431 1628 3496 Her-

220 3542 330 3605 manni
354 3541 560 3624 scripturam:
592 3543 701 3626 (αὐτὰρ
725 3541 764 3627 δή
787 3539 951 3615 VoWL'l.
999 3537 1087 3623 quod
1114 3540 1139 3600 si
1167 3546 1256 3601 recte
1284 3557 1318 3598 se
1345 3535 1454 3617 babet,
1482 3533 1628 3599 difficile

222 3667 300 3708 sane
323 3654 373 3707 est
396 3643 438 3707 de
460 3644 555 3708 huius
577 3645 640 3708 loci
664 3647 825 3730 scriptura
847 3644 1002 3727 iudicare,
1030 3642 1222 3726 praesertim
1245 3663 1319 3704 cum
1344 3649 1415 3724 post
1438 3639 1525 3704 hunc
1549 3663 1630 3703 ver·

221 3771 293 3812 sum
322 3747 439 3812 lacuna
469 3749 564 3811 unius
594 3770 708 3812 versus
737 3747 910 3812 statuenda
938 3769 1008 3811 esse
1037 3747 1196 3810 videatur.
1242 3747 1275 3808 in
1298 3744 1328 3808 V
1352 3746 1390 3832 δή
1418 3743 1548 3828 legitur.
1579 3782 1630 3791 —

220 3876 251 3916 v.
275 3851 339 3915 285
367 3852 574 3917 Hermannus
602 3874 704 3938 aeque
731 3863 829 3937 atque
858 3855 891 3916 in
918 3875 971 3914 vv.
995 3851 1069 3932 473,
1091 3851 1164 3932 816,
1186 3850 1259 3934 846,
1280 3849 1341 3913 927
1370 3872 1429 3934 pro
1453 3873 1505 3914 κεν
1527 3871 1630 3934 repo-

221 3957 284 4020 suit
307 3951 348 4025 οὶ,
394 3957 455 4020 hoc
482 3958 552 4021 loco
580 3979 638 4041 pro
665 3954 717 4022 dat
742 3982 795 4021 aar
822 3955 911 4043 ῥέξαι
939 3957 1029 4020 dedit
1056 3956 1077 4020 δ’
1096 3980 1127 4020 τι
1151 3949 1183 4020 oi
1206 3953 1297 4040 ῥέξει,
1326 3954 1423 4038 ‘quod
1452 3963 1483 4017 et
1511 3955 1632 4038 ipsum

221 4063 247 4123 si
277 4060 440 4144 legeretur
470 4061 644 4126 obscurum
675 4072 761 4126 esset
776 4110 886 4126 .....
926 4063 1036 4146 itaque
1066 4058 1241 4144 legendum
1273 4068 1322 4122 est
1349 4056 1369 4124 ὅ
1393 4081 1427 4123 τι
1454 4046 1507 4124 δεῖ
1529 4056 1632 4144 ῥέξαι

327 4340 346 4407 ¹)
364 4342 406 4391 De
424 4357 466 4390 vv.
484 4344 540 4407 184,
553 4343 613 4404 324,
625 4344 684 4402 677,
698 4344 748 4391 680
767 4343 810 4406 egi
827 4355 907 4406 supra
924 4357 949 4405 p.
965 4341 1024 4402 267,
1043 4339 1076 4390 de
1094 4357 1118 4390 v.
1134 4343 1183 4390 649
1201 4359 1226 4406 p.
1241 4343 1299 4402 263,
1319 4340 1351 4389 de
1370 4355 1394 4388 r.
1409 4339 1458 4386 717
1472 4355 1496 4402 p.
1507 4339 1572 4400 243,
1596 4340 1636 4389 de

221 4446 245 4478 v.
266 4430 316 4477 846
335 4446 360 4494 p.
374 4430 432 4492 278,
451 4429 484 4478 de
502 4446 527 4478 v.
546 4432 612 4478 1162
631 4447 656 4494 p.
670 4431 728 4478 268.
752 4457 785 4465 -
808 4429 841 4477 de
860 4445 885 4480 v.
904 4429 954 4477 518
974 4428 1006 4502 cf.
1020 4443 1045 4478 V.
1059 4430 1118 4490 414,
1137 4427 1169 4476 de
1187 4445 1211 4477 v.
1226 4429 1275 4476 692
1296 4428 1327 4476 cf.
1341 4443 1366 4475 v.
1380 4427 1421 4488 68,
1446 4425 1478 4474 de
1500 4427 1572 4474 1025
1597 4427 1636 4479 cf.

221 4517 281 4577 977,
300 4515 333 4564 de
353 4517 419 4564 1116
439 4516 471 4564 of.
485 4517 544 4576 522,
563 4517 596 4565 de
617 4518 680 4564 1161
701 4516 735 4565 cf.
749 4517 790 4578 68,
810 4516 842 4564 de
866 4515 1108 4577 1177,1203,1225
1128 4514 1160 4563 cf.
1175 4516 1233 4577 414,
1253 4513 1285 4563 de
1306 4515 1371 4562 1259
1391 4513 1422 4562 cf.
1437 4513 1477 4574 68,
1498 4512 1532 4561 de
1557 4515 1637 4562 1312

222 4601 254 4650 cf.
268 4603 326 4650 522.
