3392 5067
212 1183 323 1284 Quoi
344 1211 384 1275 de
405 1213 595 1278 hexametro
616 1215 779 1299 dactyhco
800 1214 840 1278 G.
859 1215 1065 1278 Hermannus
1088 1215 1291 1300 praedicavit
1314 1215 1417 1280 obiter
1439 1225 1506 1280 tan-

91 1317 274 1410 tummodo
304 1317 487 1400 legentibus
517 1342 614 1384 ovum
646 1342 711 1384 non
742 1342 802 1384 ovo
831 1321 964 1383 similius
997 1320 1101 1383 videri
1129 1341 1223 1404 posse
1252 1341 1358 1405 quam,
1390 1322 1417 1384 si
1448 1341 1506 1384 sex

109 1421 208 1506 pedes
231 1420 360 1503 habeat,
382 1421 608 1488 hexametrum
631 1423 831 1507 hexametro,
859 1423 947 1488 idem
970 1425 1010 1488 de
1034 1426 1178 1487 trimetro
1204 1447 1331 1508 quoque
1354 1425 1505 1505 iambico,

109 1527 173 1611 qui,
203 1525 288 1610 quod
316 1527 358 1590 ad
388 1549 481 1590 usum
504 1538 674 1612 poetarum
702 1526 903 1591 Graecorum
932 1527 1065 1608 adtinet,
1096 1529 1275 1592 secundum
1303 1539 1376 1614 post
1403 1529 1506 1592 hexa-

109 1643 247 1696 metrum
268 1630 395 1695 obtinet
414 1629 521 1694 locum
538 1631 628 1695 etad
649 1630 835 1716 exemplum
852 1633 922 1695 eius
938 1633 1007 1696 sine
1024 1631 1122 1694 dubio
1139 1631 1287 1696 conditus
1304 1641 1363 1714 est,
1380 1654 1505 1698 summo

109 1737 178 1800 iure
209 1735 362 1798 contendi
392 1745 506 1819 potest.
554 1735 643 1819 atqui
674 1735 872 1816 discrimina,
904 1757 987 1819 quae
1015 1735 1220 1798 intercedunt
1250 1738 1334 1800 inter
1364 1736 1507 1818 singulas

109 1842 327 1903 trimetrorum
357 1848 543 1916 structurae,
567 1848 635 1902 tam
662 1860 782 1922 magna
804 1849 937 1924 tamque
960 1841 1101 1922 insignia
1123 1849 1207 1921 sunt,
1232 1841 1354 1903 utiam
1378 1849 1506 1902 veteres

110 1952 262 2027 quattuor
281 1946 459 2028 praecipue
478 1944 615 2006 trimetri
634 1941 766 2007 iambici
788 1946 913 2029 species
937 1946 1117 2008 statuerint.
1157 1965 1268 2007 omues
1284 1954 1391 2007 autem
1409 1945 1505 2028 scrip-

109 2057 195 2110 tores
218 2049 352 2132 antiqui,
380 2049 435 2133 qui
463 2048 503 2112 de
530 2046 579 2110 his
604 2047 845 2112 discriminibus
869 2047 971 2111 verba
994 2047 1150 2128 fecerunt,
1176 2070 1217 2110 ex
1240 2070 1303 2111 uno
1327 2047 1506 2131 eodemque

110 2152 286 2215 hauserunt
315 2153 418 2233 fonte,
455 2154 508 2236 qui
540 2152 744 2237 plenissimus
775 2163 925 2216 servatus
955 2162 1005 2215 est
1037 2154 1070 2216 in
1105 2152 1224 2214 scholio
1255 2152 1506 2235 Hephaestionis

110 2279 141 2342 p.
168 2255 230 2319 152
253 2255 306 2320 W.
330 2266 389 2322 τοῦ
416 2257 452 2322 δὲ
479 2258 632 2342 ἰαμβικοῦ
654 2255 770 2342 μέτρου
792 2255 986 2345 χαρακτῆρὲς
1007 2258 1071 2321 εἰσι
1092 2255 1253 2341 τέσσαρες,
1276 2259 1422 2340 τραγικὸς
1444 2279 1507 2320 κω-

109 2364 202 2444 μικδς
224 2362 392 2444 σατυρικὸς
412 2358 467 2424 καλ
490 2363 572 2426 οὕτω
596 2384 667 2439 πως
693 2358 784 2439 ἰδίως
805 2362 972 2445 λεγόμενος
999 2362 1158 2444 ἰαμβικός.
1182 2359 1237 2425 καὶ
1262 2359 1332 2426 ἐστὶ
1359 2369 1506 2442 τραγικοῦ

110 2467 167 2547 μὲν
191 2463 278 2529 ἰ’διον
304 2467 341 2529 τὸ
369 2463 425 2528 ἐπὶ
444 2465 606 2543 πλεῖστον
631 2466 688 2548 μὲν
710 2465 745 2528 ἐκ
768 2463 949 2531 σπονδείων
970 2463 1025 2529 καὶ
1048 2465 1175 2548 ἰάμβων
1196 2468 1396 2547 συγκεῖσθαι,
1420 2484 1507 2528 σπα-

110 2567 185 2648 νίως
211 2568 247 2634 δὲ
270 2566 325 2633 καὶ
346 2566 402 2633 ἕνα
424 2568 637 2655 τρισύλλαβον
659 2567 883 2650 ἐπιδέχεσθαι,
910 2620 916 2632 ,
942 2619 948 2631 .
974 2620 980 2633 .
1004 2578 1145 2652 κωμικοῦ
1173 2569 1208 2634 δὲ
1228 2566 1314 2634 ἰ’διον
1336 2570 1373 2632 τὸ
1395 2565 1450 2632 καὶ
1472 2567 1508 2630 ἐκ

110 2672 327 2756 τρισυλλάβων
358 2674 401 2750 ὡς
430 2670 487 2736 ἐπὶ
515 2675 553 2736 τὸ
583 2673 736 2736 πλεῖστον
767 2676 966 2755 συγκεῖσθαι,
992 2723 998 2737 .
1025 2722 1031 2734 .
1059 2669 1174 2737 .ἰ’διον
1204 2671 1240 2736 δὲ
1269 2680 1438 2755 σατυρικοῦ
1469 2673 1506 2734 τδ

11 2785 15 2792 ’
111 2773 210 2860 μέσον
236 2769 317 2840 εἶναι
343 2784 495 2863 τραγικοῦ
521 2774 576 2841 καὶ
602 2786 752 2859 κωμικοῦ,
782 2827 789 2840 .
816 2826 822 2838 .
848 2827 855 2839 .
877 2775 963 2842 ἰ’διον
991 2775 1027 2842 δὲ
1054 2777 1206 2859 ἰαμβικοῦ
1232 2777 1269 2840 τδ
1298 2774 1508 2855 δισυλλάβους

110 2881 226 2962 μόνους
248 2877 462 2961 ἐπιδέχεσθαι
484 2880 599 2958 πόδας,
622 2878 677 2944 καὶ
699 2880 837 2964 μάλιστα
856 2879 977 2964 ἴαμβον
1001 2929 1058 2943 ...
1083 2901 1157 2942 cum
1178 2880 1275 2961 igitur
1294 2880 1358 2942 iam
1379 2887 1507 2940 veteres

111 2985 158 3045 rei
181 2986 334 3047 metricae
350 2985 522 3069 scriptores
543 2982 625 3046 haec
641 2983 829 3046 discrimina
852 2981 934 3046 bene
959 2983 1143 3065 sensissent,
1167 2984 1284 3046 nostris
1307 2981 1507 3070 temporibus

112 3089 178 3155 viri¹
197 3087 285 3151 docti
308 3108 405 3172 quam
429 3087 673 3170 diligentissime
697 3088 859 3171 inquirere
884 3087 1076 3151 studuerunt
1096 3089 1129 3150 in
1151 3086 1350 3170 singulorum
1371 3087 1508 3151 trimetri

111 3213 267 3274 generum
290 3193 516 3275 proprietates,
539 3200 575 3254 ut
603 3191 795 3254 certioribus
819 3190 1016 3276 quibusdam
1043 3189 1163 3254 finibus
1187 3189 1509 3254 circumscriberetur

111 3318 188 3358 usus
210 3318 274 3358 non
298 3295 400 3358 solum
424 3296 622 3378 singulorum
646 3316 812 3378 generum,
836 3295 893 3359 sed
917 3295 1024 3380 quoad
1047 3295 1117 3358 fieri
1140 3305 1258 3379 posset,
1283 3295 1379 3357 etiam
1404 3296 1507 3376 singu-

111 3399 214 3463 lorum
238 3409 416 3483 poetarum,
440 3401 559 3484 quippe
583 3423 649 3484 qua
672 3423 706 3463 re
730 3400 816 3463 haud
840 3398 1081 3483 aspernandum
1105 3399 1278 3462 verborum
1303 3400 1394 3461 crisis
1418 3397 1507 3459 facti-

112 3503 231 3565 tandae
251 3505 413 3566 iaceretur
433 3502 688 3567 fundamentum.
728 3525 828 3587 quare
852 3512 1023 3588 postquam
1047 3502 1084 3565 R.
1108 3503 1230 3566 Porson
1253 3504 1284 3565 in
1308 3499 1508 3585 praefatione

112 3605 166 3670 illa
179 3606 357 3670 clarissima
369 3606 410 3670 ad
420 3606 584 3691 Euripidis
593 3607 766 3671 Hecubam
778 3630 806 3671 a.
820 3606 1180 3672 MDOOLXXXXVII
1195 3609 1377 3690 conscripta
1388 3628 1420 3689 p.
1430 3606 1506 3670 XX.

113 3732 200 3795 seqq.
226 3719 258 3773 et
278 3709 313 3774 C.
336 3709 446 3793 Reisig
470 3712 501 3773 in
526 3710 742 3774 coniectaneis
763 3709 804 3773 ad
825 3710 1077 3795 Aristophanem
1100 3733 1128 3772 a.
1150 3709 1389 3775 MDOOOXVI
1411 3712 1444 3772 in
1464 3710 1508 3774 lu·

113 3834 182 3876 cem
212 3816 337 3877 emissis
366 3814 493 3896 singula
525 3815 685 3898 quaedam
712 3813 755 3877 ad
782 3814 867 3879 hanc
895 3837 964 3879 rem
991 3816 1159 3878 metricam
1188 3816 1367 3899 spectantia
1395 3835 1508 3876 eruere

113 3917 316 3999 studuerunt,
340 3955 383 3966 —
405 3925 441 3980 ut
467 3919 612 3980 omittam
643 3939 707 3999 ecs,
739 3921 795 4002 qui
824 3917 866 3980 de
896 3919 1051 3981 universa
1081 3939 1116 3979 re
1146 3920 1281 3982 metrica
1311 3919 1510 4002 scripserunt

112 4019 276 4085 libros-
301 4021 342 4084 de
370 4022 567 4104 tragicorum
593 4023 748 4085 trimetris
775 4033 913 4104 egerunt
940 4019 976 4085 O.
1001 4021 1038 4084 F.
1062 4021 1209 4096 Mueller,
1221 4021 1244 4108 ¹)
1271 4022 1297 4085 I.
1325 4021 1509 4107 Rumpel‚²)

218 4302 235 4362 ¹)
254 4301 296 4348 De
305 4301 418 4365 pedibus
430 4299 526 4350 solutis
539 4302 567 4348 in
580 4300 746 4365 dialogorum
759 4301 874 4350 senariis
884 4300 1011 4364 Aeschyli
1020 4300 1160 4364 Sophoclis
1170 4300 1314 4366 Euripidis.
1334 4300 1421 4349 Berol.
1435 4303 1509 4360 1866,

113 4388 154 4435 De
172 4386 285 4450 pedibus
303 4386 398 4435 solutis
416 4387 444 4434 in
462 4389 623 4451 tragicorum
640 4389 772 4436 minorum
789 4388 916 4437 trimetris
928 4387 1058 4435 iambicis.
1072 4402 1160 4451 progr.
1174 4387 1226 4435 Kil.
1240 4403 1262 4436 a.
1279 4388 1352 4435 1879.

217 4473 239 4537 2)
258 4474 310 4522 Die
328 4472 521 4538 Aufldsungen
544 4474 581 4522 im
600 4473 733 4523 Trimeter
757 4475 804 4524 des
821 4473 973 4538 Euripides.
991 4471 1089 4521 Philol.
1109 4473 1223 4534 XXIIII,
1246 4490 1270 4536 p.
1294 4475 1344 4521 407
1369 4489 1434 4538 sqq„
1458 4474 1510 4522 Die

113 4558 303 4623 Aufldsuugeu
322 4559 358 4606 im
378 4559 510 4607 Trimeter
528 4559 575 4607 des
594 4559 739 4623 Sophocles
758 4560 813 4608 und
834 4557 988 4623 Aeschylus.
1010 4557 1105 4608 Philol.
1126 4559 1209 4618 XXV,
1229 4573 1253 4622 p.
1273 4559 1307 4606 sl
1326 4574 1382 4622 sqq.

164 4650 330 4691 Dissertationu-
344 4649 419 4700 philol.
435 4650 525 4692 vindob.
540 4649 580 4692 111.
596 4654 615 4693 1.
1323 4646 1353 4692 21
