3392 5067
1442 193 1503 257 189

108 387 226 469 legitur
250 382 348 471 (ὄφρα
372 436 379 451 .
403 437 410 450 .
436 435 442 448 .
467 381 596 470 ἐσέβη),
628 391 660 445 et
682 382 795 445 lllimn.
821 381 872 463 12,
898 381 938 444 10
961 378 1034 469 ὄφρ’
1058 377 1146 460 Ἠὼς
1167 380 1322 468 ἠριγένεια
1344 385 1424 473 μόλῃ
1463 408 1502 449 ac

109 490 252 573 Theogn.
273 489 357 553 1354
379 489 464 576 ὄφρα
487 485 607 565 τέλειος
630 482 679 573 dp,
704 485 821 570 quibus
845 486 925 549 locis
949 488 1174 550 coniunctivus
1197 487 1357 570 particula
1379 489 1418 552 ὄν
1440 512 1504 553 non

109 594 236 658 adiecta
259 602 358 657 extat.
388 592 519 678 reliquis
535 614 612 655 vero
635 591 713 655 locis
736 590 837 653 altera
853 591 903 652 vis
927 590 1098 654 statuenda
1120 599 1177 671 est,
1203 592 1257 675 qui
1273 591 1335 654 loci
1351 592 1501 677 Xenoph.

110 722 141 763 v.
159 700 189 780 3,
206 698 226 761 2
242 708 389 783 excepte,
407 696 463 761 ubi
478 696 674 759 indicativus
690 694 872 779 imperfecti
888 694 1014 777 legitur,
1041 716 1150 759 omnes
1165 696 1210 758 ita
1226 698 1404 780 comparati
1420 707 1503 779 sunt,

110 812 145 867 ut
161 796 245 890 ὄφρα
261 825 335 866 oum
352 803 556 866 coniunctivc
578 800 791 883 coniungatur
807 820 913 883 neque
928 818 1083 883 umquam
1098 800 1137 863 ὄν
1155 796 1236 883 (adr)
1254 799 1402 864 addatur.
1427 824 1504 866 sane

112 908 152 971 de
176 908 301 971 duobus
332 905 410 970 locis
440 905 552 989 Bergk
576 904 668 967 aliter
698 903 869 985 iudicavit,
906 902 963 966 scd
987 905 1182 967 enumeratis
1217 906 1313 967 certis
1347 907 1505 991 exemplis

113 1010 282 1076 ostendere
312 1010 449 1075 studebo
477 1008 547 1072 illos
578 1031 641 1072 non
672 1008 785 1072 differe
809 1031 828 1070 a
852 1008 993 1092 reliquis,
1017 1009 1072 1092 qui
1096 1017 1183 1071 sunt:
1216 1008 1307 1093 Tyrt.
1327 1009 1376 1091 10,
1400 1009 1440 1072 27
1458 1033 1504 1096 sq.

112 1113 213 1181 νέοισι
229 1117 264 1181 δὲ
284 1110 542 1194 στάντ’ἒνιέοικεν,
558 1112 561 1195 1
575 1106 648 1199 ὄφρ’
656 1114 768 1199 ἐρατῆς
782 1115 862 1198 ἥβης
877 1113 995 1195 ἀγλαὸν
1009 1113 1112 1189 ὄνθος
1127 1108 1192 1200 ἔχῃ,
1216 1112 1361 1195 Theogn.
1378 1112 1440 1176 977
1458 1135 1505 1198 sq.
1531 1133 1535 1140 ·

111 1215 201 1285 ταῦτ’
223 1221 342 1304 ἐσορῶν
363 1216 495 1306 κραδίην
521 1214 556 1282 εὖ
582 1214 751 1300 πείσομαι,
785 1212 858 1303 ὄφρ’
873 1211 918 1280 ἔτ’
946 1216 1069 1302 ἐλαφρὰ
1094 1214 1097 1299 1
1122 1220 1258 1300 χούνασα
1288 1215 1343 1282 καλ
1369 1219 1508 1305 κεφαλὴν

113 1322 271 1411 ἀτρεμέως
293 1320 444 1409 προφέρω
453 1322 488 1407 11,
512 1321 589 1384 ibid.
614 1320 678 1383 984
705 1314 839 1407 ὄφρ’ὄιι
861 1371 868 1384 .
886 1370 893 1383 .
912 1317 1024 1408 φέρῃ,
1056 1318 1136 1383 1007
1151 1341 1198 1404 sq.
1222 1318 1313 1397 ξυνὸν
1336 1318 1506 1408 δ’ἀνθρώ-

112 1452 189 1507 ιιοις
210 1428 432 1515 ὑποθήσομαι,
456 1426 540 1512 ὄφρα
559 1449 608 1503 τις
629 1428 694 1511 ἡβᾷ
714 1422 718 1508 1
739 1425 856 1507 ἂχλαόν
877 1425 979 1501 ὄνθος
1002 1419 1082 1505 ἔχων
1103 1422 1158 1488 καὶ
1179 1422 1292 1512 φρεσὶν
1313 1425 1418 1490 ἐσθλὰ
1440 1436 1506 1515 νοῇ.

113 1541 237 1595 restant
262 1534 328 1595 iam
355 1531 418 1594 duo
446 1531 507 1593 loci
535 1550 633 1614 supra
660 1529 916 1609 commemorati,
946 1526 1062 1611 quibus
1091 1537 1202 1591 contra
1229 1529 1408 1612 Bergkium
1437 1553 1508 1594 con-

114 1639 292 1701 iunctivum
315 1634 474 1721 particula
497 1636 536 1699 ὄν
557 1656 621 1697 non
644 1632 821 1697 accedente
836 1631 1010 1713 legendum
1033 1653 1102 1694 esse
1124 1642 1212 1719 puto,
1235 1631 1379 1716 Theogn.
1397 1633 1461 1697 252
1477 1645 1509 1698 et

117 1741 209 1805 1143.
254 1763 330 1804 nam
358 1749 393 1803 ut
419 1738 460 1802 ab
487 1738 541 1802 illo
570 1738 695 1801 initium
727 1738 865 1820 capiam,
891 1735 994 1799 verba
1022 1736 1142 1799 tradita
1172 1736 1266 1822 ἀοιδὴ
1286 1736 1290 1821 1
1310 1733 1387 1827 ὄσσῃ
1413 1739 1508 1825 ὁμῶς,

116 1842 188 1933 ὄφρ’
203 1846 241 1910 ἂν
256 1854 293 1934 pr}
308 1869 343 1909 τε
358 1842 412 1909 καὶ
433 1842 548 1932 ἠέλιος,
567 1865 640 1905 cum
663 1839 682 1930 ῃ
697 1843 817 1926 requiri
832 1862 897 1905 non
912 1842 1022 1925 possit,
1047 1839 1123 1903 ferri
1138 1850 1310 1924 nequeunt.
1341 1841 1384 1939 id.
1397 1843 1509 1928 Bergk

115 1949 281 2031 intellexit,
306 1951 360 2034 qui
384 1949 464 2011 duas
481 1948 682 2011 coniecturas
699 1940 853 2034 ὄφρ’ὄνῃ
876 1953 908 2008 ct
930 1938 1030 2033 ὄφρ’ρ1
1051 1947 1227 2029 proposuit,
1252 1946 1309 2009 sed
1331 1946 1418 2010 illam
1433 1948 1510 2011 huic

114 2052 276 2141 praetulit.
323 2052 379 2117 sed
410 2074 469 2136 ego
493 2048 566 2139 ὄφρ’
585 2048 605 2137 ᾗ
627 2050 799 2134 legendum
824 2071 895 2113 csse
919 2061 1005 2133 puto,
1033 2049 1130 2133 quod,
1161 2051 1187 2111 si
1217 2050 1250 2112 in
1272 2050 1378 2115 medio
1408 2052 1509 2116 verbo
1589 2045 1593 2051 ⁸

117 2179 276 2223 consonae
306 2167 413 2221 mutae
446 2156 576 2240 liquidis
610 2155 820 2239 praecedunt,
852 2163 883 2216 ct
917 2153 1004 2238 apud
1035 2153 1212 2216 Homerum
1242 2163 1275 2217 et
1304 2154 1390 2239 apud
1421 2166 1510 2220 vetu-

116 2264 228 2326 stiores
258 2270 370 2347 poetas
402 2260 560 2343 elegiacos
590 2261 751 2323 rarissime
783 2255 910 2342 syllaba
940 2258 1126 2342 corripitur3
1158 2258 1199 2321 cf.
1224 2257 1338 2321 Hartel
1369 2261 1400 2322 in
1429 2259 1510 2324 libro

118 2366 341 2431 ‘Homerische
357 2364 502 2429 Studien'
526 2366 679 2448 inscripto
695 2363 731 2426 12
750 2385 780 2448 p.
798 2361 851 2442 80,
876 2359 911 2425 O.
929 2360 1054 2425 Goebcl
1074 2364 1108 2424 in
1139 2362 1214 2426 diss.
1246 2362 1287 2425 de
1311 2366 1511 2449 correptione

118 2470 228 2535 Attica
264 2469 451 2559 (Argentor.
477 2467 584 2552 1876),
622 2467 652 2531 J.
685 2465 800 2531 Sitzler
834 2468 867 2530 in
902 2468 1169 2531 commentatione
1206 2488 1288 2551 quae
1325 2468 1512 2533 inscribitur

119 2580 127 2611 ‘
134 2575 269 2640 Studien
289 2597 363 2639 zum
377 2574 533 2657 Elegiker
548 2572 724 2655 Theognis'
748 2569 869 2657 (progr.
888 2569 1006 2655 Gymn.
1024 2571 1331 2636 Tauberbischofsh.
1355 2595 1384 2636 a.
1404 2573 1510 2660 1885),

116 2681 181 2743 iam
209 2679 295 2763 quod
323 2679 365 2743 ad
392 2679 528 2742 alterum
556 2677 662 2741 locum
689 2676 822 2757 adtinet,
851 2678 905 2760 qui
933 2684 981 2738 est
1010 2671 1080 2741 ἀλλ’
1100 2676 1184 2764 ὄφρα
1210 2699 1260 2754 τις
1281 2675 1356 2756 ζώει
1387 2677 1447 2764 (sic
1470 2679 1511 2762 A,

117 2782 195 2863 ζώοι
221 2786 257 2865 0,
288 2784 403 2867 reliqui
425 2781 504 2870 ζώῃ)
534 2780 588 2847 καὶ
611 2782 669 2869 ὁρᾷ
699 2786 781 2867 φάος
803 2779 925 2869 ι1ελίοιο
953 2779 956 2865 1
983 2778 1139 2862 εὐσεβέων
1167 2780 1242 2866 ιιερὶ
1264 2786 1371 2863 θεούς,
1394 2782 1512 2850 ἐλπίδα

117 2885 332 2974 ιιροσμενέιω,
356 2887 418 2969 hic,
443 2889 502 2950 etsi
529 2887 616 2970 apud
639 2884 815 2951 Homerum
839 2889 867 2949 Σ
887 2884 927 2948 61
950 2907 996 2969 sq.
1021 2894 1053 2949 et
1074 2884 1140 2947 442
1160 2907 1218 2970 sq,
1242 2885 1327 2949 unde
1350 2888 1378 2951 is
1400 2910 1513 2951 versus

118 2993 273 3077 repetitus
296 3002 354 3075 est,
378 2992 574 3055 indicativus
597 2990 728 3074 legitur:
756 2990 840 3077 ὄφρα
863 2988 900 3055 δέ
921 3013 977 3074 μοι
1000 2989 1074 3068 ζώει
1094 2988 1149 3054 καὶ
1172 2990 1231 3077 ὁρᾷ
1252 2995 1336 3076 φάος
1360 2990 1511 3079 delicta!

119 3096 258 3178 ὄχνοιαι,
288 3094 362 3162 οὐδέ
383 3093 417 3161 σι’
439 3090 471 3162 ol
494 3096 630 3180 δύναμαι
658 3104 851 3182 χραισμῆσαι
882 3095 984 3178 ἰοῦσα,
1016 3092 1080 3183 ζώῃ
1103 3093 1310 3158 scribendum
1333 3118 1403 3159 esse
1426 3106 1512 3182 puto.

119 3222 193 3263 nam
216 3199 304 3284 apud
320 3200 499 3264 Homerum
522 3200 562 3263 de
585 3222 649 3263 uno
666 3198 794 3263 Achille
817 3221 857 3263 ca
872 3199 974 3262 verba
997 3198 1158 3280 dicuntur,
1182 3200 1270 3283 apud
1290 3199 1514 3284 Theognidem

119 3314 228 3368 autem
251 3306 450 3369 enuntiatum
473 3306 506 3367 in
522 3306 709 3368 universum
725 3312 861 3389 spectat.
889 3302 985 3386 adde,
1010 3302 1095 3387 quod
1118 3305 1329 3388 imperativus
1352 3307 1434 3388 ipse,
1459 3308 1514 3391 qui

119 3410 152 3471 in
169 3410 332 3473 enuntiato
349 3409 500 3493 primario
516 3417 615 3489 extat,
640 3431 719 3499 cum¹
729 3429 830 3493 prope
847 3406 890 3471 ad
906 3405 1050 3470 futurum
1067 3407 1212 3484 accedat,
1236 3417 1272 3471 ut
1293 3411 1515 3473 coniunctivus

119 3513 256 3597 legatur,
272 3513 430 3599 postulat3
455 3512 601 3577 conferas
617 3516 654 3577 Η
671 3512 730 3575 103
747 3533 793 3597 sq.
810 3505 879 3576 ἀλλ’
894 3507 989 3595 ἄγετ’,
1006 3505 1080 3599 ὄφρ’
1095 3513 1134 3576 ὄν
1148 3513 1209 3596 ἐγὼ
1225 3514 1384 3601 πολεμήια
1400 3519 1512 3596 τεύχεα

120 3617 194 3698 δύω,
215 3620 219 3701 1
239 3613 331 3705 τόφρ’
345 3618 433 3702 ὑμεῖς
455 3618 589 3699 εόχεσθε
610 3615 666 3682 Διὶ
688 3614 847 3703 Κρονίωνι
870 3616 983 3681 ὄνακσι
1006 3626 1039 3679 ct
1061 3638 1103 3679 ex
1127 3616 1246 3700 elegeis
1269 3618 1347 3701 ipsis
1372 3640 1445 3682 cum
1468 3642 1516 3681 rc·

119 3722 223 3806 liquos
246 3722 342 3804 locos,
366 3722 421 3785 ubi
437 3721 522 3809 ὄφρα
538 3743 612 3785 cum
636 3722 841 3784 coniunctivc
866 3721 1080 3804 coniungitur,
1105 3730 1174 3785 tum
1196 3720 1303 3785 locum
1319 3722 1516 3787 simillimum

227 3967 246 4032 ¹)
264 3967 338 4016 Libri
361 3968 435 4034 ὄφρα
454 3963 477 4016 τ’
496 3967 631 4028 exhibent,
654 3966 701 4016 sed
724 3971 796 4015 recte
815 3965 1002 4015 Schneidewin
1025 3965 1163 4015 lenissima
1185 3968 1334 4017 mutatione
1357 3969 1429 4017 facta
1451 3969 1517 4037 ὄφρ’

122 4051 159 4105 ἔτ’
172 4055 284 4119 scripsit.
304 4069 373 4119 quac
392 4056 547 4104 coniectura
560 4054 724 4103 Buchholzio
744 4070 797 4103 non
817 4060 857 4103 est
875 4054 994 4119 probata,
1014 4056 1068 4119 qui,
1086 4059 1117 4102 ut
1135 4054 1210 4122 ὄφρα
1229 4070 1256 4105 τε
1276 4055 1438 4118 defenderet,
1457 4053 1517 4107 ’ἐστε

123 4141 237 4190 conferri
264 4142 348 4190 iussit.
386 4147 413 4191 at
441 4141 509 4190 hane
537 4141 696 4205 particulam
720 4156 876 4206 comparare
899 4156 953 4190 non
977 4140 1053 4207 licet,
1077 4142 1141 4206 quia
1167 4142 1200 4191 ab
1225 4156 1257 4191 ea
1279 4143 1310 4192 τέ
1331 4144 1436 4207 seiungi
1463 4159 1517 4192 non

123 4232 218 4292 potest.
254 4230 353 4277 rectius
376 4229 464 4293 Bergk
488 4244 537 4277 nos
559 4228 593 4277 ad
615 4243 695 4277 voces
718 4229 762 4278 ὅτε
781 4244 818 4290 τε,
842 4229 887 4278 ὅτε
905 4228 955 4296 πέρ
974 4243 1002 4278 τε
1027 4230 1170 4277 revocavit.
1206 4229 1253 4278 scd
1275 4246 1336 4279 eum
1359 4229 1426 4280 talia
1447 4231 1519 4295 apud

123 4314 270 4363 Homerum
288 4315 404 4380 quidem,
428 4331 481 4364 non
499 4330 563 4364 vero
580 4316 608 4363 in
627 4314 736 4380 elogeirr,
759 4316 834 4383 ὄφρα
853 4330 882 4364 τε
906 4329 993 4380 noque
1016 4315 1044 4362 in
1063 4315 1176 4364 Homeri
1194 4318 1356 4367 carminibus
1379 4333 1467 4382 neque
1489 4319 1518 4366 iu

123 4400 224 4465 elegeis
242 4406 315 4450 extet
335 4400 406 4465 (nam
425 4416 517 4451 versus
536 4402 656 4467 Theogu.
672 4404 738 4451 1128
757 4402 836 4451 valde
856 4407 995 4467 corruptus
1014 4402 1074 4465 est),
1094 4403 1214 4451 codicum
1235 4405 1366 4468 scriptura
1383 4405 1519 4453 reicienda

124 4492 171 4537 est.
208 4487 282 4549 adde,
303 4487 373 4553 quod
392 4485 440 4551 ἔτι,
459 4480 629 4553 quodetiam
649 4488 768 4555 Theogn.
782 4491 842 4549 984,
862 4490 909 4553 qui
927 4488 1003 4537 locus
1022 4494 1063 4538 est
1081 4489 1241 4551 simillimus,
1260 4490 1371 4555 legitdr:
1395 4488 1460 4559 ὄφρ’
1478 4488 1519 4541 ’ἐτι

123 4575 259 4642 τερπωλῆς
277 4572 334 4643 ἕρμ’
354 4573 477 4643 ἐρατεινὰ
497 4576 575 4645 φέρῃ,
595 4578 695 4641 optime
713 4578 741 4625 in
760 4578 923 4627 sententiam
942 4576 1061 4639 quadrat.
