3392 5067
92 4 620 85 “’

148 199 210 262 120

145 401 181 456 ut
209 399 279 469 τοῖς
309 391 350 454 ad
382 411 560 476 pronomen
587 387 757 451 relativum
788 388 957 471 referatur,
985 387 1130 471 Theogn.
1161 388 1225 452 814
1255 389 1376 475 εἰδήσω
1405 389 1460 455 καὶ
1485 402 1548 457 τῶν

95 534 99 539 ·
145 492 241 563 ὅντιν’
257 492 364 577 έχουσι
387 496 469 574 νόον,
498 492 770 557 ἄλλοτεέίλλοτε
794 491 938 574 Theogn.
959 491 1051 556 1258.
1083 492 1168 556 adde
1193 515 1247 557 eos
1269 493 1366 575 locos,
1391 494 1508 579 quibus
1530 496 1547 560 ὁ

146 622 220 664 cum
249 597 542 685 praepositionibus
575 597 794 688 coniungitur:
828 596 920 680 Tyrt.
948 595 979 676 4,
1004 596 1043 659 10
1069 596 1146 680 περὶ
1171 606 1244 679 τῶν,
1275 598 1426 682 Xenoph.
1455 597 1485 681 2,
1506 598 1548 662 20

145 703 203 770 ἐστὶ
232 715 288 792 τῷ,
319 701 398 766 ibid.
429 701 457 777 7,
483 700 503 763 3
532 704 614 786 πρὸς
642 708 720 779 τοῖς,
752 700 897 783 Theogn.
923 700 964 763 33
994 706 1075 784 μετὰ
1105 709 1191 766 τοῖσι
1221 700 1310 788 (bis),
1341 702 1380 764 51
1410 702 1446 766 ἐκ
1475 711 1546 767 τῶν.

146 806 339 893 quibuscum
367 805 511 888 Theogn.
536 804 599 867 488
632 804 772 867 conferri
800 814 919 889 potest,
949 804 1021 886 ubi,
1052 814 1088 868 ut
1119 805 1183 869 Sol.
1210 805 1262 889 37,
1289 806 1309 870 5
1338 808 1372 869 in
1402 808 1548 871 trimetro

143 921 208 977 τῶν
230 906 330 976 οὕνεκ)
353 910 482 993 legitur,
510 907 601 974 ἕνεκα
629 910 783 993 sequitur,
813 909 871 971 sed
894 911 948 991 ita,
977 918 1013 972 ut
1034 912 1165 974 τοῦνεκα
1190 912 1423 974 coniunctionis
1446 912 1548 976 instar

146 1019 186 1080 sit
220 1026 318 1100 atque
352 1014 549 1100 respondeat
582 1012 679 1077 latino
712 1014 914 1098 ‘propterea’.
965 1016 1004 1076 iis
1034 1023 1143 1078 autem
1173 1013 1262 1096 leuia,
1298 1013 1414 1100 quibus
1445 1016 1462 1079 ὁ
1493 1015 1549 1080 tali

146 1120 247 1186 fulcro
276 1128 373 1200 caret,
402 1141 580 1204 pronomen
606 1127 662 1181 aut
689 1117 732 1181 ad
760 1119 962 1181 enuntiatum
989 1117 1161 1183 relativum
1189 1128 1325 1203 spectat,
1354 1119 1440 1203 quod
1462 1120 1549 1183 valet

147 1226 189 1289 de
218 1224 310 1309 Tyrt.
342 1223 392 1305 10,
418 1223 435 1285 7
467 1223 586 1308 ἐχθρὸς
614 1224 672 1305 μὲν
698 1225 756 1306 γὰρ
783 1228 870 1287 τοῖσι
897 1219 1097 1306 μετέσσεται,
1126 1223 1179 1301 0ος
1199 1274 1206 1286 .
1228 1273 1246 1304 .,
1275 1223 1424 1308 Xenoph⁶
1453 1223 1479 1300 1,
1497 1223 1548 1304 20,

146 1329 292 1413 Theogn.
324 1327 376 1408 34,
401 1326 511 1411 2161),
542 1335 599 1390 aut
626 1326 668 1389 ad
696 1325 823 1409 singula
851 1325 962 1407 verba,
994 1347 1077 1411 quae
1105 1349 1233 1411 semper
1260 1329 1475 1412 praecedunt3
1507 1326 1548 1391 cf.

147 1434 210 1499 Sol.
230 1433 279 1516 13,
296 1432 336 1495 47
347 1454 394 1517 sq.
424 1431 518 1509 ἄλλος
540 1441 595 1519 γῆν
617 1430 738 1515 τέμνων
759 1430 990 1516 πολυδένδρεον
1012 1433 1057 1510 εἰς
1079 1433 1222 1497 ἐνιαυτὸν
1243 1430 1246 1517 l
1266 1432 1418 1518 λατρεύει,
1446 1440 1550 1497 τοῖσιν

146 1533 286 1623 lapaut
314 1538 431 1621 ἄροτρα
462 1535 561 1619 μέλει,
590 1535 701 1599 llimn.
726 1536 798 1617 2,3
827 1542 897 1615 τοῖς
922 1531 1031 1618 ἴκελοι,
1065 1535 1216 1621 Xenoph.
1243 1538 1270 1610 1,
1292 1536 1333 1599 23
1363 1543 1433 1615 τοῖς
1459 1535 1550 1602 οὐδέν

147 1645 283 1729 χρηστὸν
311 1637 424 1721 ένεστι,
453 1640 600 1723 Theogn.
627 1640 689 1704 104
716 1642 787 1705 οὔτε
817 1665 870 1705 κεν
900 1642 1021 1706 ἐσθλὸν
1050 1636 1131 1723 έχων
1160 1652 1217 1707 τοῦ
1243 1642 1400 1726 μεταδοῦν
1427 1639 1549 1720 ἐθέλοι,

147 1746 211 1810 349
240 1754 304 1810 τῶν
329 1744 378 1832 εἴη
405 1743 504 1829 μέλαν
531 1734 611 1829 αἷμα
638 1752 735 1825 πιεῖν,
763 1745 828 1808 565
855 1754 913 1810 τοῦ
939 1752 1065 1825 σονιεῖν,
1093 1744 1158 1809 584
1184 1754 1246 1809 τῶν
1269 1746 1391 1832 φυλακὴ
1418 1742 1549 1829 μελέτω,

149 1850 212 1915 883
235 1858 291 1915 τοῦ
314 1847 425 1925 στένων.
468 1859 579 1930 restat,
602 1857 638 1911 ut
661 1848 768 1913 dicam
790 1848 936 1933 Theogn.
963 1849 1046 1913 1062
1073 1850 1115 1914 ad
1142 1850 1265 1914 hiatum
1292 1848 1469 1914 tollendum
1491 1871 1550 1933 pro

148 1950 180 2021 01
209 1963 321 2019 extare
343 1953 406 2038 τοί,
431 1954 518 2039 quod
541 1964 670 2038 praeter
699 1954 784 2018 huno
812 1954 919 2019 locum
944 1954 1089 2037 Theogn.
1114 1953 1178 2017 383
1206 1956 1379 2035 invenitur,
1407 1954 1464 2017 ubi
1491 1975 1550 2037 pro

148 2062 182 2126 οἵ
207 2062 346 2145 ponitur,
376 2068 409 2121 et
435 2058 580 2141 Theogn.
605 2058 669 2122 305
697 2068 729 2121 et
756 2058 829 2140 936,
859 2059 975 2144 quibus
1003 2058 1092 2140 locis,
1123 2062 1149 2122 si
1184 2058 1305 2122 codicis
1333 2059 1363 2121 A
1391 2060 1551 2142 scriptura

147 2204 189 2211 —
212 2162 326 2247 reliqui
350 2165 436 2227 enim
459 2163 493 2227 οἵ
515 2162 735 2226 exhibent-
757 2165 900 2246 genuina
923 2172 979 2244 est,
1006 2163 1132 2227 articuli
1155 2166 1190 2227 vi
1212 2165 1405 2227 instructum
1429 2172 1487 2225 est.

253 2266 287 2330 Si
318 2266 408 2350 haec,
444 2289 527 2352 quae
557 2266 651 2330 modo
682 2265 808 2350 prolata
838 2277 926 2343 sunt,
964 2289 1038 2331 oum
1064 2267 1197 2331 Homeri
1228 2290 1289 2330 usu
1319 2265 1375 2352 (ef.
1400 2266 1551 2349 Krueger

148 2372 202 2435 Di.
226 2371 278 2455 50,
307 2372 421 2435 Monro
449 2369 506 2435 Gr.
535 2370 619 2435 hom.
651 2374 691 2451 ἐξ
719 2370 782 2433 256
796 2370 882 2455 sqq.)
910 2392 1146 2455 comparamus,
1178 2372 1236 2434 vix
1263 2370 1363 2434 ullum
1390 2372 1551 2434 invenitur

141 2476 345 2561 exemplum,
374 2476 425 2538 cui
449 2474 551 2538 simile
577 2475 610 2538 in
633 2474 768 2538 Homeri
796 2475 993 2539 carminibus
1022 2498 1085 2539 non
1114 2484 1212 2538 extet.
1258 2474 1321 2538 alia
1347 2497 1436 2554 vera,
1468 2495 1551 2558 quae

149 2580 236 2666 apud
259 2580 438 2643 Homerum
462 2581 538 2642 satis
562 2601 659 2663 saepe
683 2580 843 2664 leguntur,
874 2582 939 2643 iam
963 2601 1001 2643 ea
1023 2588 1130 2644 aetate
1153 2580 1195 2643 ab
1219 2603 1280 2643 usu
1301 2588 1425 2643 remota
1449 2590 1549 2642 erant.

148 2686 363 2769 nequeenim
390 2684 408 2749 ὁ
431 2706 586 2768 umquam
613 2684 768 2748 adtributi
795 2686 828 2748 in
856 2684 989 2747 modum
1013 2707 1086 2748 cum
1112 2684 1312 2749 substantivo
1337 2685 1550 2767 coniungitur,

150 2790 235 2875 quod
259 2812 309 2853 ex.
334 2810 381 2872 gr.
406 2788 442 2852 fit
464 2789 560 2852 Hom.
584 2789 614 2852 Ε
633 2788 696 2853 268
719 2797 775 2872 τῆς
799 2799 904 2873 γενεῆς
930 2785 1062 2875 ἔκλεψεν
1084 2788 1164 2865 ἅναξ
1186 2790 1307 2873 ἀνδρῶν
1330 2783 1477 2875 Ἀγχίσης
1499 2786 1551 2849 vel

149 2918 173 2981 φ
193 2894 254 2957 142
276 2892 446 2979 ἀρξάμενοι
469 2902 526 2958 τοῦ
548 2899 660 2979 χώρου,
685 2895 764 2959 ὅθεν
784 2894 819 2959 τέ
838 2918 899 2976 περ
919 2895 1100 2976 οἰνοχοεύει,
1124 2916 1198 2957 cum
1218 2893 1336 2957 talibus
1359 2892 1437 2955 locis
1461 2886 1552 2969 οὗτος

150 2998 354 3077 adhibeatur,
383 3020 487 3083 neque
515 2999 557 3062 ad
588 2999 827 3063 substantivum
856 3020 993 3083 sequens
1020 2998 1160 3062 refertur
1190 3038 1226 3044 —
1257 3018 1407 3082 compara
1435 3021 1460 3060 ω
1489 2993 1551 3057 286

149 3106 248 3190 ἡγὰρ
277 3100 374 3186 θέμις
402 3113 433 3166 et
457 3102 602 3185 Theogn.
627 3102 689 3164 688
718 3102 823 3167 οὐδενὶ
849 3114 943 3167 τοῦτο
972 3101 1069 3186 θέμις
1092 3141 1132 3147 -
1160 3124 1264 3185 neque
1296 3103 1340 3163 ita
1368 3108 1551 3184 usurpatur,

151 3217 187 3269 ut
206 3205 385 3269 infinitivus
403 3217 566 3292 sequatur,
583 3206 703 3269 veluto
720 3206 762 3269 52
777 3205 848 3293 ἀνίη
870 3205 922 3271 καὶ
942 3210 979 3271 τὸ
996 3209 1178 3289 φυλάσσειν,
1200 3205 1258 3269 sed
1274 3205 1362 3269 aliud
1378 3225 1552 3289 pronomen

152 3311 441 3374 demonstrativum
476 3311 632 3374 eiusmodi
666 3311 744 3374 locis
786 3310 974 3388 adhibetur3
1016 3310 1055 3373 cf.
1092 3310 1236 3392 Theogn.
1271 3308 1333 3372 099
1353 3331 1399 3393 sq.
1430 3308 1552 3395 πλήθει

152 3411 181 3481 d'
193 3416 376 3500 ἀνθρώπων
398 3418 492 3501 ἀρετὴ
514 3413 573 3499 μία
595 3412 715 3499 γίνεται
735 3416 800 3501 ἥδε,
822 3415 826 3498 l
846 3415 1003 3479 πλουτεῖν.
1043 3414 1127 3498 quod
1153 3436 1248 3498 porro
1273 3412 1361 3498 apud
1376 3414 1554 3476 Homerum

152 3522 405 3605 praepositiones
427 3542 589 3604 nusquam
611 3515 703 3597 οὗτος
726 3522 854 3603 excipit,
884 3542 955 3581 raro
979 3519 1043 3598 dds,
1073 3520 1200 3601 saepius
1228 3517 1254 3597 ὁ,
1283 3519 1316 3580 in
1344 3517 1462 3599 elegeis
1490 3537 1553 3579 non

153 3623 255 3687 solum
287 3623 314 3702 ὁ,
347 3634 383 3686 ut
414 3645 511 3707 supra
539 3623 794 3687 demonstratum
822 3633 879 3705 est,
912 3646 985 3686 cum
1016 3622 1308 3707 praepositionibus
1340 3621 1553 3703 coniungitur,

153 3728 211 3791 sed
239 3729 334 3791 etiam
362 3729 416 3792 500
445 3728 603 3814 (Theogn.
629 3728 692 3791 263
722 3734 811 3812 παρὰ
838 3729 915 3816 τῇδε
946 3737 978 3790 et
1005 3726 1155 3811 Xenoph.
1181 3726 1255 3807 1,4
1285 3725 1358 3811 περὶ
1385 3719 1495 3809 τῶνδ’)
1523 3735 1555 3787 et

154 3828 247 3909 οὗτος
270 3830 454 3916 (Sol.11,4
478 3832 531 3896 διὰ
554 3842 663 3911 ταῦτα,
687 3831 764 3895 ibid.
791 3832 840 3913 13,
859 3831 900 3895 35
924 3832 994 3916 ὀλχρι
1020 3830 1055 3896 δὲ
1077 3832 1200 3910 τούτου,
1225 3830 1275 3914 24,
1299 3830 1319 3893 5
1351 3851 1392 3890 cx
1421 3828 1555 3912 Bergkii

155 3938 339 4000 coniectura
360 3939 442 4001 κατὰ
463 3937 588 4021 ταῦτα).
618 3959 731 4000 verum
756 3938 782 3999 si
805 3936 863 3999 hos
886 3936 972 3999 locos
997 3957 1070 3999 cum
1094 3937 1142 4014 iis,
1166 3933 1283 4019 quibus
1306 3934 1323 3999 ὁ
1348 3942 1447 4014 extat,
1472 3955 1554 3996 com-

154 4041 312 4125 ponimus7
345 4041 442 4103 etiam
473 4042 505 4103 in
537 4039 656 4123 elegeis
689 4040 834 4104 crebrius
863 4040 880 4105 ὁ
909 4041 1057 4123 usurpari
1088 4038 1245 4103 videmus.
1296 4039 1373 4101 item
1405 4061 1446 4101 cx
1477 4036 1554 4101 locis

155 4147 317 4229 congestis
344 4144 482 4228 adparet
508 4147 596 4230 apud
619 4145 842 4228 Theognidem
867 4166 1044 4229 pronomen
1067 4140 1159 4222 οὗτος
1181 4165 1222 4207 ne
1245 4165 1309 4206 uno
1332 4142 1463 4226 quidem
1486 4143 1556 4207 loco

156 4270 230 4312 cum
254 4250 490 4334 praepositione
515 4251 734 4312 consociatum
757 4271 836 4313 esse.
882 4260 1052 4334 praeterea
1074 4269 1225 4311 numerus
1249 4246 1489 4330 particularum,
1514 4246 1556 4309 ad

260 4495 280 4558 1)
298 4494 366 4545 Aliis
384 4495 452 4545 locis
471 4498 486 4544 ὁ
505 4500 532 4544 et
551 4496 585 4544 ad
604 4497 772 4544 enuntiatum
791 4494 934 4545 relativum
952 4494 1067 4544 refertur
1090 4501 1116 4543 et
1139 4509 1200 4543 oum
1220 4492 1358 4558 particulis
1381 4491 1553 4557 coniungitur

156 4582 229 4650 quod
245 4582 276 4630 fit
293 4582 366 4648 Tyrt.
388 4583 428 4645 12,
441 4583 483 4646 27,
502 4581 554 4632 Sol.
575 4584 600 4646 5,
613 4584 637 4645 4,
656 4580 774 4649 Theogn.
794 4583 853 4632 871.
