3392 5067
1459 243 1518 307 121
1583 300 1585 303 .

119 453 199 516 quas
221 431 239 495 ὁ
262 430 419 494 accedere
447 430 536 512 solet,
565 432 596 493 in
625 431 744 514 elegeis
773 432 873 495 multo
900 434 1004 496 minor
1027 444 1076 498 est
1099 456 1196 517 quam
1218 434 1305 519 apud
1329 434 1517 498 Homerum.
1593 517 1595 521 ι

118 558 194 599 nam
219 537 279 598 etsi
302 535 319 600 ὁ
343 532 379 600 δέ
400 536 571 616 invenitur,
595 543 704 602 tamen
727 557 899 620 nusquam,
923 546 958 599 ut
981 537 1021 600 de
1045 538 1175 621 reliquis
1195 537 1362 621 particulis
1381 547 1518 619 taceam,

118 662 177 724 pro
205 638 242 705 δέ
267 640 398 725 ponitur
425 643 524 724 αὐτάρ
552 638 606 701 vel
632 639 722 703 ἀλλά.
768 641 824 704 sed
853 662 893 702 ne
922 640 940 705 ὁ
968 640 1004 707 δέ
1031 640 1162 726 quidem
1184 642 1317 706 Homeri
1340 665 1436 723 more,
1466 646 1520 727 qui

119 745 216 807 etiam
243 747 341 829 αὐτὰρ
364 743 381 808 ὁ
410 752 442 806 et
468 740 543 827 ὅγε
571 745 616 807 sic
645 754 789 829 usurpat,
818 766 973 830 umquam
1000 748 1031 808 in
1060 744 1160 809 altero
1189 748 1352 810 enuntiato
1376 746 1521 831 bipertiti¹

118 848 293 911 verborum
313 847 465 931 ambitus,
487 848 549 910 nisi
570 846 707 911 subiecti
727 848 763 911 fit
783 850 926 925 mutatio,
944 848 1070 932 legitur.
1106 850 1225 913 absunt
1245 852 1342 933 igitur
1358 850 1517 935 exempla,
1628 924 1635 937 ,

118 952 226 1036 qualia
242 959 317 1015 sunt
328 954 359 1016 A
368 950 486 1036 491sq.
503 960 560 1016 τοῦ
575 953 633 1035 μὲν
647 934 780 1037 ἅμοιρθ’,
797 952 814 1016 ὁ
831 953 867 1017 δὲ
878 957 1017 1033 Λεῦκον,
1034 950 1209 1032 Ὀδυσσέος
1224 955 1345 1019 ἐσθλὸν
1359 954 1494 1039 ἑταῖρον,
1512 959 1517 1037 l

115 1056 265 1143 βεβλήκει
289 1064 319 1119 et
335 1054 456 1120 Herod.
469 1056 501 1120 V
514 1056 577 1119 120
597 1058 777 1140 ...τὰμὲν
796 1060 953 1144 πρότερον
975 1052 1006 1124 οἱ
1024 1064 1128 1145 Κᾶρες
1148 1060 1353 1140 ἐβουλεύοντο
1373 1070 1518 1145 μετῆκαν,

117 1155 149 1226 οἱ
172 1163 207 1226 δὲ
230 1159 319 1239 αὖτις
340 1160 511 1246 πολεμέειν
533 1160 568 1237 ἐξ
591 1164 686 1248 ἀρχῆς
708 1160 868 1246 ἀρτέοντο.

223 1264 336 1329 Altera
372 1266 522 1330 vocabuli
558 1266 598 1328 de
633 1286 696 1349 quo
731 1268 838 1349 agitur
872 1269 923 1329 vis
954 1276 1002 1329 est
1032 1266 1169 1330 articuli.
1223 1267 1309 1351 apud
1341 1268 1530 1331 Homerum¹

99 1357 215 1456 'saepe
243 1369 332 1433 haud
359 1369 455 1433 facile
483 1369 652 1433 diiudicari
683 1381 778 1454 posse
810 1380 944 1448 constat,
976 1381 1085 1435 utrum
1116 1393 1292 1456 pronomen
1324 1372 1519 1435 demonstra-

116 1477 220 1538 tivum
243 1474 436 1538 sumendum
459 1475 500 1536 sit
523 1496 563 1537 an
586 1474 751 1537 articulus.
798 1474 884 1538 unde
909 1497 1007 1538 causa
1030 1476 1207 1559 repetenda
1230 1486 1287 1557 est,
1313 1498 1371 1539 cur
1394 1476 1435 1539 de
1459 1476 1520 1539 hac

117 1603 152 1643 re
184 1590 216 1643 et
246 1590 375 1645 veteres
405 1581 610 1662 grammatici
641 1590 673 1643 et
702 1582 901 1644 recentiores
932 1583 1073 1644 maxime
1105 1580 1304 1645 dissentiant.
1352 1581 1438 1666 quod
1466 1584 1519 1664 qui

117 1684 247 1748 edoceri
275 1682 355 1768 vult,
384 1682 448 1747 Ad.
471 1682 645 1747 Stummeri
670 1686 983 1760 commentationem,
1014 1708 1096 1771 quae
1119 1694 1168 1748 est
1191 1685 1232 1777 de
1255 1684 1390 1749 articulo
1413 1684 1520 1749 home·

116 1791 183 1853 rico
206 1788 334 1874 (Progr.
359 1788 390 1853 d.
414 1788 459 1853 kl.
481 1787 738 1852 Studienanstalt
761 1812 801 1851 zu
824 1788 1052 1853 Munnerstadt
1077 1788 1211 1873 rasolo)
1235 1788 1331 1873 legat,
1355 1790 1413 1854 ubi
1437 1812 1519 1875 quae

116 1892 179 1957 huc
210 1896 373 1978 pertinent
404 1915 456 1956 res
487 1902 638 1956 accurate
668 1903 841 1976 congestae
870 1904 951 1957 sunt.
1012 1903 1109 1978 atque
1143 1893 1197 1958 alii
1226 1893 1405 1958 Homerum
1443 1895 1519 1957 satis

116 1998 225 2062 multis
249 1997 326 2062 locis
350 1998 485 2061 articulo
508 2019 602 2061 usum
625 2020 696 2061 esse
720 1998 842 2079 dicunt,
872 1998 925 2062 alii
948 2001 1060 2083 paucis
1084 2020 1158 2062 eum
1182 2008 1295 2063 extare
1318 2007 1442 2084 putant,
1467 1998 1521 2061 alii

116 2124 271 2188 umquam
293 2102 372 2165 ’eum
402 2101 584 2167 adhibitum
612 2124 682 2165 esse
710 2103 752 2167 ab
779 2102 833 2167 illo
860 2112 989 2186 negant.
1036 2104 1068 2166 hi
1098 2113 1208 2167 autem
1231 2114 1317 2167 certo
1342 2102 1413 2166 falsi
1438 2114 1519 2183 sunt,

118 2230 201 2291 cum,
223 2209 249 2269 si
269 2208 307 2269 iis
328 2206 544 2291 adstipulare,
567 2229 711 2270 summae
731 2229 828 2291 saepe
848 2208 1082 2292 interpretandi
1099 2207 1306 2271 difficultates
1323 2207 1519 2271 oboriantur.

118 2314 188 2396 quis
217 2313 302 2375 enim
330 2320 391 2392 est,
424 2320 459 2373 ut
485 2334 585 2375 unum
612 2311 799 2396 exemplum
825 2311 972 2376 adferam
1000 2350 1042 2358 —
1073 2312 1113 2376 cf.
1142 2322 1272 2397 praeter
1301 2311 1520 2376 Stummerum

118 2415 251 2480 Classen
276 2415 369 2478 Iahn.
394 2415 480 2479 Arm.
507 2415 708 2479 LXXVIIII
734 2438 788 2500 pp.
819 2415 958 2500 aalsqq.
988 2454 1039 2497 -—,
1064 2419 1118 2501 qui
1146 2416 1289 2480 Ameisio
1320 2417 1520 2480 adsentiatur

118 2524 144 2584 θ
158 2518 218 2582 107
226 2542 273 2605 sq.
290 2519 392 2583 verba
407 2513 439 2583 oi
451 2517 555 2605 dllotl
570 2522 720 2605 Φαιήκων
737 2514 769 2585 οἱ
783 2521 911 2603 ἄριστοι
928 2523 973 2583 sic
990 2522 1214 2605 interpretanti
1232 2523 1298 2601 ‘sie,
1316 2522 1368 2585 die
1384 2522 1518 2601 andern,

112 2626 190 2711 jene
211 2625 346 2708 besten',
374 2623 428 2687 vel
455 2625 472 2689 ὃ
500 2646 676 2709 pronomen
701 2624 990 2689 demonstrativum
1014 2647 1084 2687 esse
1111 2635 1218 2709 putet,
1247 2628 1274 2687 si
1306 2648 1381 2688 cum
1411 2626 1519 2687 verbis

119 2724 225 2809 οὗτος,
256 2729 375 2805 ἐκεῖνος
405 2727 595 2812 copulatur?
641 2739 674 2791 at
704 2729 782 2813 quid
813 2729 854 2791 de
885 2732 987 2813 poetis
1023 2728 1172 2812 elegiacis
1207 2730 1415 2793 statuendum
1448 2732 1519 2791 est?

119 2835 258 2917 primum
289 2833 420 2917 quidem
449 2834 507 2895 vix
537 2855 692 2916 umquam
723 2832 859 2897 dubium
889 2855 958 2896 esse
988 2843 1108 2918 potest,
1139 2842 1247 2897 utrum
1279 2835 1296 2899 ὁ
1322 2837 1519 2919 pronominis

118 2937 207 3021 apud
230 2959 285 2999 eos
308 2960 348 2999 an
369 2936 497 2999 articuli
517 2938 681 3000 notionem
696 2937 825 3021 habeat,
851 2937 908 3000 sed
929 2960 980 3000 res
1001 2936 1095 3001 facile
1112 2938 1316 3002 diiudicatur.
1349 2961 1518 3001 verumne

119 3041 207 3126 apud
229 3042 289 3105 hos
312 3042 442 3126 quidem
463 3052 574 3126 poetas
594 3064 671 3105 usus
691 3050 757 3105 tam
778 3052 928 3105 constans
949 3051 997 3105 est
1017 3065 1114 3128 quam
1135 3044 1222 3128 apud
1244 3065 1307 3125 eos,
1332 3045 1388 3128 qui
1407 3054 1520 3129 postea

119 3146 258 3208 fuerunt.
312 3133 430 3210 etenim
444 3149 628 3227 veterrimi,
653 3145 804 3228 Cadmus,
837 3149 927 3209 cuius
950 3146 1105 3232 reliquiae
1141 3170 1217 3211 sane
1251 3149 1401 3211 minimae
1436 3160 1518 3227 sunt,

119 3250 291 3334 Tyrtaeus,
314 3250 538 3332 Archilochus,
563 3250 784 3331 Mimnermus
809 3250 881 3314 Solo
908 3274 980 3315 raro
1008 3252 1144 3315 articulo
1171 3261 1314 3315 utuntur.
1360 3253 1460 3316 veluti
1488 3255 1519 3313 in

119 3356 354 3439 quinquaginta
391 3354 459 3417 fere
494 3354 642 3419 versibus
676 3354 864 3419 Archilochi
902 3378 1060 3439 nusquam
1096 3366 1200 3437 extat,
1239 3356 1325 3441 apud
1360 3355 1519 3421 Callinum

120 3460 226 3539 semel,
263 3459 350 3544 apud
375 3461 553 3545 Tyrtaeum
585 3462 618 3522 in
650 3469 779 3523 centum
811 3462 1046 3545 quinquaginta
1076 3460 1143 3524 fere
1175 3461 1323 3525 versibus
1355 3460 1519 3540 undecies,

118 3585 224 3648 neque
252 3564 353 3627 multo
380 3566 509 3648 saepius
539 3566 571 3626 in
598 3565 783 3628 Mimnermi
814 3574 845 3626 et
876 3564 1001 3628 Solonis
1032 3565 1175 3649 reliquiis
1205 3568 1376 3629 invenitur.
1423 3575 1519 3648 atque

120 3690 192 3731 cum
209 3670 387 3754 participiis
404 3679 435 3730 et
451 3670 620 3732 adiectivis
644 3671 858 3753 coniungitur,
883 3671 908 3731 si
932 3669 1063 3753 quidem
1087 3670 1364 3733 substantivorum
1387 3693 1519 3733 munere

119 3772 306 3856 funguntur,
332 3795 405 3835 cum
421 3773 640 3837 numeralibus
660 3773 859 3838 ordinalibus
885 3775 938 3858 (cf.
957 3774 1020 3839 Sol.
1038 3774 1105 3859 27),
1130 3797 1204 3838 cum
1227 3774 1401 3857 adverbiis,
1425 3779 1518 3838 raris-

119 3878 198 3940 sime
222 3900 296 3941 cum
320 3878 539 3941 substantivis.
578 3880 619 3942 ad
644 3900 723 3963 quos
745 3879 832 3942 locos
854 3880 946 3962 Tyrt.
966 3878 1015 3963 ta,
1031 3880 1071 3940 41
1097 3880 1176 3943 οἵτε
1191 3875 1261 3944 κατ’
1274 3884 1369 3944 αὐτόν
1386 3880 1519 3965 (zrjlr-

118 3983 247 4068 ιιιῶτοι)
273 3982 408 4045 accedit.
445 3980 539 4046 latius
566 4004 643 4046 vero
670 3984 759 4067 apud
787 3984 1021 4067 Theognidem,
1046 4005 1241 4068 quamquam
1269 3992 1300 4046 et
1324 3982 1377 4045 hic
1405 3987 1518 4046 articu-

118 4087 185 4150 lum
208 4088 386 4172 participiis
410 4096 442 4151 et
464 4087 634 4150 adiectivis
657 4088 756 4151 multo
780 4090 908 4173 saepius
931 4089 1107 4172 praemittit
1131 4110 1228 4172 quam
1252 4086 1321 4150 aliis
1346 4088 1518 4152 verborum

119 4191 305 4274 generibus,
328 4193 355 4255 is
379 4214 456 4255 usus
479 4200 577 4277 patet.

223 4296 323 4379 Apud
352 4281 538 4360 ¹Homerum
576 4299 672 4360 etiam
710 4298 889 4381 participiis
927 4296 1097 4360 articulum
1135 4296 1335 4381 praecedere
1368 4297 1518 4377 Kruegor

118 4398 287 4480 Dasea
307 4400 335 4484 1,
358 4401 586 4483 Naegelsbach
610 4402 651 4465 ad
673 4401 704 4463 A
725 4400 775 4482 70,
800 4399 935 4465 Classen
959 4401 1250 4486 (Beobachtungen
1274 4400 1356 4465 iiber
1379 4401 1441 4464 den
1467 4403 1517 4464 ho-

118 4505 302 4568 merischen
320 4504 628 4592 Sprachgebrauch)
652 4528 706 4591 pp.
729 4505 770 4569 62
780 4527 826 4590 sq.
852 4505 1074 4586 ostenderunt3
1100 4505 1156 4569 sed
1180 4506 1335 4570 eiusmodi
1358 4505 1421 4569 loci
1446 4518 1519 4569 sunt

119 4610 315 4692 paucissimi,
347 4610 434 4695 quod
464 4612 560 4673 etiarn
592 4610 632 4673 de
660 4611 795 4674 Hesiodi
823 4609 1021 4675 carminibus
1048 4609 1150 4690 valet3
1182 4609 1222 4675 cf.
1251 4609 1414 4693 Stummer
1445 4611 1464 4674 l.
1491 4638 1516 4679 c.

1630 4578 1680 4667 u
