<?xml version="1.0" encoding="UTF-8"?>
<!DOCTYPE html PUBLIC "-//W3C//DTD XHTML 1.0 Transitional//EN"
    "http://www.w3.org/TR/xhtml1/DTD/xhtml1-transitional.dtd">
<html xmlns="http://www.w3.org/1999/xhtml" xml:lang="en" lang="en">
 <head>
  <title>
</title>
<meta http-equiv="Content-Type" content="text/html;charset=utf-8" />
  <meta name='ocr-system' content='tesseract 3.04.00' />
  <meta name='ocr-capabilities' content='ocr_page ocr_carea ocr_par ocr_line ocrx_word'/>
</head>
<body>
  <div class='ocr_page' id='page_1' title='image "./dissertationesp04wiengoog_0206.png"; bbox 0 0 3392 5067; ppageno 0'>
   <div class='ocr_carea' id='block_1_1' title="bbox 1470 179 1538 287">
    <p class='ocr_par' dir='ltr' id='par_1_1' title="bbox 1470 179 1538 287">
     <span class='ocr_line' id='line_1_1' title="bbox 1470 179 1538 287; baseline 0.029 -2"><span class='ocrx_word' id='word_1_1' title='bbox 1470 179 1538 287; x_wconf 56' lang='lat' dir='ltr'><strong>&#39;iss</strong></span> 
     </span>
    </p>
   </div>
   <div class='ocr_carea' id='block_1_2' title="bbox 69 408 1556 4570">
    <p class='ocr_par' dir='ltr' id='par_1_2' title="bbox 141 408 1541 896">
     <span class='ocr_line' id='line_1_2' title="bbox 141 408 1539 503; baseline 0.001 -25"><span class='ocrx_word' id='word_1_2' title='bbox 141 413 232 493; x_wconf 78' lang='grc' dir='ltr'><em>τέλος</em></span> <span class='ocrx_word' id='word_1_3' title='bbox 268 410 306 501; x_wconf 90' lang='grc' dir='ltr'><strong>ήν</strong></span> <span class='ocrx_word' id='word_1_4' title='bbox 343 412 480 479; x_wconf 87' lang='lat' dir='ltr'><strong>verbum</strong></span> <span class='ocrx_word' id='word_1_5' title='bbox 522 408 604 481; x_wconf 76' lang='grc' dir='ltr'><em>εἶναι</em></span> <span class='ocrx_word' id='word_1_6' title='bbox 643 426 675 480; x_wconf 88' lang='lat' dir='ltr'><strong>et</strong></span> <span class='ocrx_word' id='word_1_7' title='bbox 714 415 792 481; x_wconf 84' lang='lat' dir='ltr'><strong>ibid.</strong></span> <span class='ocrx_word' id='word_1_8' title='bbox 831 415 894 481; x_wconf 91' lang='grc'><strong>281</strong></span> <span class='ocrx_word' id='word_1_9' title='bbox 933 419 1021 503; x_wconf 81' lang='grc' dir='ltr'><em>πάρα</em></span> <span class='ocrx_word' id='word_1_10' title='bbox 1062 410 1157 480; x_wconf 77' lang='grc' dir='ltr'><em>πόλλ’</em></span> <span class='ocrx_word' id='word_1_11' title='bbox 1189 412 1363 480; x_wconf 68' lang='grc' dir='ltr'><em>ἀνελέσθαι</em></span> <span class='ocrx_word' id='word_1_12' title='bbox 1400 414 1539 480; x_wconf 87' lang='lat' dir='ltr'><strong>verbum</strong></span> 
     </span>
     <span class='ocr_line' id='line_1_3' title="bbox 142 517 1541 606; baseline -0.001 -23"><span class='ocrx_word' id='word_1_13' title='bbox 142 523 231 606; x_wconf 83' lang='grc' dir='ltr'><em>πάρα</em></span> <span class='ocrx_word' id='word_1_14' title='bbox 259 520 427 605; x_wconf 77' lang='grc' dir='ltr'><em>(πάρεστι)</em></span> <span class='ocrx_word' id='word_1_15' title='bbox 463 520 508 583; x_wconf 88' lang='lat' dir='ltr'><strong>ita</strong></span> <span class='ocrx_word' id='word_1_16' title='bbox 540 520 618 585; x_wconf 84' lang='lat' dir='ltr'>ibid.</span> <span class='ocrx_word' id='word_1_17' title='bbox 649 520 714 584; x_wconf 80' lang='lat'><strong>474</strong></span> <span class='ocrx_word' id='word_1_18' title='bbox 745 524 781 585; x_wconf 82' lang='grc' dir='ltr'><strong>οδ</strong></span> <span class='ocrx_word' id='word_1_19' title='bbox 810 525 920 599; x_wconf 83' lang='grc' dir='ltr'><em>πάσας</em></span> <span class='ocrx_word' id='word_1_20' title='bbox 948 524 1060 598; x_wconf 84' lang='grc' dir='ltr'><em>νύκτας</em></span> <span class='ocrx_word' id='word_1_21' title='bbox 1089 517 1208 603; x_wconf 75' lang='grc' dir='ltr'><em>γίνεται</em></span> <span class='ocrx_word' id='word_1_22' title='bbox 1238 521 1321 605; x_wconf 70' lang='grc' dir='ltr'><strong>ἁβρὰ</strong></span> <span class='ocrx_word' id='word_1_23' title='bbox 1350 524 1475 586; x_wconf 88' lang='grc' dir='ltr'><em>παθεῖν</em></span> <span class='ocrx_word' id='word_1_24' title='bbox 1509 528 1541 583; x_wconf 88' lang='lat' dir='ltr'><strong>et</strong></span> 
     </span>
     <span class='ocr_line' id='line_1_4' title="bbox 143 618 1541 709; baseline 0.001 -24"><span class='ocrx_word' id='word_1_25' title='bbox 143 623 205 686; x_wconf 82' lang='grc'><strong>633</strong></span> <span class='ocrx_word' id='word_1_26' title='bbox 226 645 272 708; x_wconf 91' lang='lat' dir='ltr'><strong>sq.</strong></span> <span class='ocrx_word' id='word_1_27' title='bbox 304 624 444 689; x_wconf 76' lang='grc' dir='ltr'><em>πολλάκι</em></span> <span class='ocrx_word' id='word_1_28' title='bbox 472 627 538 709; x_wconf 84' lang='grc' dir='ltr'><strong>πὰρ</strong></span> <span class='ocrx_word' id='word_1_29' title='bbox 566 622 663 701; x_wconf 85' lang='grc' dir='ltr'><em>δόξαν</em></span> <span class='ocrx_word' id='word_1_30' title='bbox 689 649 724 689; x_wconf 83' lang='grc' dir='ltr'><em>ιε</em></span> <span class='ocrx_word' id='word_1_31' title='bbox 753 624 808 690; x_wconf 83' lang='grc' dir='ltr'><strong>καὶ</strong></span> <span class='ocrx_word' id='word_1_32' title='bbox 837 622 954 690; x_wconf 77' lang='grc' dir='ltr'><em>ἐλπίδα</em></span> <span class='ocrx_word' id='word_1_33' title='bbox 985 622 1105 708; x_wconf 70' lang='grc' dir='ltr'><em>γίνεται</em></span> <span class='ocrx_word' id='word_1_34' title='bbox 1134 621 1169 688; x_wconf 81' lang='grc' dir='ltr'><em>εδ</em></span> <span class='ocrx_word' id='word_1_35' title='bbox 1198 628 1263 709; x_wconf 83' lang='grc' dir='ltr'><em>ῥεῖν</em></span> <span class='ocrx_word' id='word_1_36' title='bbox 1294 624 1298 709; x_wconf 70' lang='lat' dir='ltr'><strong>i</strong></span> <span class='ocrx_word' id='word_1_37' title='bbox 1328 618 1392 709; x_wconf 68' lang='grc' dir='ltr'><strong>ἔργ’</strong></span> <span class='ocrx_word' id='word_1_38' title='bbox 1419 624 1541 709; x_wconf 83' lang='grc' dir='ltr'><em>ἀνδρῶν</em></span> 
     </span>
     <span class='ocr_line' id='line_1_5' title="bbox 144 724 1541 813; baseline 0.001 -24"><span class='ocrx_word' id='word_1_39' title='bbox 144 725 280 790; x_wconf 86' lang='lat' dir='ltr'><strong>verbum</strong></span> <span class='ocrx_word' id='word_1_40' title='bbox 307 724 474 811; x_wconf 71' lang='grc' dir='ltr'><em>γίγνεσθαι</em></span> <span class='ocrx_word' id='word_1_41' title='bbox 506 750 581 792; x_wconf 87' lang='lat' dir='ltr'><strong>eum</strong></span> <span class='ocrx_word' id='word_1_42' title='bbox 610 728 768 793; x_wconf 88' lang='lat' dir='ltr'><strong>infinitivo</strong></span> <span class='ocrx_word' id='word_1_43' title='bbox 800 730 1015 813; x_wconf 85' lang='lat' dir='ltr'><strong>coniungitur,</strong></span> <span class='ocrx_word' id='word_1_44' title='bbox 1047 726 1135 813; x_wconf 86' lang='lat' dir='ltr'><strong>quod</strong></span> <span class='ocrx_word' id='word_1_45' title='bbox 1163 749 1325 813; x_wconf 81' lang='lat' dir='ltr'>nusquam</span> <span class='ocrx_word' id='word_1_46' title='bbox 1360 727 1448 812; x_wconf 89' lang='lat' dir='ltr'><strong>apud</strong></span> <span class='ocrx_word' id='word_1_47' title='bbox 1476 729 1541 791; x_wconf 93' lang='lat' dir='ltr'><strong>Ho-</strong></span> 
     </span>
     <span class='ocr_line' id='line_1_6' title="bbox 143 831 335 896; baseline -0.005 -1"><span class='ocrx_word' id='word_1_48' title='bbox 143 853 268 896; x_wconf 83' lang='lat' dir='ltr'>merum</span> <span class='ocrx_word' id='word_1_49' title='bbox 290 831 335 895; x_wconf 87' lang='lat' dir='ltr'><strong>fit.</strong></span> 
     </span>
    </p>

    <p class='ocr_par' dir='ltr' id='par_1_3' title="bbox 69 935 1554 4047">
     <span class='ocr_line' id='line_1_7' title="bbox 247 935 1540 1021; baseline 0.001 -23"><span class='ocrx_word' id='word_1_50' title='bbox 247 936 316 999; x_wconf 90' lang='lat' dir='ltr'><strong>Iam</strong></span> <span class='ocrx_word' id='word_1_51' title='bbox 345 936 372 999; x_wconf 92' lang='lat' dir='ltr'><strong>si</strong></span> <span class='ocrx_word' id='word_1_52' title='bbox 393 938 426 998; x_wconf 92' lang='lat' dir='ltr'><strong>in</strong></span> <span class='ocrx_word' id='word_1_53' title='bbox 448 936 561 1021; x_wconf 86' lang='lat' dir='ltr'><strong>verba,</strong></span> <span class='ocrx_word' id='word_1_54' title='bbox 584 960 603 1000; x_wconf 88' lang='lat' dir='ltr'><strong>a</strong></span> <span class='ocrx_word' id='word_1_55' title='bbox 626 937 743 1021; x_wconf 90' lang='lat' dir='ltr'><strong>quibus</strong></span> <span class='ocrx_word' id='word_1_56' title='bbox 766 936 944 1001; x_wconf 88' lang='lat' dir='ltr'><strong>infinitivus</strong></span> <span class='ocrx_word' id='word_1_57' title='bbox 967 936 1020 1000; x_wconf 83' lang='lat' dir='ltr'><strong>vel</strong></span> <span class='ocrx_word' id='word_1_58' title='bbox 1048 938 1254 999; x_wconf 82' lang='lat' dir='ltr'><strong>aecusativus</strong></span> <span class='ocrx_word' id='word_1_59' title='bbox 1281 958 1354 999; x_wconf 90' lang='lat' dir='ltr'><strong>oum</strong></span> <span class='ocrx_word' id='word_1_60' title='bbox 1381 935 1540 1000; x_wconf 88' lang='lat' dir='ltr'><strong>infinitivo</strong></span> 
     </span>
     <span class='ocr_line' id='line_1_8' title="bbox 145 1040 1542 1125; baseline 0.001 -24"><span class='ocrx_word' id='word_1_61' title='bbox 145 1042 334 1104; x_wconf 79' lang='lat' dir='ltr'><strong>coniunctus</strong></span> <span class='ocrx_word' id='word_1_62' title='bbox 358 1041 402 1103; x_wconf 87' lang='lat' dir='ltr'><strong>ita</strong></span> <span class='ocrx_word' id='word_1_63' title='bbox 425 1040 554 1125; x_wconf 80' lang='lat' dir='ltr'>pendet,</span> <span class='ocrx_word' id='word_1_64' title='bbox 578 1051 614 1105; x_wconf 89' lang='lat' dir='ltr'><strong>ut</strong></span> <span class='ocrx_word' id='word_1_65' title='bbox 636 1041 781 1106; x_wconf 80' lang='lat' dir='ltr'><strong>obiecti</strong></span> <span class='ocrx_word' id='word_1_66' title='bbox 804 1044 907 1105; x_wconf 83' lang='lat' dir='ltr'><strong>instar</strong></span> <span class='ocrx_word' id='word_1_67' title='bbox 930 1043 980 1122; x_wconf 86' lang='lat' dir='ltr'><strong>sit,</strong></span> <span class='ocrx_word' id='word_1_68' title='bbox 1003 1063 1131 1105; x_wconf 90' lang='lat' dir='ltr'><strong>meeum</strong></span> <span class='ocrx_word' id='word_1_69' title='bbox 1153 1042 1344 1125; x_wconf 89' lang='lat' dir='ltr'><strong>inquisieris,</strong></span> <span class='ocrx_word' id='word_1_70' title='bbox 1368 1040 1470 1104; x_wconf 86' lang='lat' dir='ltr'><strong>verba</strong></span> <span class='ocrx_word' id='word_1_71' title='bbox 1493 1040 1542 1103; x_wconf 88' lang='lat' dir='ltr'><strong>di·</strong></span> 
     </span>
     <span class='ocr_line' id='line_1_9' title="bbox 145 1144 1541 1231; baseline 0.001 -25"><span class='ocrx_word' id='word_1_72' title='bbox 145 1144 256 1207; x_wconf 86' lang='lat' dir='ltr'><strong>cendi</strong></span> <span class='ocrx_word' id='word_1_73' title='bbox 278 1144 453 1208; x_wconf 83' lang='lat' dir='ltr'><strong>admodum</strong></span> <span class='ocrx_word' id='word_1_74' title='bbox 476 1167 548 1209; x_wconf 85' lang='lat' dir='ltr'><strong>raro</strong></span> <span class='ocrx_word' id='word_1_75' title='bbox 571 1147 708 1209; x_wconf 89' lang='lat' dir='ltr'><strong>inveniri</strong></span> <span class='ocrx_word' id='word_1_76' title='bbox 729 1145 908 1230; x_wconf 76' lang='lat' dir='ltr'>intelleges,</span> <span class='ocrx_word' id='word_1_77' title='bbox 945 1146 1009 1209; x_wconf 90' lang='lat' dir='ltr'><strong>huo</strong></span> <span class='ocrx_word' id='word_1_78' title='bbox 1032 1146 1118 1208; x_wconf 86' lang='lat' dir='ltr'><strong>enim</strong></span> <span class='ocrx_word' id='word_1_79' title='bbox 1141 1154 1267 1209; x_wconf 87' lang='lat' dir='ltr'><strong>tantum</strong></span> <span class='ocrx_word' id='word_1_80' title='bbox 1286 1149 1386 1231; x_wconf 80' lang='grc' dir='ltr'><em>φάναι</em></span> <span class='ocrx_word' id='word_1_81' title='bbox 1406 1153 1541 1229; x_wconf 83' lang='lat' dir='ltr'><strong>spectat,</strong></span> 
     </span>
     <span class='ocr_line' id='line_1_10' title="bbox 143 1248 1542 1335; baseline 0.001 -24"><span class='ocrx_word' id='word_1_82' title='bbox 143 1248 242 1312; x_wconf 85' lang='lat' dir='ltr'><strong>veluti</strong></span> <span class='ocrx_word' id='word_1_83' title='bbox 265 1248 416 1334; x_wconf 87' lang='lat' dir='ltr'><strong>Xenoph.</strong></span> <span class='ocrx_word' id='word_1_84' title='bbox 440 1249 468 1330; x_wconf 89' lang='lat'><strong>1,</strong></span> <span class='ocrx_word' id='word_1_85' title='bbox 489 1248 509 1313; x_wconf 92' lang='grc'><strong>5</strong></span> <span class='ocrx_word' id='word_1_86' title='bbox 533 1259 566 1313; x_wconf 86' lang='lat' dir='ltr'><strong>et</strong></span> <span class='ocrx_word' id='word_1_87' title='bbox 588 1248 617 1328; x_wconf 84' lang='lat'><strong>6,</strong></span> <span class='ocrx_word' id='word_1_88' title='bbox 636 1251 665 1333; x_wconf 88' lang='lat'><strong>3,</strong></span> <span class='ocrx_word' id='word_1_89' title='bbox 690 1251 837 1335; x_wconf 83' lang='lat' dir='ltr'><strong>Theogn.</strong></span> <span class='ocrx_word' id='word_1_90' title='bbox 856 1251 908 1331; x_wconf 76' lang='lat'><strong>37,</strong></span> <span class='ocrx_word' id='word_1_91' title='bbox 932 1258 963 1313; x_wconf 86' lang='lat' dir='ltr'><strong>et</strong></span> <span class='ocrx_word' id='word_1_92' title='bbox 986 1249 1096 1334; x_wconf 76' lang='grc' dir='ltr'><em>λέγειν,</em></span> <span class='ocrx_word' id='word_1_93' title='bbox 1120 1250 1207 1335; x_wconf 91' lang='lat' dir='ltr'><strong>quod</strong></span> <span class='ocrx_word' id='word_1_94' title='bbox 1229 1248 1426 1314; x_wconf 86' lang='lat' dir='ltr'><strong>vocabulum</strong></span> <span class='ocrx_word' id='word_1_95' title='bbox 1454 1249 1542 1333; x_wconf 88' lang='lat' dir='ltr'><strong>apud</strong></span> 
     </span>
     <span class='ocr_line' id='line_1_11' title="bbox 144 1353 1542 1440; baseline 0.002 -26"><span class='ocrx_word' id='word_1_96' title='bbox 144 1354 322 1417; x_wconf 85' lang='lat' dir='ltr'><strong>Homerum</strong></span> <span class='ocrx_word' id='word_1_97' title='bbox 357 1375 534 1439; x_wconf 90' lang='lat' dir='ltr'><strong>numquam</strong></span> <span class='ocrx_word' id='word_1_98' title='bbox 562 1354 692 1418; x_wconf 83' lang='lat' dir='ltr'><strong>dicendi</strong></span> <span class='ocrx_word' id='word_1_99' title='bbox 722 1358 789 1418; x_wconf 89' lang='lat' dir='ltr'><strong>vim</strong></span> <span class='ocrx_word' id='word_1_100' title='bbox 823 1353 933 1436; x_wconf 86' lang='lat' dir='ltr'><strong>habet,</strong></span> <span class='ocrx_word' id='word_1_101' title='bbox 969 1354 1068 1418; x_wconf 88' lang='lat' dir='ltr'><strong>Phoo.</strong></span> <span class='ocrx_word' id='word_1_102' title='bbox 1101 1354 1130 1418; x_wconf 77' lang='lat'><strong>7.</strong></span> <span class='ocrx_word' id='word_1_103' title='bbox 1178 1354 1294 1440; x_wconf 91' lang='lat' dir='ltr'><strong>quibus</strong></span> <span class='ocrx_word' id='word_1_104' title='bbox 1324 1353 1434 1418; x_wconf 90' lang='lat' dir='ltr'><strong>verbis</strong></span> <span class='ocrx_word' id='word_1_105' title='bbox 1469 1376 1542 1417; x_wconf 92' lang='lat' dir='ltr'><strong>nus-</strong></span> 
     </span>
     <span class='ocr_line' id='line_1_12' title="bbox 145 1457 1542 1543; baseline 0.001 -24"><span class='ocrx_word' id='word_1_106' title='bbox 145 1479 243 1542; x_wconf 84' lang='lat' dir='ltr'><strong>quam</strong></span> <span class='ocrx_word' id='word_1_107' title='bbox 266 1458 317 1522; x_wconf 78' lang='grc' dir='ltr'><strong>δσι</strong></span> <span class='ocrx_word' id='word_1_108' title='bbox 339 1457 393 1520; x_wconf 86' lang='lat' dir='ltr'><strong>vel</strong></span> <span class='ocrx_word' id='word_1_109' title='bbox 415 1459 457 1535; x_wconf 83' lang='grc' dir='ltr'><strong>ὡς</strong></span> <span class='ocrx_word' id='word_1_110' title='bbox 484 1458 675 1523; x_wconf 79' lang='lat' dir='ltr'><strong>adnectitur.</strong></span> <span class='ocrx_word' id='word_1_111' title='bbox 720 1480 825 1543; x_wconf 88' lang='lat' dir='ltr'><strong>neque</strong></span> <span class='ocrx_word' id='word_1_112' title='bbox 849 1457 959 1539; x_wconf 88' lang='lat' dir='ltr'><strong>verba,</strong></span> <span class='ocrx_word' id='word_1_113' title='bbox 989 1457 1162 1543; x_wconf 91' lang='lat' dir='ltr'><strong>inquibus</strong></span> <span class='ocrx_word' id='word_1_114' title='bbox 1189 1458 1351 1543; x_wconf 87' lang='lat' dir='ltr'><strong>putandi</strong></span> <span class='ocrx_word' id='word_1_115' title='bbox 1375 1460 1425 1522; x_wconf 90' lang='lat' dir='ltr'><strong>vis</strong></span> <span class='ocrx_word' id='word_1_116' title='bbox 1447 1460 1542 1540; x_wconf 87' lang='lat' dir='ltr'><strong>inest,</strong></span> 
     </span>
     <span class='ocr_line' id='line_1_13' title="bbox 145 1562 1544 1648; baseline 0.001 -24"><span class='ocrx_word' id='word_1_117' title='bbox 145 1583 241 1647; x_wconf 84' lang='lat' dir='ltr'><strong>saepe</strong></span> <span class='ocrx_word' id='word_1_118' title='bbox 264 1562 416 1645; x_wconf 85' lang='lat' dir='ltr'><strong>leguntur</strong></span> <span class='ocrx_word' id='word_1_119' title='bbox 439 1573 577 1648; x_wconf 83' lang='lat' dir='ltr'><strong>excepta</strong></span> <span class='ocrx_word' id='word_1_120' title='bbox 600 1584 680 1627; x_wconf 84' lang='lat' dir='ltr'><strong>vose</strong></span> <span class='ocrx_word' id='word_1_121' title='bbox 705 1564 818 1645; x_wconf 84' lang='grc' dir='ltr'><em>δοκεῖν,</em></span> <span class='ocrx_word' id='word_1_122' title='bbox 848 1563 889 1627; x_wconf 91' lang='lat' dir='ltr'><strong>de</strong></span> <span class='ocrx_word' id='word_1_123' title='bbox 912 1583 976 1647; x_wconf 84' lang='lat' dir='ltr'><strong>qua</strong></span> <span class='ocrx_word' id='word_1_124' title='bbox 998 1563 1100 1627; x_wconf 81' lang='lat' dir='ltr'><strong>fusius</strong></span> <span class='ocrx_word' id='word_1_125' title='bbox 1127 1563 1290 1646; x_wconf 85' lang='lat' dir='ltr'><strong>agendum</strong></span> <span class='ocrx_word' id='word_1_126' title='bbox 1314 1571 1373 1625; x_wconf 87' lang='lat' dir='ltr'><strong>est.</strong></span> <span class='ocrx_word' id='word_1_127' title='bbox 1419 1571 1544 1626; x_wconf 84' lang='lat' dir='ltr'><strong>constat</strong></span> 
     </span>
     <span class='ocr_line' id='line_1_14' title="bbox 145 1666 1541 1751; baseline -0.001 -22"><span class='ocrx_word' id='word_1_128' title='bbox 145 1668 230 1729; x_wconf 92' lang='lat' dir='ltr'><strong>enim</strong></span> <span class='ocrx_word' id='word_1_129' title='bbox 254 1666 342 1751; x_wconf 88' lang='lat' dir='ltr'><strong>apud</strong></span> <span class='ocrx_word' id='word_1_130' title='bbox 366 1668 538 1751; x_wconf 75' lang='lat' dir='ltr'><strong>scriptores</strong></span> <span class='ocrx_word' id='word_1_131' title='bbox 561 1670 675 1731; x_wconf 80' lang='lat' dir='ltr'><strong>atticos</strong></span> <span class='ocrx_word' id='word_1_132' title='bbox 706 1668 812 1734; x_wconf 78' lang='grc' dir='ltr'><em>δοκεῖν</em></span> <span class='ocrx_word' id='word_1_133' title='bbox 836 1677 868 1732; x_wconf 88' lang='lat' dir='ltr'><strong>et</strong></span> <span class='ocrx_word' id='word_1_134' title='bbox 895 1667 1101 1732; x_wconf 80' lang='lat' dir='ltr'><strong>‘existimare&#39;</strong></span> <span class='ocrx_word' id='word_1_135' title='bbox 1127 1676 1159 1730; x_wconf 91' lang='lat' dir='ltr'><strong>et</strong></span> <span class='ocrx_word' id='word_1_136' title='bbox 1183 1668 1314 1731; x_wconf 82' lang='lat' dir='ltr'><strong>‘videri’</strong></span> <span class='ocrx_word' id='word_1_137' title='bbox 1344 1666 1541 1751; x_wconf 72' lang='lat' dir='ltr'><strong>significare,</strong></span> 
     </span>
     <span class='ocr_line' id='line_1_15' title="bbox 146 1771 1544 1857; baseline 0 -23"><span class='ocrx_word' id='word_1_138' title='bbox 146 1771 231 1856; x_wconf 91' lang='lat' dir='ltr'><strong>quod</strong></span> <span class='ocrx_word' id='word_1_139' title='bbox 262 1793 327 1835; x_wconf 90' lang='lat' dir='ltr'><strong>non</strong></span> <span class='ocrx_word' id='word_1_140' title='bbox 359 1771 508 1835; x_wconf 92' lang='lat' dir='ltr'><strong>omnibus</strong></span> <span class='ocrx_word' id='word_1_141' title='bbox 538 1772 739 1856; x_wconf 89' lang='lat' dir='ltr'><strong>temporibus</strong></span> <span class='ocrx_word' id='word_1_142' title='bbox 766 1774 812 1837; x_wconf 89' lang='lat' dir='ltr'><strong>ita</strong></span> <span class='ocrx_word' id='word_1_143' title='bbox 838 1773 909 1836; x_wconf 87' lang='lat' dir='ltr'><strong>fuit.</strong></span> <span class='ocrx_word' id='word_1_144' title='bbox 955 1794 1032 1836; x_wconf 87' lang='lat' dir='ltr'><strong>nam</strong></span> <span class='ocrx_word' id='word_1_145' title='bbox 1059 1772 1146 1857; x_wconf 87' lang='lat' dir='ltr'><strong>apud</strong></span> <span class='ocrx_word' id='word_1_146' title='bbox 1176 1772 1370 1854; x_wconf 86' lang='lat' dir='ltr'><strong>Homerum,</strong></span> <span class='ocrx_word' id='word_1_147' title='bbox 1398 1773 1453 1856; x_wconf 93' lang='lat' dir='ltr'><strong>qui</strong></span> <span class='ocrx_word' id='word_1_148' title='bbox 1479 1792 1544 1834; x_wconf 89' lang='lat' dir='ltr'><strong>non</strong></span> 
     </span>
     <span class='ocr_line' id='line_1_16' title="bbox 145 1864 1544 1958; baseline 0.001 -21"><span class='ocrx_word' id='word_1_149' title='bbox 145 1876 191 1938; x_wconf 92' lang='lat' dir='ltr'><strong>ita</strong></span> <span class='ocrx_word' id='word_1_150' title='bbox 219 1874 332 1939; x_wconf 88' lang='lat' dir='ltr'><strong>erebro</strong></span> <span class='ocrx_word' id='word_1_151' title='bbox 361 1897 398 1939; x_wconf 93' lang='lat' dir='ltr'><strong>eo</strong></span> <span class='ocrx_word' id='word_1_152' title='bbox 422 1864 522 1940; x_wconf 84' lang='lat' dir='ltr'><strong>verbo</strong></span> <span class='ocrx_word' id='word_1_153' title='bbox 550 1879 650 1940; x_wconf 89' lang='lat' dir='ltr'><strong>utitur</strong></span> <span class='ocrx_word' id='word_1_154' title='bbox 678 1916 719 1922; x_wconf 95' lang='lat'><strong>—</strong></span> <span class='ocrx_word' id='word_1_155' title='bbox 746 1877 788 1941; x_wconf 88' lang='lat' dir='ltr'><strong>ab</strong></span> <span class='ocrx_word' id='word_1_156' title='bbox 813 1876 948 1941; x_wconf 89' lang='lat' dir='ltr'><strong>Hesiodi</strong></span> <span class='ocrx_word' id='word_1_157' title='bbox 976 1876 1173 1940; x_wconf 79' lang='lat' dir='ltr'><strong>carminibus</strong></span> <span class='ocrx_word' id='word_1_158' title='bbox 1200 1877 1234 1940; x_wconf 95' lang='lat' dir='ltr'><strong>id</strong></span> <span class='ocrx_word' id='word_1_159' title='bbox 1261 1875 1476 1958; x_wconf 81' lang='lat' dir='ltr'><strong>alienumest</strong></span> <span class='ocrx_word' id='word_1_160' title='bbox 1503 1913 1544 1921; x_wconf 92' lang='lat'><em>-</em></span> 
     </span>
     <span class='ocr_line' id='line_1_17' title="bbox 146 1974 1545 2069; baseline 0.002 -28"><span class='ocrx_word' id='word_1_161' title='bbox 146 1980 196 2041; x_wconf 89' lang='lat' dir='ltr'><strong>vis</strong></span> <span class='ocrx_word' id='word_1_162' title='bbox 230 1979 284 2043; x_wconf 91' lang='lat' dir='ltr'><strong>illa</strong></span> <span class='ocrx_word' id='word_1_163' title='bbox 318 2002 381 2043; x_wconf 92' lang='lat' dir='ltr'><strong>uno</strong></span> <span class='ocrx_word' id='word_1_164' title='bbox 414 1979 485 2044; x_wconf 86' lang='lat' dir='ltr'><strong>loeo</strong></span> <span class='ocrx_word' id='word_1_165' title='bbox 519 1982 688 2065; x_wconf 87' lang='lat' dir='ltr'><strong>reperitur,</strong></span> <span class='ocrx_word' id='word_1_166' title='bbox 722 1985 759 2045; x_wconf 90' lang='lat' dir='ltr'><strong>H</strong></span> <span class='ocrx_word' id='word_1_167' title='bbox 785 1979 847 2044; x_wconf 85' lang='grc'><strong>192</strong></span> <span class='ocrx_word' id='word_1_168' title='bbox 877 1979 978 2047; x_wconf 81' lang='grc' dir='ltr'><em>δοκέω</em></span> <span class='ocrx_word' id='word_1_169' title='bbox 1001 1982 1166 2069; x_wconf 79' lang='grc' dir='ltr'><em>νικησέμεν</em></span> <span class='ocrx_word' id='word_1_170' title='bbox 1187 1974 1338 2064; x_wconf 80' lang='grc' dir='ltr'><em>Ἕκτορα,</em></span> <span class='ocrx_word' id='word_1_171' title='bbox 1374 1980 1414 2043; x_wconf 90' lang='lat' dir='ltr'><strong>ad</strong></span> <span class='ocrx_word' id='word_1_172' title='bbox 1449 2001 1545 2064; x_wconf 86' lang='lat' dir='ltr'><strong>quem</strong></span> 
     </span>
     <span class='ocr_line' id='line_1_18' title="bbox 147 2077 1545 2173; baseline 0.001 -28"><span class='ocrx_word' id='word_1_173' title='bbox 147 2083 257 2168; x_wconf 89' lang='lat' dir='ltr'><strong>hymn.</strong></span> <span class='ocrx_word' id='word_1_174' title='bbox 287 2084 387 2148; x_wconf 87' lang='lat' dir='ltr'><strong>Mero.</strong></span> <span class='ocrx_word' id='word_1_175' title='bbox 417 2082 479 2147; x_wconf 92' lang='grc'><strong>208</strong></span> <span class='ocrx_word' id='word_1_176' title='bbox 511 2085 615 2150; x_wconf 93' lang='grc' dir='ltr'><em>παῖδα</em></span> <span class='ocrx_word' id='word_1_177' title='bbox 643 2080 672 2151; x_wconf 77' lang='grc' dir='ltr'><strong>δ’</strong></span> <span class='ocrx_word' id='word_1_178' title='bbox 689 2080 794 2164; x_wconf 76' lang='grc' dir='ltr'><em>ἔδοξα,</em></span> <span class='ocrx_word' id='word_1_179' title='bbox 823 2088 924 2173; x_wconf 83' lang='grc' dir='ltr'><em>σαφὲς</em></span> <span class='ocrx_word' id='word_1_180' title='bbox 950 2079 980 2151; x_wconf 74' lang='grc' dir='ltr'><strong>δ’</strong></span> <span class='ocrx_word' id='word_1_181' title='bbox 992 2089 1048 2150; x_wconf 86' lang='grc' dir='ltr'><strong>οὐκ</strong></span> <span class='ocrx_word' id='word_1_182' title='bbox 1075 2077 1159 2165; x_wconf 82' lang='grc' dir='ltr'><em>οἶδα,</em></span> <span class='ocrx_word' id='word_1_183' title='bbox 1186 2093 1300 2173; x_wconf 83' lang='grc' dir='ltr'><em>νοήσαι</em></span> <span class='ocrx_word' id='word_1_184' title='bbox 1329 2084 1466 2148; x_wconf 90' lang='lat' dir='ltr'><strong>aooedit.</strong></span> <span class='ocrx_word' id='word_1_185' title='bbox 1511 2086 1545 2147; x_wconf 90' lang='lat' dir='ltr'><strong>in</strong></span> 
     </span>
     <span class='ocr_line' id='line_1_19' title="bbox 148 2188 1546 2274; baseline -0.001 -23"><span class='ocrx_word' id='word_1_186' title='bbox 148 2188 265 2271; x_wconf 77' lang='lat' dir='ltr'><strong>eingeis</strong></span> <span class='ocrx_word' id='word_1_187' title='bbox 288 2210 376 2269; x_wconf 85' lang='lat' dir='ltr'><strong>vers,</strong></span> <span class='ocrx_word' id='word_1_188' title='bbox 400 2188 574 2274; x_wconf 88' lang='lat' dir='ltr'><strong>inquibus</strong></span> <span class='ocrx_word' id='word_1_189' title='bbox 598 2189 703 2255; x_wconf 85' lang='grc' dir='ltr'><em>δοκεῖν</em></span> <span class='ocrx_word' id='word_1_190' title='bbox 725 2191 846 2273; x_wconf 88' lang='lat' dir='ltr'><strong>passim</strong></span> <span class='ocrx_word' id='word_1_191' title='bbox 868 2189 997 2273; x_wconf 84' lang='lat' dir='ltr'><strong>legitur,</strong></span> <span class='ocrx_word' id='word_1_192' title='bbox 1021 2190 1156 2253; x_wconf 85' lang='lat' dir='ltr'><strong>totidem</strong></span> <span class='ocrx_word' id='word_1_193' title='bbox 1178 2189 1246 2253; x_wconf 89' lang='lat' dir='ltr'><strong>fere</strong></span> <span class='ocrx_word' id='word_1_194' title='bbox 1269 2188 1348 2253; x_wconf 86' lang='lat' dir='ltr'><strong>locis</strong></span> <span class='ocrx_word' id='word_1_195' title='bbox 1373 2199 1405 2252; x_wconf 88' lang='lat' dir='ltr'><strong>et</strong></span> <span class='ocrx_word' id='word_1_196' title='bbox 1430 2189 1490 2251; x_wconf 89' lang='lat' dir='ltr'><strong>hae</strong></span> <span class='ocrx_word' id='word_1_197' title='bbox 1515 2196 1546 2251; x_wconf 88' lang='lat' dir='ltr'><strong>et</strong></span> 
     </span>
     <span class='ocr_line' id='line_1_20' title="bbox 146 2292 1546 2379; baseline 0.001 -23"><span class='ocrx_word' id='word_1_198' title='bbox 146 2292 202 2357; x_wconf 87' lang='lat' dir='ltr'><strong>illa</strong></span> <span class='ocrx_word' id='word_1_199' title='bbox 224 2295 257 2355; x_wconf 92' lang='lat' dir='ltr'><strong>vi</strong></span> <span class='ocrx_word' id='word_1_200' title='bbox 280 2294 473 2357; x_wconf 80' lang='lat' dir='ltr'><strong>instructum</strong></span> <span class='ocrx_word' id='word_1_201' title='bbox 497 2302 553 2357; x_wconf 88' lang='lat' dir='ltr'><strong>est.</strong></span> <span class='ocrx_word' id='word_1_202' title='bbox 596 2294 694 2358; x_wconf 87' lang='lat' dir='ltr'><strong>latino</strong></span> <span class='ocrx_word' id='word_1_203' title='bbox 718 2294 923 2357; x_wconf 78' lang='lat' dir='ltr'><strong>‘existimare&#39;</strong></span> <span class='ocrx_word' id='word_1_204' title='bbox 947 2294 1122 2378; x_wconf 86' lang='lat' dir='ltr'><strong>respondet</strong></span> <span class='ocrx_word' id='word_1_205' title='bbox 1145 2292 1209 2357; x_wconf 87' lang='lat' dir='ltr'><strong>Sol.</strong></span> <span class='ocrx_word' id='word_1_206' title='bbox 1231 2293 1279 2378; x_wconf 87' lang='lat'><strong>13,</strong></span> <span class='ocrx_word' id='word_1_207' title='bbox 1300 2292 1344 2356; x_wconf 92' lang='grc'><strong>42</strong></span> <span class='ocrx_word' id='word_1_208' title='bbox 1365 2294 1546 2379; x_wconf 73' lang='grc' dir='ltr'><em>κτήσεσθαι</em></span> 
     </span>
     <span class='ocr_line' id='line_1_21' title="bbox 148 2394 1547 2485; baseline -0.001 -23"><span class='ocrx_word' id='word_1_209' title='bbox 148 2447 183 2462; x_wconf 90' lang='grc'><strong>..</strong></span> <span class='ocrx_word' id='word_1_210' title='bbox 208 2398 305 2477; x_wconf 89' lang='grc' dir='ltr'><em>δοκεῖ,</em></span> <span class='ocrx_word' id='word_1_211' title='bbox 334 2396 412 2461; x_wconf 92' lang='lat' dir='ltr'><strong>ibid.</strong></span> <span class='ocrx_word' id='word_1_212' title='bbox 436 2396 489 2481; x_wconf 87' lang='grc'><strong>32,</strong></span> <span class='ocrx_word' id='word_1_213' title='bbox 512 2396 533 2460; x_wconf 89' lang='lat'>4</span> <span class='ocrx_word' id='word_1_214' title='bbox 557 2394 713 2483; x_wconf 85' lang='lat' dir='ltr'><strong>(tetram.)</strong></span> <span class='ocrx_word' id='word_1_215' title='bbox 733 2400 872 2485; x_wconf 79' lang='grc' dir='ltr'><em>νικήσειν</em></span> <span class='ocrx_word' id='word_1_216' title='bbox 894 2395 1005 2478; x_wconf 75' lang='grc' dir='ltr'><em>δοκέω,</em></span> <span class='ocrx_word' id='word_1_217' title='bbox 1034 2396 1179 2479; x_wconf 86' lang='lat' dir='ltr'><strong>Theogn.</strong></span> <span class='ocrx_word' id='word_1_218' title='bbox 1206 2396 1265 2459; x_wconf 80' lang='grc'><strong>137</strong></span> <span class='ocrx_word' id='word_1_219' title='bbox 1291 2394 1409 2463; x_wconf 82' lang='grc' dir='ltr'><em>δοκέων</em></span> <span class='ocrx_word' id='word_1_220' title='bbox 1431 2400 1547 2485; x_wconf 77' lang='grc' dir='ltr'><em>θήσειν</em></span> 
     </span>
     <span class='ocr_line' id='line_1_22' title="bbox 147 2494 1544 2585; baseline -0.001 -21"><span class='ocrx_word' id='word_1_221' title='bbox 147 2503 251 2582; x_wconf 89' lang='grc' dir='ltr'><em>κακόν,</em></span> <span class='ocrx_word' id='word_1_222' title='bbox 282 2500 344 2563; x_wconf 87' lang='grc'><strong>339</strong></span> <span class='ocrx_word' id='word_1_223' title='bbox 371 2502 491 2582; x_wconf 74' lang='grc' dir='ltr'><em>χοῦτως</em></span> <span class='ocrx_word' id='word_1_224' title='bbox 517 2500 556 2565; x_wconf 75' lang='grc' dir='ltr'><strong>ἂν</strong></span> <span class='ocrx_word' id='word_1_225' title='bbox 583 2500 726 2585; x_wconf 80' lang='grc' dir='ltr'><em>δοκέοιμι</em></span> <span class='ocrx_word' id='word_1_226' title='bbox 751 2552 757 2565; x_wconf 95' lang='grc'><strong>.</strong></span> <span class='ocrx_word' id='word_1_227' title='bbox 785 2553 791 2566; x_wconf 93' lang='grc'>.</span> <span class='ocrx_word' id='word_1_228' title='bbox 816 2503 896 2579; x_wconf 83' lang='grc' dir='ltr'><em>θεὸς</em></span> <span class='ocrx_word' id='word_1_229' title='bbox 921 2494 1013 2582; x_wconf 81' lang='grc' dir='ltr'><em>εἶναι,</em></span> <span class='ocrx_word' id='word_1_230' title='bbox 1045 2500 1141 2585; x_wconf 79' lang='grc'><strong>1315;</strong></span> <span class='ocrx_word' id='word_1_231' title='bbox 1180 2500 1231 2563; x_wconf 90' lang='lat' dir='ltr'><strong>his</strong></span> <span class='ocrx_word' id='word_1_232' title='bbox 1260 2500 1345 2564; x_wconf 88' lang='lat' dir='ltr'><strong>adde</strong></span> <span class='ocrx_word' id='word_1_233' title='bbox 1368 2500 1442 2583; x_wconf 91' lang='grc'><strong>221,</strong></span> <span class='ocrx_word' id='word_1_234' title='bbox 1470 2500 1544 2580; x_wconf 90' lang='grc'><strong>552,</strong></span> 
     </span>
     <span class='ocr_line' id='line_1_23' title="bbox 152 2600 1547 2691; baseline 0.001 -24"><span class='ocrx_word' id='word_1_235' title='bbox 152 2606 243 2669; x_wconf 88' lang='grc'><strong>1381.</strong></span> <span class='ocrx_word' id='word_1_236' title='bbox 290 2615 418 2691; x_wconf 87' lang='lat' dir='ltr'><strong>praeter</strong></span> <span class='ocrx_word' id='word_1_237' title='bbox 441 2606 545 2669; x_wconf 87' lang='grc' dir='ltr'><em>δοκεῖν</em></span> <span class='ocrx_word' id='word_1_238' title='bbox 568 2605 694 2669; x_wconf 92' lang='lat' dir='ltr'><strong>duobus</strong></span> <span class='ocrx_word' id='word_1_239' title='bbox 716 2605 795 2669; x_wconf 87' lang='lat' dir='ltr'><strong>loeis</strong></span> <span class='ocrx_word' id='word_1_240' title='bbox 819 2606 1017 2688; x_wconf 86' lang='lat' dir='ltr'><strong>Theognidis</strong></span> <span class='ocrx_word' id='word_1_241' title='bbox 1040 2600 1202 2669; x_wconf 69' lang='grc' dir='ltr'><em>ἔλπεσθαι</em></span> <span class='ocrx_word' id='word_1_242' title='bbox 1226 2613 1325 2685; x_wconf 86' lang='lat' dir='ltr'><strong>extat,</strong></span> <span class='ocrx_word' id='word_1_243' title='bbox 1361 2603 1424 2667; x_wconf 88' lang='grc'><strong>308</strong></span> <span class='ocrx_word' id='word_1_244' title='bbox 1447 2603 1547 2668; x_wconf 75' lang='grc' dir='ltr'><em>ἐλπό-</em></span> 
     </span>
     <span class='ocr_line' id='line_1_24' title="bbox 148 2704 1546 2796; baseline -0.001 -22"><span class='ocrx_word' id='word_1_245' title='bbox 148 2733 237 2795; x_wconf 87' lang='grc' dir='ltr'><em>μενοι</em></span> <span class='ocrx_word' id='word_1_246' title='bbox 259 2707 380 2787; x_wconf 86' lang='grc' dir='ltr'><em>κεὶνοος</em></span> <span class='ocrx_word' id='word_1_247' title='bbox 401 2712 507 2773; x_wconf 80' lang='grc' dir='ltr'><em>πάντα</em></span> <span class='ocrx_word' id='word_1_248' title='bbox 529 2706 630 2792; x_wconf 74' lang='grc' dir='ltr'><em>λέγειν</em></span> <span class='ocrx_word' id='word_1_249' title='bbox 653 2704 751 2793; x_wconf 72' lang='grc' dir='ltr'><em>ἔτυμα</em></span> <span class='ocrx_word' id='word_1_250' title='bbox 778 2719 810 2771; x_wconf 88' lang='lat' dir='ltr'><strong>et</strong></span> <span class='ocrx_word' id='word_1_251' title='bbox 832 2710 873 2771; x_wconf 78' lang='lat'><strong>47</strong></span> <span class='ocrx_word' id='word_1_252' title='bbox 898 2705 996 2775; x_wconf 71' lang='grc' dir='ltr'><em>ἔλπεο</em></span> <span class='ocrx_word' id='word_1_253' title='bbox 1023 2714 1066 2796; x_wconf 86' lang='grc' dir='ltr'><strong>μή</strong></span> <span class='ocrx_word' id='word_1_254' title='bbox 1094 2709 1189 2795; x_wconf 84' lang='grc' dir='ltr'><em>δήρδν</em></span> <span class='ocrx_word' id='word_1_255' title='bbox 1209 2706 1314 2794; x_wconf 81' lang='grc' dir='ltr'><em>κείνήν</em></span> <span class='ocrx_word' id='word_1_256' title='bbox 1335 2709 1432 2772; x_wconf 86' lang='grc' dir='ltr'><em>πόλιν</em></span> <span class='ocrx_word' id='word_1_257' title='bbox 1453 2710 1546 2793; x_wconf 80' lang='grc' dir='ltr'><em>ἀτρε-</em></span> 
     </span>
     <span class='ocr_line' id='line_1_25' title="bbox 69 2808 1548 2898; baseline -0.003 -19"><span class='ocrx_word' id='word_1_258' title='bbox 69 2808 73 2817; x_wconf 70' lang='lat'>&#39;</span> <span class='ocrx_word' id='word_1_259' title='bbox 148 2818 308 2898; x_wconf 88' lang='grc' dir='ltr'><em>μιεῖσθαι.</em></span> <span class='ocrx_word' id='word_1_260' title='bbox 354 2823 465 2876; x_wconf 86' lang='lat' dir='ltr'><strong>eontra</strong></span> <span class='ocrx_word' id='word_1_261' title='bbox 493 2812 625 2878; x_wconf 80' lang='grc' dir='ltr'><em>σἰἐσθαι</em></span> <span class='ocrx_word' id='word_1_262' title='bbox 652 2814 1011 2898; x_wconf 85' lang='lat' dir='ltr'><strong>nusquaminvenitur,</strong></span> <span class='ocrx_word' id='word_1_263' title='bbox 1039 2811 1187 2896; x_wconf 81' lang='grc' dir='ltr'><em>νομίζειν,</em></span> <span class='ocrx_word' id='word_1_264' title='bbox 1212 2812 1298 2897; x_wconf 92' lang='lat' dir='ltr'><strong>quod</strong></span> <span class='ocrx_word' id='word_1_265' title='bbox 1321 2811 1459 2875; x_wconf 80' lang='lat' dir='ltr'><strong>verbum</strong></span> <span class='ocrx_word' id='word_1_266' title='bbox 1486 2814 1548 2895; x_wconf 90' lang='lat' dir='ltr'><strong>pri·</strong></span> 
     </span>
     <span class='ocr_line' id='line_1_26' title="bbox 150 2914 1549 3004; baseline -0.003 -22"><span class='ocrx_word' id='word_1_267' title='bbox 150 2941 238 2983; x_wconf 93' lang='lat' dir='ltr'><strong>mum</strong></span> <span class='ocrx_word' id='word_1_268' title='bbox 267 2918 353 3004; x_wconf 85' lang='lat' dir='ltr'><strong>apud</strong></span> <span class='ocrx_word' id='word_1_269' title='bbox 379 2916 603 3001; x_wconf 82' lang='lat' dir='ltr'><strong>Theognidem</strong></span> <span class='ocrx_word' id='word_1_270' title='bbox 629 2916 748 3001; x_wconf 83' lang='lat' dir='ltr'><strong>legitur</strong></span> <span class='ocrx_word' id='word_1_271' title='bbox 774 2917 837 2980; x_wconf 78' lang='grc'><strong>279</strong></span> <span class='ocrx_word' id='word_1_272' title='bbox 865 2926 970 2996; x_wconf 86' lang='grc' dir='ltr'><em>κακῶς</em></span> <span class='ocrx_word' id='word_1_273' title='bbox 995 2922 1036 2982; x_wconf 73' lang='lat' dir='ltr'><strong>sd</strong></span> <span class='ocrx_word' id='word_1_274' title='bbox 1065 2915 1174 2983; x_wconf 87' lang='grc' dir='ltr'><em>δι’καια</em></span> <span class='ocrx_word' id='word_1_275' title='bbox 1200 2915 1348 3001; x_wconf 80' lang='grc' dir='ltr'><em>νομίζειν,</em></span> <span class='ocrx_word' id='word_1_276' title='bbox 1384 2916 1445 2979; x_wconf 89' lang='lat' dir='ltr'><strong>hoo</strong></span> <span class='ocrx_word' id='word_1_277' title='bbox 1479 2914 1549 2979; x_wconf 91' lang='lat' dir='ltr'><strong>looo</strong></span> 
     </span>
     <span class='ocr_line' id='line_1_27' title="bbox 150 3019 1550 3109; baseline -0.003 -22"><span class='ocrx_word' id='word_1_278' title='bbox 150 3046 213 3087; x_wconf 89' lang='lat' dir='ltr'><strong>non</strong></span> <span class='ocrx_word' id='word_1_279' title='bbox 245 3044 319 3087; x_wconf 86' lang='lat' dir='ltr'><strong>oum</strong></span> <span class='ocrx_word' id='word_1_280' title='bbox 349 3021 507 3086; x_wconf 89' lang='lat' dir='ltr'><strong>infinitivo</strong></span> <span class='ocrx_word' id='word_1_281' title='bbox 539 3025 746 3086; x_wconf 80' lang='lat' dir='ltr'><strong>coniunctum</strong></span> <span class='ocrx_word' id='word_1_282' title='bbox 777 3030 838 3104; x_wconf 86' lang='lat' dir='ltr'><strong>est,</strong></span> <span class='ocrx_word' id='word_1_283' title='bbox 869 3026 1023 3109; x_wconf 77' lang='grc' dir='ltr'><em>ήμεῖσθαι</em></span> <span class='ocrx_word' id='word_1_284' title='bbox 1053 3019 1153 3084; x_wconf 87' lang='lat' dir='ltr'><strong>semel</strong></span> <span class='ocrx_word' id='word_1_285' title='bbox 1185 3020 1345 3106; x_wconf 86' lang='lat' dir='ltr'><strong>(Theogn.</strong></span> <span class='ocrx_word' id='word_1_286' title='bbox 1373 3019 1452 3106; x_wconf 84' lang='grc'><strong>282)</strong></span> <span class='ocrx_word' id='word_1_287' title='bbox 1483 3022 1550 3083; x_wconf 85' lang='lat' dir='ltr'><strong>vim</strong></span> 
     </span>
     <span class='ocr_line' id='line_1_28' title="bbox 151 3109 1550 3213; baseline -0.002 -23"><span class='ocrx_word' id='word_1_288' title='bbox 151 3109 296 3213; x_wconf 76' lang='lat' dir='ltr'><strong>putandi,</strong></span> <span class='ocrx_word' id='word_1_289' title='bbox 322 3148 418 3212; x_wconf 87' lang='lat' dir='ltr'><strong>quam</strong></span> <span class='ocrx_word' id='word_1_290' title='bbox 441 3126 601 3191; x_wconf 85' lang='lat' dir='ltr'><strong>Homerus</strong></span> <span class='ocrx_word' id='word_1_291' title='bbox 629 3129 771 3211; x_wconf 84' lang='lat' dir='ltr'><strong>ignorat,</strong></span> <span class='ocrx_word' id='word_1_292' title='bbox 799 3126 910 3209; x_wconf 85' lang='lat' dir='ltr'><strong>habet,</strong></span> <span class='ocrx_word' id='word_1_293' title='bbox 939 3126 997 3190; x_wconf 86' lang='lat' dir='ltr'><strong>sed</strong></span> <span class='ocrx_word' id='word_1_294' title='bbox 1025 3148 1099 3190; x_wconf 87' lang='lat' dir='ltr'><strong>eum</strong></span> <span class='ocrx_word' id='word_1_295' title='bbox 1121 3125 1238 3189; x_wconf 83' lang='lat' dir='ltr'><strong>vooula</strong></span> <span class='ocrx_word' id='word_1_296' title='bbox 1265 3127 1308 3204; x_wconf 85' lang='grc' dir='ltr'><strong>ὡς</strong></span> <span class='ocrx_word' id='word_1_297' title='bbox 1336 3127 1550 3209; x_wconf 80' lang='lat' dir='ltr'><strong>coniungitur.</strong></span> 
     </span>
     <span class='ocr_line' id='line_1_29' title="bbox 151 3230 1550 3317; baseline -0.001 -23"><span class='ocrx_word' id='word_1_298' title='bbox 151 3231 238 3317; x_wconf 91' lang='lat' dir='ltr'><strong>quod</strong></span> <span class='ocrx_word' id='word_1_299' title='bbox 255 3232 282 3294; x_wconf 90' lang='lat' dir='ltr'><strong>si</strong></span> <span class='ocrx_word' id='word_1_300' title='bbox 298 3232 401 3297; x_wconf 90' lang='grc' dir='ltr'><em>δοκεῖν</em></span> <span class='ocrx_word' id='word_1_301' title='bbox 424 3240 472 3293; x_wconf 91' lang='lat' dir='ltr'><strong>est</strong></span> <span class='ocrx_word' id='word_1_302' title='bbox 494 3232 628 3296; x_wconf 89' lang='lat' dir='ltr'><strong>latinum</strong></span> <span class='ocrx_word' id='word_1_303' title='bbox 644 3232 778 3313; x_wconf 83' lang='lat' dir='ltr'><strong>‘videri&#39;,</strong></span> <span class='ocrx_word' id='word_1_304' title='bbox 802 3231 891 3316; x_wconf 88' lang='lat' dir='ltr'><strong>apud</strong></span> <span class='ocrx_word' id='word_1_305' title='bbox 908 3232 1087 3295; x_wconf 89' lang='lat' dir='ltr'><strong>Homerum</strong></span> <span class='ocrx_word' id='word_1_306' title='bbox 1111 3252 1238 3314; x_wconf 90' lang='lat' dir='ltr'><strong>semper</strong></span> <span class='ocrx_word' id='word_1_307' title='bbox 1261 3230 1388 3293; x_wconf 80' lang='lat' dir='ltr'><strong>aceedit</strong></span> <span class='ocrx_word' id='word_1_308' title='bbox 1412 3230 1550 3310; x_wconf 86' lang='lat' dir='ltr'><strong>dativus,</strong></span> 
     </span>
     <span class='ocr_line' id='line_1_30' title="bbox 152 3332 1551 3421; baseline -0.001 -24"><span class='ocrx_word' id='word_1_309' title='bbox 152 3338 206 3420; x_wconf 92' lang='lat' dir='ltr'><strong>qui</strong></span> <span class='ocrx_word' id='word_1_310' title='bbox 229 3336 323 3399; x_wconf 86' lang='lat' dir='ltr'><strong>abest</strong></span> <span class='ocrx_word' id='word_1_311' title='bbox 347 3346 378 3397; x_wconf 85' lang='lat' dir='ltr'><strong>et</strong></span> <span class='ocrx_word' id='word_1_312' title='bbox 400 3334 441 3398; x_wconf 86' lang='lat' dir='ltr'><strong>ab</strong></span> <span class='ocrx_word' id='word_1_313' title='bbox 473 3336 550 3399; x_wconf 88' lang='lat' dir='ltr'><strong>loois</strong></span> <span class='ocrx_word' id='word_1_314' title='bbox 574 3358 617 3399; x_wconf 86' lang='lat' dir='ltr'><strong>ex</strong></span> <span class='ocrx_word' id='word_1_315' title='bbox 640 3335 758 3419; x_wconf 86' lang='lat' dir='ltr'><strong>elegeis</strong></span> <span class='ocrx_word' id='word_1_316' title='bbox 781 3337 889 3421; x_wconf 85' lang='lat' dir='ltr'><strong>petitis</strong></span> <span class='ocrx_word' id='word_1_317' title='bbox 912 3346 1042 3421; x_wconf 86' lang='lat' dir='ltr'><strong>praeter</strong></span> <span class='ocrx_word' id='word_1_318' title='bbox 1065 3334 1212 3417; x_wconf 85' lang='lat' dir='ltr'><strong>Theogn.</strong></span> <span class='ocrx_word' id='word_1_319' title='bbox 1228 3332 1293 3397; x_wconf 83' lang='lat'><strong>405</strong></span> <span class='ocrx_word' id='word_1_320' title='bbox 1317 3344 1349 3396; x_wconf 87' lang='lat' dir='ltr'><strong>et</strong></span> <span class='ocrx_word' id='word_1_321' title='bbox 1371 3333 1435 3397; x_wconf 84' lang='lat'><strong>960</strong></span> <span class='ocrx_word' id='word_1_322' title='bbox 1451 3344 1483 3396; x_wconf 85' lang='lat' dir='ltr'><strong>et</strong></span> <span class='ocrx_word' id='word_1_323' title='bbox 1509 3332 1551 3396; x_wconf 92' lang='lat' dir='ltr'><strong>ab</strong></span> 
     </span>
     <span class='ocr_line' id='line_1_31' title="bbox 152 3437 1553 3525; baseline -0.004 -21"><span class='ocrx_word' id='word_1_324' title='bbox 152 3441 263 3525; x_wconf 89' lang='lat' dir='ltr'><strong>hymn.</strong></span> <span class='ocrx_word' id='word_1_325' title='bbox 286 3440 367 3504; x_wconf 88' lang='lat' dir='ltr'><strong>Ven.</strong></span> <span class='ocrx_word' id='word_1_326' title='bbox 395 3438 456 3503; x_wconf 92' lang='grc'><strong>125</strong></span> <span class='ocrx_word' id='word_1_327' title='bbox 478 3442 594 3525; x_wconf 82' lang='grc' dir='ltr'><em>ψαύειν</em></span> <span class='ocrx_word' id='word_1_328' title='bbox 616 3442 757 3522; x_wconf 80' lang='grc' dir='ltr'><em>ἐδόκουν,</em></span> <span class='ocrx_word' id='word_1_329' title='bbox 784 3442 816 3503; x_wconf 93' lang='lat' dir='ltr'><strong>in</strong></span> <span class='ocrx_word' id='word_1_330' title='bbox 841 3462 904 3525; x_wconf 89' lang='lat' dir='ltr'><strong>quo</strong></span> <span class='ocrx_word' id='word_1_331' title='bbox 927 3462 991 3503; x_wconf 91' lang='lat' dir='ltr'><strong>uno</strong></span> <span class='ocrx_word' id='word_1_332' title='bbox 1019 3439 1217 3523; x_wconf 89' lang='lat' dir='ltr'><strong>hymnorum</strong></span> <span class='ocrx_word' id='word_1_333' title='bbox 1241 3460 1337 3501; x_wconf 89' lang='lat' dir='ltr'><strong>versu</strong></span> <span class='ocrx_word' id='word_1_334' title='bbox 1360 3439 1465 3503; x_wconf 88' lang='grc' dir='ltr'><em>δοκεῖν</em></span> <span class='ocrx_word' id='word_1_335' title='bbox 1491 3437 1553 3500; x_wconf 86' lang='lat' dir='ltr'><strong>hoe</strong></span> 
     </span>
     <span class='ocr_line' id='line_1_32' title="bbox 153 3541 1553 3629; baseline -0.003 -22"><span class='ocrx_word' id='word_1_336' title='bbox 153 3568 249 3609; x_wconf 91' lang='lat' dir='ltr'><strong>sensu</strong></span> <span class='ocrx_word' id='word_1_337' title='bbox 275 3553 457 3627; x_wconf 91' lang='lat' dir='ltr'><strong>usurpatur.</strong></span> <span class='ocrx_word' id='word_1_338' title='bbox 503 3546 528 3607; x_wconf 90' lang='lat' dir='ltr'><strong>si</strong></span> <span class='ocrx_word' id='word_1_339' title='bbox 555 3544 680 3629; x_wconf 89' lang='lat' dir='ltr'><strong>reliqua</strong></span> <span class='ocrx_word' id='word_1_340' title='bbox 707 3544 819 3626; x_wconf 85' lang='lat' dir='ltr'><strong>verba,</strong></span> <span class='ocrx_word' id='word_1_341' title='bbox 848 3566 931 3629; x_wconf 90' lang='lat' dir='ltr'><strong>quae</strong></span> <span class='ocrx_word' id='word_1_342' title='bbox 956 3543 1090 3607; x_wconf 79' lang='lat' dir='ltr'><strong>‘videri&#39;</strong></span> <span class='ocrx_word' id='word_1_343' title='bbox 1116 3541 1308 3626; x_wconf 83' lang='lat' dir='ltr'><strong>signifioant,</strong></span> <span class='ocrx_word' id='word_1_344' title='bbox 1337 3541 1553 3627; x_wconf 88' lang='lat' dir='ltr'><strong>oireumspioi-</strong></span> 
     </span>
     <span class='ocr_line' id='line_1_33' title="bbox 153 3642 1553 3733; baseline -0.005 -19"><span class='ocrx_word' id='word_1_345' title='bbox 153 3672 235 3732; x_wconf 89' lang='lat' dir='ltr'><strong>mus,</strong></span> <span class='ocrx_word' id='word_1_346' title='bbox 263 3650 327 3712; x_wconf 90' lang='lat' dir='ltr'><strong>huo</strong></span> <span class='ocrx_word' id='word_1_347' title='bbox 350 3645 432 3715; x_wconf 71' lang='grc' dir='ltr'><em>ἔοικε</em></span> <span class='ocrx_word' id='word_1_348' title='bbox 456 3648 599 3733; x_wconf 87' lang='lat' dir='ltr'><strong>Theogn.</strong></span> <span class='ocrx_word' id='word_1_349' title='bbox 624 3648 686 3711; x_wconf 85' lang='grc'><strong>391</strong></span> <span class='ocrx_word' id='word_1_350' title='bbox 710 3652 808 3714; x_wconf 82' lang='grc' dir='ltr'><em>κακὸν</em></span> <span class='ocrx_word' id='word_1_351' title='bbox 831 3646 868 3714; x_wconf 84' lang='grc' dir='ltr'><strong>δέ</strong></span> <span class='ocrx_word' id='word_1_352' title='bbox 890 3642 923 3715; x_wconf 81' lang='grc' dir='ltr'><strong>οὶ</strong></span> <span class='ocrx_word' id='word_1_353' title='bbox 945 3648 1035 3715; x_wconf 80' lang='grc' dir='ltr'><em>οὐδὲν</em></span> <span class='ocrx_word' id='word_1_354' title='bbox 1058 3644 1161 3714; x_wconf 67' lang='grc' dir='ltr'><em>ἔοικεν</em></span> <span class='ocrx_word' id='word_1_355' title='bbox 1190 3654 1324 3732; x_wconf 83' lang='lat' dir='ltr'><strong>spectat,</strong></span> <span class='ocrx_word' id='word_1_356' title='bbox 1356 3666 1553 3730; x_wconf 87' lang='lat' dir='ltr'><strong>quamquam</strong></span> 
     </span>
     <span class='ocr_line' id='line_1_34' title="bbox 153 3751 1553 3841; baseline -0.002 -25"><span class='ocrx_word' id='word_1_357' title='bbox 153 3753 331 3819; x_wconf 89' lang='lat' dir='ltr'><strong>infinitivus</strong></span> <span class='ocrx_word' id='word_1_358' title='bbox 362 3752 492 3817; x_wconf 88' lang='lat' dir='ltr'><strong>additus</strong></span> <span class='ocrx_word' id='word_1_359' title='bbox 523 3776 587 3817; x_wconf 93' lang='lat' dir='ltr'><strong>non</strong></span> <span class='ocrx_word' id='word_1_360' title='bbox 618 3762 680 3839; x_wconf 71' lang='lat' dir='ltr'><strong>est,</strong></span> <span class='ocrx_word' id='word_1_361' title='bbox 715 3752 893 3841; x_wconf 76' lang='grc' dir='ltr'><em>φαίνεσθαι</em></span> <span class='ocrx_word' id='word_1_362' title='bbox 921 3776 1009 3836; x_wconf 85' lang='lat' dir='ltr'><strong>vero,</strong></span> <span class='ocrx_word' id='word_1_363' title='bbox 1038 3753 1186 3838; x_wconf 88' lang='lat' dir='ltr'><strong>quamvis</strong></span> <span class='ocrx_word' id='word_1_364' title='bbox 1217 3772 1314 3835; x_wconf 84' lang='lat' dir='ltr'><strong>saepe</strong></span> <span class='ocrx_word' id='word_1_365' title='bbox 1344 3751 1481 3835; x_wconf 84' lang='lat' dir='ltr'><strong>legatur,</strong></span> <span class='ocrx_word' id='word_1_366' title='bbox 1511 3772 1553 3813; x_wconf 91' lang='lat' dir='ltr'><strong>ne</strong></span> 
     </span>
     <span class='ocr_line' id='line_1_35' title="bbox 153 3854 1554 3943; baseline -0.004 -20"><span class='ocrx_word' id='word_1_367' title='bbox 153 3882 218 3923; x_wconf 92' lang='lat' dir='ltr'><strong>uno</strong></span> <span class='ocrx_word' id='word_1_368' title='bbox 241 3858 372 3943; x_wconf 90' lang='lat' dir='ltr'><strong>quidem</strong></span> <span class='ocrx_word' id='word_1_369' title='bbox 398 3857 469 3921; x_wconf 92' lang='lat' dir='ltr'><strong>looo</strong></span> <span class='ocrx_word' id='word_1_370' title='bbox 497 3880 568 3922; x_wconf 89' lang='lat' dir='ltr'><strong>eam</strong></span> <span class='ocrx_word' id='word_1_371' title='bbox 591 3859 658 3921; x_wconf 81' lang='lat' dir='ltr'><strong>vim</strong></span> <span class='ocrx_word' id='word_1_372' title='bbox 679 3857 794 3940; x_wconf 77' lang='lat' dir='ltr'><strong>habet3</strong></span> <span class='ocrx_word' id='word_1_373' title='bbox 827 3880 927 3943; x_wconf 85' lang='lat' dir='ltr'><strong>quare</strong></span> <span class='ocrx_word' id='word_1_374' title='bbox 954 3879 1115 3942; x_wconf 89' lang='lat' dir='ltr'><strong>nusquam</strong></span> <span class='ocrx_word' id='word_1_375' title='bbox 1142 3879 1215 3920; x_wconf 90' lang='lat' dir='ltr'><strong>oum</strong></span> <span class='ocrx_word' id='word_1_376' title='bbox 1242 3854 1400 3918; x_wconf 87' lang='lat' dir='ltr'><strong>infinitivo</strong></span> <span class='ocrx_word' id='word_1_377' title='bbox 1425 3856 1554 3927; x_wconf 80' lang='lat' dir='ltr'><strong>coniun-</strong></span> 
     </span>
     <span class='ocr_line' id='line_1_36' title="bbox 154 3964 250 4047; baseline 0.01 -21"><span class='ocrx_word' id='word_1_378' title='bbox 154 3964 250 4047; x_wconf 83' lang='lat' dir='ltr'><strong>gitur.</strong></span> 
     </span>
    </p>

    <p class='ocr_par' dir='ltr' id='par_1_4' title="bbox 155 4063 1556 4570">
     <span class='ocr_line' id='line_1_37' title="bbox 259 4063 1553 4150; baseline -0.003 -20"><span class='ocrx_word' id='word_1_379' title='bbox 259 4066 416 4131; x_wconf 86' lang='lat' dir='ltr'><strong>Venimus</strong></span> <span class='ocrx_word' id='word_1_380' title='bbox 446 4066 488 4130; x_wconf 87' lang='lat' dir='ltr'><strong>ad</strong></span> <span class='ocrx_word' id='word_1_381' title='bbox 515 4066 631 4143; x_wconf 86' lang='lat' dir='ltr'><strong>verba,</strong></span> <span class='ocrx_word' id='word_1_382' title='bbox 663 4068 696 4130; x_wconf 94' lang='lat' dir='ltr'><strong>in</strong></span> <span class='ocrx_word' id='word_1_383' title='bbox 724 4066 841 4150; x_wconf 89' lang='lat' dir='ltr'><strong>quibus</strong></span> <span class='ocrx_word' id='word_1_384' title='bbox 874 4065 1038 4130; x_wconf 82' lang='lat' dir='ltr'><strong>conandi</strong></span> <span class='ocrx_word' id='word_1_385' title='bbox 1061 4065 1115 4129; x_wconf 89' lang='lat' dir='ltr'><strong>vel</strong></span> <span class='ocrx_word' id='word_1_386' title='bbox 1142 4063 1311 4128; x_wconf 88' lang='lat' dir='ltr'><strong>audendi</strong></span> <span class='ocrx_word' id='word_1_387' title='bbox 1342 4064 1429 4127; x_wconf 90' lang='lat' dir='ltr'><strong>notio</strong></span> <span class='ocrx_word' id='word_1_388' title='bbox 1460 4065 1553 4126; x_wconf 88' lang='lat' dir='ltr'><strong>inest.</strong></span> 
     </span>
     <span class='ocr_line' id='line_1_38' title="bbox 155 4161 1553 4258; baseline -0.002 -23"><span class='ocrx_word' id='word_1_389' title='bbox 155 4180 253 4257; x_wconf 82' lang='lat' dir='ltr'><strong>atque</strong></span> <span class='ocrx_word' id='word_1_390' title='bbox 279 4181 315 4234; x_wconf 85' lang='lat' dir='ltr'><strong>ut</strong></span> <span class='ocrx_word' id='word_1_391' title='bbox 342 4194 361 4235; x_wconf 86' lang='lat' dir='ltr'><strong>a</strong></span> <span class='ocrx_word' id='word_1_392' title='bbox 395 4172 497 4235; x_wconf 85' lang='lat' dir='ltr'><strong>verbo</strong></span> <span class='ocrx_word' id='word_1_393' title='bbox 527 4175 708 4258; x_wconf 80' lang='grc' dir='ltr'><em>πειρᾶσθαι</em></span> <span class='ocrx_word' id='word_1_394' title='bbox 735 4170 861 4234; x_wconf 89' lang='lat' dir='ltr'><strong>initium</strong></span> <span class='ocrx_word' id='word_1_395' title='bbox 890 4175 1030 4256; x_wconf 84' lang='lat' dir='ltr'><strong>sapiam,</strong></span> <span class='ocrx_word' id='word_1_396' title='bbox 1068 4171 1102 4234; x_wconf 94' lang='lat' dir='ltr'><strong>id</strong></span> <span class='ocrx_word' id='word_1_397' title='bbox 1124 4169 1218 4254; x_wconf 86' lang='lat' dir='ltr'><strong>Tyrt.</strong></span> <span class='ocrx_word' id='word_1_398' title='bbox 1246 4168 1296 4252; x_wconf 89' lang='grc'><strong>12,</strong></span> <span class='ocrx_word' id='word_1_399' title='bbox 1319 4168 1362 4230; x_wconf 90' lang='grc'><strong>44</strong></span> <span class='ocrx_word' id='word_1_400' title='bbox 1391 4164 1408 4250; x_wconf 89' lang='lat'><em>(</em></span> <span class='ocrx_word' id='word_1_401' title='bbox 1408 4161 1553 4252; x_wconf 75' lang='grc' dir='ltr'><em>ἱκέσθαι)</em></span> 
     </span>
     <span class='ocr_line' id='line_1_39' title="bbox 155 4271 1554 4361; baseline -0.004 -21"><span class='ocrx_word' id='word_1_402' title='bbox 155 4279 328 4361; x_wconf 85' lang='grc' dir='ltr'><em>πειράσθω</em></span> <span class='ocrx_word' id='word_1_403' title='bbox 344 4283 377 4337; x_wconf 86' lang='lat' dir='ltr'><strong>et</strong></span> <span class='ocrx_word' id='word_1_404' title='bbox 392 4274 536 4359; x_wconf 82' lang='lat' dir='ltr'><strong>Theogn.</strong></span> <span class='ocrx_word' id='word_1_405' title='bbox 554 4274 616 4338; x_wconf 87' lang='grc'><strong>358</strong></span> <span class='ocrx_word' id='word_1_406' title='bbox 633 4283 666 4339; x_wconf 88' lang='lat' dir='ltr'><strong>et</strong></span> <span class='ocrx_word' id='word_1_407' title='bbox 680 4274 742 4338; x_wconf 76' lang='lat'><strong>587</strong></span> <span class='ocrx_word' id='word_1_408' title='bbox 766 4297 839 4338; x_wconf 85' lang='lat' dir='ltr'><strong>sum</strong></span> <span class='ocrx_word' id='word_1_409' title='bbox 861 4274 1020 4338; x_wconf 91' lang='lat' dir='ltr'><strong>infinitivo</strong></span> <span class='ocrx_word' id='word_1_410' title='bbox 1045 4275 1260 4358; x_wconf 79' lang='lat' dir='ltr'><strong>coniungitur.</strong></span> <span class='ocrx_word' id='word_1_411' title='bbox 1289 4273 1343 4356; x_wconf 91' lang='lat' dir='ltr'><strong>qui</strong></span> <span class='ocrx_word' id='word_1_412' title='bbox 1367 4293 1444 4335; x_wconf 90' lang='lat' dir='ltr'><strong>usus</strong></span> <span class='ocrx_word' id='word_1_413' title='bbox 1466 4271 1554 4356; x_wconf 83' lang='lat' dir='ltr'><strong>apud</strong></span> 
     </span>
     <span class='ocr_line' id='line_1_40' title="bbox 156 4375 1556 4465; baseline -0.004 -21"><span class='ocrx_word' id='word_1_414' title='bbox 156 4381 345 4462; x_wconf 90' lang='lat' dir='ltr'><strong>Homerum,</strong></span> <span class='ocrx_word' id='word_1_415' title='bbox 371 4400 566 4464; x_wconf 88' lang='lat' dir='ltr'><strong>quamquam</strong></span> <span class='ocrx_word' id='word_1_416' title='bbox 590 4377 727 4443; x_wconf 86' lang='lat' dir='ltr'><strong>verbum</strong></span> <span class='ocrx_word' id='word_1_417' title='bbox 756 4381 864 4465; x_wconf 93' lang='lat' dir='ltr'><strong>ipsum</strong></span> <span class='ocrx_word' id='word_1_418' title='bbox 887 4380 963 4442; x_wconf 85' lang='lat' dir='ltr'><strong>satis</strong></span> <span class='ocrx_word' id='word_1_419' title='bbox 993 4379 1148 4442; x_wconf 83' lang='lat' dir='ltr'><strong>usitatum</strong></span> <span class='ocrx_word' id='word_1_420' title='bbox 1178 4386 1237 4458; x_wconf 88' lang='lat' dir='ltr'><strong>est,</strong></span> <span class='ocrx_word' id='word_1_421' title='bbox 1268 4385 1395 4441; x_wconf 84' lang='lat' dir='ltr'><strong>tantum</strong></span> <span class='ocrx_word' id='word_1_422' title='bbox 1420 4379 1451 4440; x_wconf 82' lang='lat' dir='ltr'><em>A</em></span> <span class='ocrx_word' id='word_1_423' title='bbox 1474 4375 1495 4439; x_wconf 92' lang='grc'><strong>5</strong></span> <span class='ocrx_word' id='word_1_424' title='bbox 1523 4385 1556 4438; x_wconf 87' lang='lat' dir='ltr'><strong>et</strong></span> 
     </span>
     <span class='ocr_line' id='line_1_41' title="bbox 156 4480 1554 4570; baseline -0.004 -22"><span class='ocrx_word' id='word_1_425' title='bbox 156 4488 198 4548; x_wconf 91' lang='lat' dir='ltr'><em>M</em></span> <span class='ocrx_word' id='word_1_426' title='bbox 211 4484 272 4547; x_wconf 87' lang='lat'><strong>341</strong></span> <span class='ocrx_word' id='word_1_427' title='bbox 298 4493 338 4569; x_wconf 90' lang='lat' dir='ltr'><strong>et,</strong></span> <span class='ocrx_word' id='word_1_428' title='bbox 363 4484 480 4568; x_wconf 92' lang='lat' dir='ltr'><strong>quibus</strong></span> <span class='ocrx_word' id='word_1_429' title='bbox 503 4484 582 4547; x_wconf 89' lang='lat' dir='ltr'><strong>loeis</strong></span> <span class='ocrx_word' id='word_1_430' title='bbox 605 4493 720 4570; x_wconf 83' lang='grc' dir='ltr'><em>πειρᾶν</em></span> <span class='ocrx_word' id='word_1_431' title='bbox 742 4492 841 4559; x_wconf 82' lang='lat' dir='ltr'><strong>extat,</strong></span> <span class='ocrx_word' id='word_1_432' title='bbox 870 4485 898 4549; x_wconf 87' lang='grc' dir='ltr'>Θ</span> <span class='ocrx_word' id='word_1_433' title='bbox 919 4482 938 4545; x_wconf 97' lang='grc'><strong>8</strong></span> <span class='ocrx_word' id='word_1_434' title='bbox 961 4491 994 4545; x_wconf 85' lang='lat' dir='ltr'><strong>et</strong></span> <span class='ocrx_word' id='word_1_435' title='bbox 1016 4489 1047 4546; x_wconf 91' lang='lat' dir='ltr'><em>T</em></span> <span class='ocrx_word' id='word_1_436' title='bbox 1064 4482 1106 4546; x_wconf 88' lang='grc'><strong>30</strong></span> <span class='ocrx_word' id='word_1_437' title='bbox 1128 4483 1300 4546; x_wconf 89' lang='lat' dir='ltr'><strong>invenitur.</strong></span> <span class='ocrx_word' id='word_1_438' title='bbox 1339 4482 1365 4543; x_wconf 91' lang='lat' dir='ltr'><strong>is</strong></span> <span class='ocrx_word' id='word_1_439' title='bbox 1389 4480 1475 4544; x_wconf 89' lang='lat' dir='ltr'><strong>enim</strong></span> <span class='ocrx_word' id='word_1_440' title='bbox 1496 4502 1554 4565; x_wconf 91' lang='lat' dir='ltr'><strong>pro</strong></span> 
     </span>
    </p>
   </div>
   <div class='ocr_carea' id='block_1_3' title="bbox 156 4584 1555 4739">
    <p class='ocr_par' dir='ltr' id='par_1_5' title="bbox 156 4584 1555 4739">
     <span class='ocr_line' id='line_1_42' title="bbox 156 4584 1555 4671; baseline -0.005 -18"><span class='ocrx_word' id='word_1_441' title='bbox 156 4589 315 4653; x_wconf 88' lang='lat' dir='ltr'><strong>infinitivo</strong></span> <span class='ocrx_word' id='word_1_442' title='bbox 347 4590 403 4669; x_wconf 83' lang='grc' dir='ltr'><strong>ὡς,</strong></span> <span class='ocrx_word' id='word_1_443' title='bbox 441 4588 472 4651; x_wconf 85' lang='grc' dir='ltr'><em>εἰ</em></span> <span class='ocrx_word' id='word_1_444' title='bbox 509 4587 654 4671; x_wconf 80' lang='lat' dir='ltr'><strong>aliasque</strong></span> <span class='ocrx_word' id='word_1_445' title='bbox 689 4588 864 4671; x_wconf 80' lang='lat' dir='ltr'><strong>particulas</strong></span> <span class='ocrx_word' id='word_1_446' title='bbox 897 4596 1046 4671; x_wconf 80' lang='lat' dir='ltr'><strong>usurpat,</strong></span> <span class='ocrx_word' id='word_1_447' title='bbox 1081 4587 1276 4671; x_wconf 79' lang='lat' dir='ltr'><strong>quibuscum</strong></span> <span class='ocrx_word' id='word_1_448' title='bbox 1314 4584 1393 4647; x_wconf 87' lang='lat' dir='ltr'><strong>loeis</strong></span> <span class='ocrx_word' id='word_1_449' title='bbox 1430 4594 1555 4648; x_wconf 87' lang='lat' dir='ltr'><strong>tantum</strong></span> 
     </span>
     <span class='ocr_line' id='line_1_43' title="bbox 1351 4690 1401 4739; baseline 0 0"><span class='ocrx_word' id='word_1_450' title='bbox 1351 4690 1401 4739; x_wconf 67' lang='lat'><strong>13*</strong></span> 
     </span>
    </p>
   </div>
   <div class='ocr_carea' id='block_1_4' title="bbox 0 0 1718 5067">
    <p class='ocr_par' dir='ltr' id='par_1_6' title="bbox 0 0 1718 5067">
     <span class='ocr_line' id='line_1_44' title="bbox 0 0 1718 5067; baseline 0 0"><span class='ocrx_word' id='word_1_451' title='bbox 0 0 1718 5067; x_wconf 95' lang='lat' dir='ltr'><strong> </strong></span> 
     </span>
    </p>
   </div>
  </div>
 </body>
</html>
