3392 5067
121 222 143 284 4

123 433 207 499 quae
234 421 363 499 praeter
385 413 560 477 Etruscum
587 412 629 477 ad
656 414 746 500 prius
772 433 876 496 genus
903 410 1077 476 referenda
1105 420 1189 494 sunt,
1217 412 1377 499 praebent
1398 420 1526 478 tantum

123 516 289 581 Troadum
311 538 425 582 versus
449 516 609 597 64-164,
637 516 776 580 Medeae
799 514 983 601 tta-594,
1008 514 1125 602 Oedipi
1149 516 1330 600 110-136,
1353 516 1427 599 403,
1450 516 1525 601 404,

123 619 931 706 429—431,445-448,466-471,504-509)
961 641 1082 685 novem
1107 619 1294 704 tragoediae
1325 620 1387 686 hoc
1414 621 1525 685 ordine

123 725 216 790 nobis
242 733 390 789 servatae
415 733 504 789 sunt:
529 725 688 791 Hercules
712 723 865 811 (furens),
882 723 1038 807 Troades,
1054 723 1263 807 Phoenissae,
1279 724 1409 809 Medea,
1424 725 1526 792 Phae·

125 830 196 915 dra,
220 829 377 916 Oedipus,
401 830 639 914 Agamemnon,
663 828 835 916 Thyestes,
863 829 1023 894 Hercules
1046 827 1230 917 (Oetaeus),
1258 830 1293 894 in
1320 829 1423 895 altera
1449 854 1527 895 vero

125 934 229 999 classe
258 933 371 997 decem
395 942 508 998 extant
535 932 666 997 fabulae
693 933 749 999 tali
773 932 870 997 modo
893 935 926 997 in
949 932 1096 1019 plurimis
1119 928 1265 997 eiusdem
1288 936 1417 1017 generis
1441 935 1526 999 codi-
1612 1018 1615 1022 ¹

126 1038 218 1103 cibus
235 1060 268 1101 se
285 1039 499 1123 excipientes:
523 1037 683 1101 Hercules
700 1036 850 1125 (furens),
864 1037 1037 1123 Thyestes,
1049 1036 1192 1102 Thebais
1209 1036 1244 1123 (i.
1258 1060 1286 1101 e.
1302 1036 1527 1124 Phoenissae),

124 1143 325 1229 Hippolytus
348 1141 382 1228 (i.
405 1165 432 1205 e.
454 1140 632 1228 Phaedra),
655 1139 813 1227 Oedipus,
836 1141 993 1227 Troades,
1018 1141 1146 1223 Medea,
1170 1141 1406 1227 Agamemnon,
1430 1142 1527 1207 Octa-

125 1248 194 1329 via,
229 1246 389 1311 Hercules
420 1244 603 1332 (Oetaeus).
649 1245 799 1310 videmus
829 1247 928 1330 igitur
958 1245 1173 1331 tragoediam,
1204 1268 1288 1331 quae
1323 1245 1454 1311 Octavia
1483 1250 1528 1312 in·
1596 1300 1600 1304 .

125 1353 249 1437 scripta
265 1360 323 1433 est,
346 1352 380 1415 in
403 1350 535 1415 meliore
558 1351 747 1415 recensione
765 1350 890 1433 deesse,
913 1352 947 1414 in
963 1352 1124 1416 deteriore
1148 1352 1233 1416 inter
1254 1360 1378 1416 ceteras
1400 1350 1528 1416 fabulas

126 1454 271 1519 Senecae
295 1454 477 1540 adscriptas
501 1478 584 1521 nono
610 1454 681 1519 loco
708 1456 864 1519 insertam
887 1477 967 1520 esse.
1013 1465 1123 1519 tamen
1146 1456 1179 1518 in
1202 1454 1329 1520 duobus
1358 1454 1421 1519 illis
1444 1457 1529 1540 codi5

127 1559 218 1624 cibus
244 1559 302 1644 (M
311 1568 343 1625 et
361 1560 422 1645 N),
446 1581 524 1645 quos
548 1581 667 1644 magna
691 1582 733 1623 ex
756 1569 849 1645 parte
866 1582 908 1625 ex
931 1560 1119 1624 recensione
1133 1560 1168 1623 Ε
1187 1561 1320 1626 fluxisse
1336 1562 1405 1626 Leo
1426 1571 1528 1626 osten-

127 1662 174 1728 dit
185 1664 218 1749 ¹),
247 1663 386 1729 Octavia
414 1664 527 1729 ultimo
554 1662 625 1729 loco
652 1665 772 1729 tradita
803 1673 862 1728 est.
908 1686 973 1749 qua
1003 1687 1103 1729 exre
1127 1687 1208 1731 cave
1237 1687 1278 1729 ne
1302 1664 1434 1749 colligas
1457 1688 1530 1730 eam

127 1768 201 1831 olim
228 1769 262 1832 in
289 1767 469 1854 archetypo
498 1766 608 1832 classis
636 1768 761 1854 prioris*
779 1769 936 1833 extitisse.
980 1791 1057 1834 nam
1085 1769 1177 1852 inde,
1206 1770 1294 1856 quod
1321 1769 1432 1835 ultimo
1459 1770 1529 1835 loco

125 1872 238 1936 addita
265 1882 329 1955 est,
357 1880 448 1959 patet
475 1894 548 1937 eam
577 1895 619 1936 ex
648 1873 761 1937 codice
785 1874 854 1937 eius
881 1874 1025 1956 generis,
1055 1874 1142 1959 quod
1171 1874 1278 1939 littera
1300 1874 1330 1937 A
1354 1873 1529 1958 significari

128 1977 215 2059 solet,
240 1976 403 2042 adiectam
426 1998 506 2041 esse.
544 1987 687 2042 ceterum
710 1976 858 2042 conferas
878 1977 1119 2061 tragoediarum
1141 1978 1279 2061 titulum,
1308 1980 1364 2065 qui
1387 1980 1420 2042 in
1443 1979 1530 2043 Vati-

128 2103 208 2145 cano
240 2080 304 2166 (N)
336 2080 468 2165 legitur:
501 2082 613 2169 ‘Marcj
646 2082 716 2146 lutii
746 2083 841 2146 annei
872 2103 989 2147 senece
1019 2082 1166 2167 tragedie
1196 2105 1340 2148 novem.
1370 2082 1529 2149 hercules.

126 2184 266 2249 troades.
290 2184 444 2269 phenissa
465 2185 591 2251 medea.
614 2185 770 2271 phaedra.
796 2186 941 2272 oedipus
965 2208 1180 2271 agamemnon
1203 2187 1346 2253 thiestes.
1369 2187 1528 2254 hercules.

128 2290 265 2353 octavia.
298 2288 437 2353 feliciter
466 2290 635 2375 incipiunt.
667 2289 769 2354 Iuno’
814 2291 966 2355 librarius
997 2293 1095 2376 igitur
1125 2314 1295 2357 numerum
1323 2294 1460 2357 ‘novem'
1489 2316 1531 2359 ex

128 2394 324 2457 recensionis
339 2393 374 2456 Ε
386 2394 498 2459 codice
522 2395 664 2480 quodam
686 2397 809 2479 recepit
831 2416 893 2458 neo
916 2405 1025 2461 tamen
1048 2417 1123 2460 eum
1145 2398 1284 2461 mutavit
1306 2397 1419 2461 addita
1434 2397 1530 2463 Octa-

128 2496 223 2585 via.²)
270 2498 328 2561 sed
355 2496 444 2563 aliud
468 2500 565 2564 etiam
590 2497 642 2561 vel
669 2500 848 2563 maximum
871 2498 1055 2583 discrimen,
1084 2499 1171 2586 quod
1194 2502 1278 2565 inter
1301 2501 1475 2567 Octaviam
1498 2514 1530 2567 et

128 2611 254 2667 ceteras
270 2602 454 2686 tragoedias
469 2604 650 2685 intercedit,
672 2604 868 2690 quicumque
884 2602 993 2667 titulos
1008 2604 1193 2689 perlegerit,
1217 2606 1326 2670 statim
1342 2616 1526 2690 cognoscet,

131 2716 324 2790 argumenta
336 2708 408 2771 dico
424 2730 555 2793 prorsus
568 2709 706 2774 diversa.
723 2731 800 2773 nam
813 2708 972 2796 Octaviae
988 2719 1216 2792 argumentum
1230 2731 1296 2773 non
1311 2720 1347 2774 ut
1361 2712 1395 2774 in
1412 2714 1528 2776 ceteris

128 2810 255 2876 factum
278 2822 327 2876 est
351 2833 394 2876 ex
415 2812 535 2877 fabulis
557 2812 768 2897 Graecorum,
797 2814 855 2877 sed
878 2836 921 2877 ex
948 2812 1081 2877 historia
1102 2835 1211 2878 rerum
1235 2813 1380 2878 Senecae
1403 2825 1526 2901 tempo·

129 2915 219 2981 ribus
243 2916 285 2981 ab
309 2917 505 3002 imperatore
527 2918 657 2983 Nerone
681 2927 847 3003 gestarum
871 2917 1100 3004 depromptum
1124 2929 1182 2982 est.
1228 2917 1423 2983 describitur
1446 2921 1531 2984 enim

128 3019 190 3084 hac
224 3020 405 3105 tragoedia,
441 3033 562 3106 quanta
593 3021 782 3088 crudelitate
813 3023 901 3087 Nero
932 3021 1105 3087 Octaviam
1139 3044 1289 3104 uxorem,
1323 3023 1529 3107 imperatoris

128 3123 255 3188 Claudii
279 3134 311 3187 et
338 3125 532 3190 Messalinae
559 3125 669 3210 filiam,
698 3148 740 3189 ex
763 3127 966 3191 matrimonio
990 3126 1152 3211 expulerit
1174 3136 1272 3212 atquc
1295 3126 1528 3191 exturbaverit.

128 3228 376 3292 adnumeranda
398 3230 497 3312 igitur
520 3239 568 3292 est
591 3228 729 3294 Octavia
752 3229 797 3294 illi
820 3230 1062 3313 tragoediarum
1085 3232 1206 3316 generi,
1230 3230 1316 3316 quod
1340 3238 1531 3317 ‘praetexta
1557 3285 1560 3292 .

127 3333 208 3397 rum’
240 3335 369 3397 nomine
400 3333 616 3419 significatur,
648 3335 738 3399 cuius
769 3324 897 3418 generis
928 3333 989 3398 hoc
1020 3356 1121 3399 unum
1151 3336 1338 3421 exemplum
1368 3338 1530 3421 integrum

127 3436 219 3501 nobis
243 3447 407 3502 servatum
431 3448 487 3501 est.

231 3542 301 3605 Iam
322 3551 463 3606 exeunte
484 3542 613 3607 saeculo
628 3543 696 3608 XV
708 3543 749 3607 de
766 3543 892 3609 Seneca
908 3541 1002 3608 huius
1018 3552 1208 3629 praetextae
1223 3555 1355 3609 auctore
1373 3544 1530 3610 dubitatio

127 3647 270 3709 maxima
301 3656 388 3710 mota
419 3656 467 3711 est
489 3647 542 3710 vel
573 3647 615 3712 ab
647 3649 702 3733 eis,
733 3650 788 3734 qui
811 3650 889 3733 quin
916 3659 1045 3713 ceterae
1072 3648 1204 3714 fabulae
1232 3649 1274 3712 ad
1301 3648 1529 3735 philosophum

126 3748 216 3813 illum
243 3750 434 3815 referendae
457 3762 565 3815 essent
593 3754 720 3817 omnino
748 3774 812 3817 non
836 3751 1040 3817 dubitabant.
1087 3752 1188 3817 veluti
1215 3754 1249 3817 in
1273 3751 1369 3816 Gellii
1392 3753 1530 3817 Bernar-

127 3852 194 3916 dini
224 3854 397 3920 Marmitae
429 3857 660 3921 commentario
691 3856 732 3921 ad
765 3857 923 3922 Senecam
957 3859 1118 3941 tragicum
1149 3856 1295 3920 Venetiis
1326 3879 1355 3921 a.
1383 3856 1467 3921 1492
1496 3860 1530 3921 in

127 3956 233 4021 lucem
257 3960 373 4023 emisso
401 3959 482 4024 haec
509 3961 675 4045 leguntur:
711 3962 752 4025 ‘in
784 3960 846 4025 hoc
868 3970 977 4025 autem
1000 3960 1164 4026 volumine
1187 3970 1237 4025 est
1263 3961 1442 4045 tragoedia,
1466 3983 1530 4047 qua

232 4168 253 4233 ¹)
272 4168 312 4219 Cf.
327 4169 379 4219 vol.
393 4170 414 4233 I,
434 4188 459 4235 p.
473 4173 533 4236 6sq.
560 4171 725 4222 Phoenissae
738 4177 766 4222 et
777 4172 891 4222 Medeae
904 4186 996 4221 versus
1010 4173 1112 4220 1-700
1130 4176 1158 4221 et
1171 4171 1285 4221 Octavia
1303 4172 1332 4220 in
1350 4171 1487 4221 codicibus
1499 4172 1533 4221 Μ

127 4260 154 4303 et
174 4253 202 4303 N
217 4254 356 4305 fluxerunt
374 4271 407 4306 ex
432 4256 500 4308 libro
520 4259 635 4323 quodam
659 4260 751 4309 classis
774 4258 961 4324 interpolatae,
986 4273 1019 4307 ex
1037 4274 1090 4324 quo
1110 4260 1191 4309 etiam
1214 4259 1283 4309 liber
1300 4258 1452 4323 Melisseus,
1476 4275 1529 4325 quo

127 4340 235 4406 Lipsius
253 4357 317 4391 usus
336 4348 383 4406 est,
403 4344 539 4395 derivatus
558 4360 616 4395 esse
635 4347 753 4410 videtur,
773 4347 807 4397 cf.
819 4347 939 4396 Leonem
958 4344 1045 4408 vol.I,
1064 4362 1088 4411 p.
1104 4348 1145 4394 14.

232 4427 254 4493 ²)
272 4428 347 4478 Idem
370 4432 568 4495 tragoediarum
592 4433 655 4483 ordo
681 4439 772 4484 —est
794 4435 825 4495 is,
850 4433 896 4496 qui
918 4433 947 4480 in
970 4433 1062 4482 codice
1083 4432 1197 4482 Etrusco
1221 4437 1295 4482 extat
1313 4460 1347 4469 —
1366 4435 1530 4499 conspicitur

127 4516 207 4563 etiam
227 4516 255 4563 in
274 4516 354 4565 titulo
373 4518 429 4566 cod.
446 4518 663 4571 vindobonensis
675 4522 721 4583 613
745 4522 848 4585 inipso
867 4524 958 4569 autem
981 4518 1050 4569 libro
1070 4519 1141 4569 alius
1159 4525 1200 4570 est
1222 4518 1373 4570 fabularum
1393 4520 1471 4583 ordo,
1494 4520 1528 4569 cf.

127 4600 158 4649 R.
172 4601 278 4666 Peiperi
296 4608 323 4652 et
342 4603 374 4653 G.
387 4603 508 4655 Richteri
527 4606 567 4656 ed.
586 4608 669 4675 praef.
688 4625 712 4673 p.
727 4607 852 4659 XXXIII.
