3392 5067
1448 217 1489 281 93

80 408 194 472 media
224 408 383 471 sententia
413 408 507 492 positi
537 415 612 470 sunt
638 445 680 454 —
707 409 741 470 in
771 406 902 495 reliquis
932 406 1051 471 fabulis
1081 428 1144 471 non
1175 405 1247 493 plus
1275 409 1490 493 quadraginta

80 520 199 576 extant
229 550 270 560 —
301 512 389 577 aliud
425 511 575 577 concludi
604 520 712 598 potest
741 532 838 597 quam
869 510 956 596 quod
985 510 1055 575 Leo
1086 509 1276 604 conclusit1)
1283 560 1291 595 ,
1331 511 1489 577 Octaviae

80 618 277 702 scriptorem
307 616 369 681 hac
398 618 432 679 in
461 638 497 681 re
528 625 597 680 arte
628 638 761 701 prorsus
793 616 924 679 diversa
953 638 1047 679 usum
1081 637 1162 701 esse,
1208 617 1269 680 nisi
1300 615 1383 681 forte
1415 639 1490 683 cum

78 722 121 784 L.
141 709 299 786 Muellero
323 729 463 787 statuere
486 722 590 784 mavis
614 722 741 785 cantica
768 721 977 804 anapaestica
1005 718 1079 785 solis
1107 720 1314 785 monometris
1342 742 1412 787 esse
1436 721 1489 805 de-

80 826 267 890 scribenda.
306 848 345 890 ea
374 828 474 910 igitur
500 847 584 911 quac
611 827 645 888 in
666 825 764 889 rebus
787 824 986 910 prosodiacis
1016 834 1048 887 et
1069 825 1211 889 metricis
1235 848 1255 889 a
1278 825 1421 899 Senecae
1444 826 1488 890 fa-

79 929 170 993 bulis
194 930 325 995 diversa
353 939 465 994 extant
492 931 526 994 in
552 930 615 994 hac
642 927 754 994 fabula
785 951 952 1014 perpauca
974 938 1048 993 sunt
1078 951 1140 993 nec
1167 928 1389 994 demonstrant
1417 952 1489 996 eam

78 1034 184 1099 multo
206 1044 280 1119 post
302 1033 443 1119 reliquas
465 1032 592 1098 fabulas
616 1056 686 1098 esse
715 1034 934 1118 compositam.
944 1033 970 1119 2)
1015 1032 1049 1096 id
1077 1033 1164 1118 quod
1190 1034 1256 1098 iam
1278 1034 1317 1097 L.
1342 1033 1487 1119 Mueller,

79 1138 314 1222 sagacissimus
335 1138 398 1214 ille¹
411 1161 521 1203 rerum
543 1140 751 1203 metricarum
775 1138 970 1216 aestimator,
998 1138 1047 1202 his
1070 1138 1149 1224 ipsis
1172 1137 1270 1202 rebus
1293 1140 1326 1202 in
1349 1160 1487 1204 examen

79 1245 208 1307 vocatis
227 1242 377 1331 statuit.³)
413 1265 497 1329 quae
518 1265 591 1307 cum
611 1245 657 1307 ita
680 1244 752 1324 sint,
776 1265 819 1307 ex
841 1242 904 1309 hac
928 1264 1054 1329 quoque
1077 1252 1169 1328 parte
1192 1264 1303 1308 eorum
1330 1245 1488 1307 sententia

79 1369 146 1410 non
178 1347 355 1431 probabilis
385 1347 431 1430 fit,
459 1348 513 1432 qui
540 1346 698 1412 Octaviae
729 1349 920 1433 scriptorem
950 1346 1050 1411 multc
1080 1356 1154 1437 post
1181 1345 1339 1412 Senecam
1366 1349 1488 1413 vixisse

78 1451 327 1517 contenderunt.

186 1556 252 1623 Sed
274 1558 338 1622 iam
360 1559 395 1621 in
417 1578 455 1620 eo
478 1564 536 1639 est,
561 1565 596 1619 ut
618 1559 714 1620 totius
738 1556 963 1640 disputationis
987 1576 1145 1621 summam
1168 1554 1334 1621 faciamus.

185 1662 308 1727 Eorum
345 1662 519 1744 sententia,
558 1662 612 1745 qui
646 1659 818 1725 Octaviam
856 1659 956 1725 multo
994 1669 1067 1746 post
1104 1659 1248 1725 Senecae
1282 1662 1484 1747 Neronisque

74 1746 229 1852 tempora
258 1768 412 1851 scriptam
442 1787 513 1852 esse
543 1773 738 1847 statuerunt,
769 1764 858 1829 nulla
885 1787 928 1828 ex
954 1772 1047 1850 parte
1073 1763 1251 1849 probabilis
1275 1775 1332 1830 est.
1378 1770 1485 1833 omnia

76 1874 169 1935 enim
196 1892 279 1957 quae
302 1871 347 1936 illi
369 1870 572 1957 protulerunt
594 1879 786 1954 argumenta
813 1869 892 1942 nihil
914 1892 1046 1956 prorsus
1071 1870 1191 1934 valent.
1238 1872 1264 1933 si
1290 1893 1343 1935 res
1366 1882 1484 1958 gestas,

75 1999 165 2062 quae
198 1978 232 2040 in
264 1976 327 2040 hac
360 1975 472 2040 fabula
505 1984 810 2057 commemorantur,
846 1983 1043 2059 spectamus,
1083 1996 1147 2039 non
1183 1982 1231 2039 est
1266 1997 1323 2039 cur
1356 1984 1484 2063 po‘etam
1531 2036 1536 2048 .

75 2082 219 2146 Neronis
241 2089 388 2165 tempora
410 2082 518 2165 ipsum
539 2079 660 2143 vidisse
682 2100 854 2163 negemus3
884 2102 926 2143 ex
949 2078 1062 2143 Tacito
1086 2101 1160 2142 eum
1184 2101 1241 2143 sua
1265 2079 1483 2166 desumpsisse

75 2185 120 2248 ab
145 2206 223 2249 vero
250 2183 410 2261 abhorret.
455 2206 561 2269 neque
589 2204 685 2268 porro
712 2184 891 2248 rationibus
920 2184 1063 2251 metricis
1091 2182 1294 2261 adducimur,
1326 2193 1362 2247 ut
1389 2185 1484 2250 Octa-

75 2291 168 2353 viam
196 2289 259 2353 alia
285 2310 383 2373 quam
413 2297 538 2353 ceteras
564 2288 691 2353 fabulas
719 2297 826 2351 aetate
858 2288 1070 2372 compositam
1098 2309 1169 2350 esse
1200 2288 1387 2371 cogitemus.
1434 2313 1484 2354 ao-

76 2394 168 2457 cedit
202 2394 288 2477 quod
315 2393 458 2477 intellegi
485 2415 548 2456 non
574 2401 697 2478 posset,
726 2414 784 2456 cur
807 2393 892 2477 quis,
925 2393 980 2477 qui
1008 2392 1107 2455 multo
1134 2399 1206 2475 post
1229 2390 1387 2456 Senecam
1415 2396 1483 2458 eius

76 2498 209 2563 fabulas
231 2498 404 2562 imitandas
428 2497 487 2562 sibi
511 2500 657 2583 sumpsit,
685 2506 913 2581 argumentum
936 2518 1066 2582 prorsus
1091 2496 1255 2560 diversum
1278 2498 1483 2563 tractandum

77 2604 141 2667 sibi
172 2602 332 2687 elegisset.
377 2601 568 2666 incredibile
597 2603 695 2685 igitur
722 2611 770 2665 est
799 2601 1032 2686 posterioribus
1059 2599 1258 2686 temporibus
1286 2622 1482 2688 quemquam

75 2709 189 2772 nescio
220 2729 303 2792 quae
330 2728 438 2771 rerum
469 2709 662 2792 scriptorum
693 2728 792 2792 opera
821 2715 854 2769 ct
868 2706 1027 2771 ,Senecae
1057 2706 1178 2789 scripta
1207 2702 1294 2767 hunc
1324 2709 1356 2769 in
1384 2708 1482 2772 finem

75 2812 269 2897 perlegisse,
296 2821 332 2875 ut
359 2810 456 2874 talem
484 2811 683 2894 tragoediam
710 2810 906 2874 rhetoricam
934 2808 1120 2893 conficeret,
1149 2830 1254 2893 neque
1282 2818 1390 2875 tamen
1418 2813 1483 2877 ulla

74 2918 110 2980 in
135 2939 173 2980 re
196 2918 381 3001 posterioris
409 2915 493 2979 illius
520 2916 635 2980 aetatis
661 2916 816 2978 indicium
838 2914 1037 2999 praebuisse.
1066 2915 1130 2977 iam
1152 2922 1286 2998 propter
1308 2914 1342 2978 id
1365 2917 1481 3002 ipsum,

74 3021 165 3106 quod
190 3019 358 3101 Octaviae,
385 3021 524 3085 Neronis
547 3022 667 3104 uxoris,
696 3020 813 3083 misera
836 3040 903 3081 sors
930 3018 992 3081 hac
1015 3016 1126 3082 fabula
1147 3025 1316 3103 tractatur,
1340 3028 1481 3085 statuen-

75 3126 156 3190 dum
186 3135 235 3189 est
265 3148 337 3189 eam
367 3124 474 3210 paullo
503 3134 577 3209 post
603 3124 741 3189 Neronis
778 3126 911 3206 exitum,
943 3144 1005 3209 quo
1035 3132 1180 3207 tempore
1212 3124 1281 3186 eius
1310 3122 1418 3188 odium
1449 3127 1483 3188 in

73 3230 243 3294 hominum
272 3231 387 3293 animis
417 3228 592 3294 admodum
622 3229 739 3292 ardens
770 3237 853 3309 erat,
889 3230 1042 3313 scriptam
1076 3249 1155 3291 esse.
1201 3250 1277 3291 nam
1311 3229 1481 3315 quomode,

74 3356 209 3419 quaeso,
232 3342 345 3418 postea
366 3332 463 3397 alicui
490 3334 522 3396 in
546 3341 686 3397 mentem
710 3334 821 3395 venire
844 3333 949 3417 potuit
970 3328 1066 3394 huius
1089 3332 1193 3415 gentis
1216 3331 1318 3395 Iuliae
1341 3331 1481 3398 feminae

75 3448 198 3502 sortem
228 3437 438 3502 describere?
483 3440 592 3523 itaque
627 3458 666 3501 ea
700 3445 807 3500 aetate
838 3474 881 3484 -—
911 3435 983 3500 dico
1017 3436 1207 3500 Flauiorum
1236 3474 1278 3482 —
1309 3435 1482 3503 Octaviam

184 3649 204 3715 ¹)
224 3648 264 3699 Of.
282 3649 402 3699 Leonem
420 3648 473 3699 vol.
492 3648 505 3697 I
523 3665 548 3714 p.
571 3650 627 3697 101.

183 3736 205 3802 ²)
224 3736 326 3797 Quodsi
343 3736 452 3785 Richter
471 3736 512 3785 ed.
530 3735 614 3801 praef.
632 3752 657 3801 p.
676 3734 742 3785 XIII
761 3734 899 3785 contendit
917 3733 1057 3785 Octaviam
1080 3740 1258 3800 propterea
1281 3736 1380 3785 etiam
1402 3742 1480 3787 aute

76 3824 258 3875 Frontonis
284 3828 425 3873 aetatem
457 3823 538 3872 scribi
565 3839 619 3872 non
645 3822 777 3888 potuisse,
808 3824 873 3887 quia
899 3823 1017 3871 rationes
1044 3823 1171 3871 metricae
1198 3838 1247 3872 nos
1274 3821 1420 3884 adducant,
1450 3829 1481 3872 ut

76 3916 228 3961 statuamus
246 3925 304 3960 eam
327 3915 387 3975 post
404 3909 550 3959 Herculem
570 3909 701 3959 Oetaeum
720 3911 897 3973 conscriptam
917 3924 983 3971 esse,
1005 3908 1033 3957 id
1051 3908 1148 3958 falsum
1167 3914 1215 3958 est.
1244 3924 1305 3959 nam
1329 3911 1434 3959 etiamsi
1452 3926 1481 3960 re

77 4012 142 4048 vera
159 3996 287 4047 Herculis
305 3996 400 4047 Oetaei
421 3995 514 4046 fabula
535 3998 593 4045 sive
616 4001 673 4046 tota
694 3998 751 4045 sive
774 4010 807 4044 ex
829 4001 906 4062 parte
929 3995 1065 4045 aSeneca
1088 4011 1141 4044 non
1166 3998 1316 4060 conscripta
1335 4001 1383 4059 est,
1408 4004 1481 4047 certe

77 4085 155 4134 nulla
172 4083 249 4134 adest
267 4098 355 4146 causa,
374 4100 422 4133 cur
440 4099 499 4133 eam
518 4083 611 4133 eodem
630 4088 750 4149 tempore
768 4098 821 4149 quo
840 4089 943 4133 ceteras
962 4082 1112 4147 tragoedias
1131 4084 1304 4147 compositam
1324 4098 1382 4133 esse
1401 4098 1480 4149 nege-

77 4188 145 4223 mus.
165 4177 284 4221 ceterum
307 4171 339 4221 cf.
360 4186 429 4237 quae
447 4171 494 4221 ille
512 4171 604 4237 paullo
623 4176 704 4220 antea
721 4171 804 4236 praef.
823 4186 847 4235 p.
867 4170 920 4219 ΧΠ
943 4171 1059 4234 scripsit:
1086 4170 1206 4220 Octaviae
1223 4174 1359 4235 anapaesti
1375 4174 1480 4221 secato·

77 4277 130 4309 rem
152 4275 269 4308 amarum
286 4266 404 4309 sectemur
421 4258 578 4309 Boethiuat's.
604 4276 665 4308 aura
683 4265 711 4308 ut
728 4259 848 4307 Boethius
866 4255 1029 4307 dimetrorum
1048 4260 1267 4322 anapaesticorurn
1282 4265 1384 4321 purtem
1397 4264 1480 4323 poete-

77 4349 172 4397 rierem
197 4343 291 4395 adonio
313 4345 381 4411 effici
402 4346 475 4395 tuerit
500 4348 529 4395 ia
550 4345 650 4395 duabus
672 4348 782 4395 ornatum
804 4360 922 4394 vacuam
941 4346 1061 4408 pertibus
1080 4341 1150 4410 (Ἄ),
1181 4344 1300 4395 Octaviae
1327 4352 1421 4406 erector,
1444 4363 1480 4395 rte

77 4434 198 4485 modum
218 4436 252 4483 ia
270 4432 406 4483 Senecae
427 4432 603 4499 traqoediic
624 4438 782 4482 seruatum
809 4433 943 4491 transiret,
971 4431 1066 4481 adonio
1089 4432 1117 4481 ia
1143 4434 1219 4482 tertia
1245 4438 1343 4482 tactam
1366 4449 1479 4498 anapae-

78 4530 173 4572 stomm
187 4528 265 4586 parte
282 4519 338 4584 (¹l3)
357 4521 435 4570 locum
452 4523 577 4570 emaceacit.

184 4607 206 4673 ³)
225 4608 264 4657 ef.
283 4624 308 4673 p.
327 4610 368 4657 53.
