3392 5067
1463 255 1526 316 229

127 442 281 531 (ψευδέας
307 469 341 509 τε
364 446 508 529 Λόγους)
544 452 576 506 et
597 442 658 526 Op.
678 441 739 505 106
774 440 880 528 ἕτερόν
908 465 961 507 τοι
994 442 1056 526 ἐγὼ
1087 442 1179 526 λόγον
1209 443 1431 531 ἐκκορυφώσω,
1463 468 1526 531 quo

124 550 212 634 loco,
247 570 342 633 quem
377 549 582 632 grammatici
613 549 759 632 spurium
793 567 863 610 esse
897 555 1028 631 putant,
1062 548 1202 631 primum
1236 547 1405 631 singularis
1439 550 1526 613 inve·

125 657 220 719 nitur.
265 654 353 719 idem
383 674 535 717 numerus
565 661 657 716 extat
686 651 778 736 Tyrt.
812 649 863 732 12,
889 651 905 712 1
939 646 1007 717 οὔτ’
1026 652 1065 716 ἰίν
1094 650 1273 741 μνησαίμην
1303 648 1369 718 οί’τ’
1387 655 1421 719 ἐν
1443 655 1525 742 λόγῳ
1590 695 1593 700 -

126 760 225 846 άνόρα
246 755 406 844 τιθείμην.
436 758 491 842 qui
507 778 620 820 versus
643 754 728 820 hano
751 776 881 841 quoque
905 755 946 819 ob
964 778 1096 820 oausam
1118 756 1335 821 memorabilis
1357 767 1416 840 est,
1439 759 1526 843 quod

125 863 178 926 hic
200 863 292 947 λόγος
314 864 457 946 primum
480 862 513 924 in
536 859 716 945 periphrasi
740 860 871 925 dicitur.
910 860 1047 925 alterum
1077 863 1145 924 eius
1175 883 1252 925 usus
1276 861 1461 947 exemplum
1483 863 1525 926 le-

125 970 210 1051 gitur
233 967 377 1050 Theogn.
397 964 461 1028 418
484 963 670 1052 ύπερτερίης
689 976 696 1029 “.
718 1016 725 1029 .
748 1016 754 1030 .
775 965 868 1049 λόγος
891 964 947 1051 (cf.
970 987 1003 1049 p.
1026 963 1113 1049 146).
1163 974 1333 1050 praeterea
1355 989 1524 1031 numerum

126 1071 320 1155 singularem
344 1070 446 1134 habes
468 1070 619 1155 Xenoph.
644 1070 673 1151 6,
702 1071 716 1133 1
742 1078 795 1134 νῦν
818 1065 888 1135 αὖτ’
910 1069 1007 1135 άλλον
1029 1065 1140 1154 ἔπειμι
1161 1070 1256 1154 λόγου
1280 1071 1525 1157 (narrationem)

126 1186 157 1240 et
180 1174 324 1258 Theogn.
352 1174 435 1239 1055
467 1175 547 1239 ἀλλὰ
570 1175 663 1258 λόγον
685 1176 743 1260 μὲν
763 1182 877 1239 τοῦτον
908 1175 1045 1259 ἰάσομεν
1074 1173 1298 1261 (sermonem),
1330 1175 1399 1239 aliis
1422 1176 1524 1240 Theo-

125 1280 231 1365 gnidis
254 1280 333 1344 locis
356 1278 524 1365 pluralem.
549 1318 591 1325 —
618 1282 759 1365 μάγρος
788 1280 871 1363 (K).
911 1278 999 1362 apud
1023 1279 1202 1343 Homerum
1224 1278 1286 1343 hoc
1306 1280 1406 1344 verbo
1430 1281 1525 1344 homo

125 1385 239 1449 stultus
263 1394 294 1447 et
318 1384 452 1447 demens
475 1383 689 1468 significatur:
727 1382 874 1466 Theogn.
898 1381 959 1446 581
979 1404 1026 1468 sq.
1049 1381 1195 1466 ἐχθαίρω
1222 1384 1258 1448 δὲ
1280 1391 1410 1467 γυναῖκα
1432 1382 1524 1469 περί-

125 1491 243 1575 όρομον
273 1489 372 1573 άνόρα
400 1512 435 1553 τε
465 1492 594 1575 μάγρον,
623 1488 626 1567 Ι
654 1486 690 1567 ὃς
718 1493 775 1574 την
803 1486 972 1576 ἀλλοτρίην
1000 1482 1126 1570 βούλευ)
1149 1488 1285 1574 ἀίρουραν
1314 1492 1408 1572 ἀροῦν
1437 1490 1525 1554 idem

125 1602 174 1657 est
203 1591 290 1678 quod
320 1592 476 1678 λάγνος.1)
521 1630 563 1639 —-
608 1601 732 1680 μνῆμα
756 1591 830 1677 (K.)
860 1591 1004 1675 Theogn.
1035 1591 1096 1655 112
1127 1601 1233 1680 μνῆμα
1264 1588 1294 1657 δ’
1319 1588 1423 1675 ἔχουσ)
1446 1598 1524 1677 ἀγα-

125 1704 195 1764 θῶν
217 1700 284 1761 vim
306 1697 396 1760 vocis
419 1699 523 1785 μνήμη
546 1696 654 1761 habet.
697 1735 740 1742 —
780 1698 897 1781 μυχός
919 1697 939 1758 i.
965 1718 994 1781 q.
1018 1696 1188 1775 ἐνύότατος
1209 1699 1310 1775 τύπος
1328 1681 1388 1783 (cf.
1413 1698 1522 1782 Etym.

124 1801 233 1885 Magn.
250 1801 324 1878 596,
342 1800 453 1886 resq.)
477 1801 627 1886 Xenoph.
644 1799 674 1886 2,
691 1800 735 1864 22
757 1803 794 1866 ού
816 1804 875 1885 γὰρ
897 1798 1020 1866 πιαίνει
1048 1810 1149 1865 ταῦτα
1179 1808 1296 1884 μυχοὺς
1324 1800 1450 1879 πόλεως
1478 1803 1525 1865 ita

123 1914 309 1991 usurpatur,
339 1913 376 1969 ut
397 1904 496 1989 locus,
531 1905 587 1969 ubi
616 1903 760 1968 thesauri
784 1912 994 1989 reponuntur,
1023 1904 1232 1988 significetur.
1278 1942 1319 1950 —
1365 1904 1522 1990 ὀιζυρύς.

123 2010 185 2074 hoo
208 2008 309 2073 verbo
332 2008 477 2094 Theogn.
495 2009 537 2072 65
566 2008 698 2095 όιζυρών
728 2006 845 2096 φρένας
874 2008 997 2093 ἀνδρῶν
1026 2030 1090 2071 non
1121 2008 1255 2072 miseros
1286 2008 1442 2089 homines,
1465 2010 1522 2094 sed

124 2113 331 2179 detestabiles
359 2113 534 2196 significari
557 2112 716 2177 Weleker
745 2109 920 2193 intellexit3
959 2111 1000 2175 cf.
1027 2111 1155 2176 Sitzleri
1183 2115 1409 2177 commentatio
1439 2135 1522 2197 quae

122 2218 311 2283 inscribitur
334 2216 484 2281 ‘Studien
508 2240 582 2282 zum
605 2216 760 2301 Elegiker
783 2217 957 2300 Theognis’
982 2217 1186 2301 (Programm
1210 2217 1267 2281 des
1291 2216 1522 2303 Gymnasiums
1609 2291 1613 2301 1

122 2347 163 2387 zu
178 2320 550 2404 Tauberbischofsheim‚
570 2320 668 2407 1885)
686 2346 716 2407 p.
728 2319 777 2385 17.
799 2322 988 2401 -οἰκεῖν,
1006 2320 1092 2406 quod
1109 2330 1157 2384 est
1174 2320 1345 2403 ‘habitare
1361 2322 1521 2407 incolere,

122 2425 222 2490 Phoc.
239 2428 270 2505 b,
297 2425 312 2488 1
336 2448 382 2511 sq.
406 2424 461 2492 καί
481 2427 556 2492 τάδε
590 2423 801 2491 Φωκυλίύεω·
833 2426 930 2504 πόλις
960 2427 994 2491 ἐν
1023 2424 1171 2513 σκοπέλῳ
1201 2430 1281 2491 κατὰ
1311 2429 1431 2510 κόσμον
1450 2428 1454 2511 l
1474 2429 1523 2492 οἰ-

122 2539 218 2597 κεῦσα
241 2536 357 2619 σμικρη
380 2529 522 2613 κρέσσων
538 2528 638 2596 Νίνου
661 2530 877 2618 ἀφραινούσης
898 2532 931 2593 in
948 2528 1084 2594 eandem
1101 2532 1294 2595 sententiam
1318 2530 1440 2595 dictum
1464 2541 1521 2615 est,

123 2634 317 2720 quamPlat.
335 2634 591 2718 Leg.111702a
614 2633 723 2716 habet,
747 2634 804 2698 ubi
820 2642 891 2713 πῶς
912 2631 989 2700 ποτ’
1004 2636 1044 2699 ov
1066 2634 1161 2713 πόλις
1182 2636 1298 2719 άριστα
1320 2633 1424 2722 οἰκοίη
1447 2635 1521 2719 legi·

123 2749 183 2803 tur.
208 2778 250 2785 -
272 2738 459 2823 οἰμώζειν.
491 2738 553 2803 hoe
576 2739 715 2803 verbum
736 2739 770 2801 in
792 2738 928 2803 Homeri
951 2737 1148 2802 carminibus
1172 2760 1300 2823 semper
1321 2740 1522 2803 intransitive

122 2852 305 2927 usurpatur,
332 2851 368 2906 ut
390 2841 478 2907 idem
501 2842 542 2906 sit
565 2843 651 2928 quod
675 2842 883 2908 ‘lamentari’.
923 2862 1024 2928 quare
1047 2842 1092 2924 fit,
1117 2852 1152 2905 ut
1175 2864 1333 2928 nusquam
1356 2844 1521 2928 passivum

122 2948 257 3032 legatur.
282 2956 395 3012 contra
410 2946 554 3031 Theogn.
574 2946 658 3011 1203
670 2969 716 3032 sq.
733 2943 801 3013 οὐδ’
812 2945 870 3011 ἐπί
885 2948 996 3033 τύμβῳ
1017 2946 1021 3031 l
1041 2945 1219 3030 οἰμιυχθείς
1232 2950 1296 3011 ύπό
1312 2956 1367 3035 γῆν
1389 2938 1453 3012 εἶσι
1467 2948 1522 3012 τύ-

121 3076 232 3137 ραννος
262 3056 338 3141 ἀνήρ
360 3052 428 3115 vim
457 3051 659 3115 transitivam
690 3050 799 3133 habet,
829 3050 865 3114 id
889 3050 975 3134 quod
1007 3072 1049 3114 ex
1078 3050 1182 3115 forma
1213 3053 1344 3136 passiva
1374 3052 1520 3135 adparet.
1581 3129 1584 3132 Ι

123 3157 286 3222 obiectum
301 3165 409 3221 autem
431 3157 571 3241 primum
587 3156 714 3220 accedit
731 3154 822 3241 Tyrt.
840 3154 870 3236 7,
889 3157 906 3217 1
931 3156 1093 3233 δεσπότας
1109 3154 1314 3239 οἰμώζοντεςς
1340 3155 1380 3219 cf.
1398 3178 1429 3241 p.
1450 3155 1520 3220 140.

122 3300 164 3307 -
194 3260 322 3345 ὀλίγος
350 3260 416 3326 καί
445 3259 560 3345 με’γας
590 3258 669 3324 Call.
696 3260 724 3341 1,
743 3258 781 3321 17
805 3262 862 3324 τὸν
885 3255 914 3324 d'
930 3257 1036 3342 ὀλίγος
1058 3264 1203 3341 στενάχει
1226 3258 1280 3325 καί
1302 3258 1400 3343 μέγας
1423 3259 1521 3345 (hoch

122 3366 190 3431 und
223 3364 364 3451 niedrig)
399 3364 554 3429 translate
589 3372 780 3449 usurpatur,
825 3365 916 3426 cuius
950 3385 1027 3426 usus
1061 3363 1197 3427 alterum
1229 3363 1415 3449 exemplum
1446 3375 1520 3427 ante

122 3469 331 3534 Theocritum
348 3478 438 3534 extat
453 3468 591 3550 nullum3
616 3469 657 3532 cf.
674 3466 869 3553 Bernhardy
885 3467 970 3531 Hist.
986 3467 1046 3532 litt.
1063 3490 1110 3551 gr.
1128 3466 1299 3533 ΙΙ13485.
1318 3507 1357 3515 -
1374 3469 1521 3553 ὁμιλεῖν

122 3574 211 3660 apud
233 3575 413 3640 Homerum
437 3574 477 3638 de
500 3572 720 3660 pugnantibus
744 3573 808 3636 dici
831 3572 922 3652 solet,
946 3594 1029 3657 quae
1053 3574 1102 3635 vis
1125 3573 1167 3636 ab
1192 3572 1311 3656 elegeis
1334 3572 1440 3635 aliena
1463 3583 1519 3636 est.

122 3680 155 3743 in
179 3678 229 3743 his
253 3681 339 3743 enim
368 3679 455 3743 idem
478 3678 567 3742 valet
588 3688 685 3763 atque
717 3678 777 3741 ‘uti
801 3676 929 3762 aliquo'.
976 3698 1054 3741 sanc
1076 3677 1165 3761 apud
1189 3677 1369 3741 Homerum
1392 3698 1520 3762 quoque

122 3786 188 3847 vim
212 3783 347 3849 alteram
376 3782 485 3865 habet,
509 3804 623 3846 verum
645 3804 708 3846 non
738 3780 778 3845 de
808 3788 968 3867 perpetua
999 3781 1231 3845 consuetudine
1254 3790 1439 3865 usurpatur,
1463 3782 1521 3845 sed

122 3888 298 3974 respondet
320 3888 421 3952 latino
445 3887 604 3968 ‘versari'3
629 3886 669 3950 cf.
686 3907 718 3971 p.
737 3884 808 3949 156.
834 3923 874 3931 -
898 3887 1210 3970 όνομαστύς(Κ.).
1234 3887 1266 3947 in
1290 3888 1430 3971 antiquis
1454 3908 1521 3949 oar-

122 3992 262 4057 minibus
286 3993 388 4078 epicis
411 4013 539 4077 semper
562 3994 598 4057 ού
620 3991 788 4076 praecedit
810 3992 865 4071 ita,
896 4001 932 4054 ut
960 3992 1045 4054 notio
1069 3990 1248 4053 ‘infandus'
1272 3992 1304 4054 in
1330 3991 1439 4055 verbis
1464 3994 1520 4057 οάκ

123 4098 300 4181 ὀνομαστός
322 4098 406 4159 insit.
431 4096 474 4161 ab
497 4094 558 4160 hoe
581 4119 642 4160 usu
665 4095 789 4159 recedit
812 4094 957 4179 Theogn.
973 4094 1015 4158 23
1038 4098 1162 4172 πάντας
1185 4095 1219 4160 da
1242 4090 1312 4161 κατ’
1328 4099 1521 4181 ἀνθρώπους

123 4203 315 4285 ἀνομαστός;
340 4199 381 4265 cf.
399 4199 493 4263 Pind.
514 4198 611 4285 Pyth.
635 4199 652 4264 I
674 4198 715 4264 38
739 4199 895 4284 multique
918 4198 971 4262 alii
993 4197 1066 4280 loci,
1090 4200 1145 4282 qui
1167 4198 1255 4282 apud
1279 4202 1451 4284 scriptores
1474 4223 1520 4264 re-

228 4553 248 4619 1)
266 4552 451 4617 Kuellenberg
468 4553 573 4619 μάχλος
592 4553 705 4603 conferri
730 4554 817 4613 iubet3
847 4552 894 4601 sed
916 4551 967 4601 hoc
985 4551 1096 4602 verbum
1116 4552 1149 4601 de
1172 4553 1278 4602 feminis
1300 4553 1423 4619 usurpari
1442 4553 1519 4615 solet,

123 4640 155 4691 de
174 4641 237 4689 viris
256 4640 368 4706 λάγνοςς
387 4640 420 4689 ol.
439 4640 549 4690 Lobeck
568 4640 601 4690 ad
619 4640 718 4704 Phryn.
738 4639 795 4689 Ecl.
815 4656 839 4703 p.
857 4640 913 4687 184.
