3392 5067
190 190 252 254 348

190 381 374 462 duodecies,
410 385 496 468 apud
531 385 617 449 Men.
641 388 742 449 vicies
776 386 837 467 bis,
852 386 875 472 ¹)
909 387 1090 474 Hipparch.
1123 387 1169 470 1,,
1203 387 1308 472 Lync.
1342 388 1388 470 1„
1425 387 1486 469 1,,
1522 386 1587 468 1,,
1685 421 1686 457 ,

189 485 354 572 Anaxipp.
382 488 397 549 1
409 532 446 569 ,,
471 488 610 572 Sosipat.
636 490 700 571 1,,
723 489 890 575 Euphron.
917 490 988 572 10„
1012 490 1162 554 Machon.
1187 491 1239 573 2„
1263 491 1377 554 Baton.
1402 490 1454 572 5,,
1483 489 1587 552 Phoe·

188 590 250 652 nic.
278 589 330 670 4,,
361 590 427 673 4,,
458 592 623 678 Posidipp.
652 593 739 677 26,,
769 593 952 658 Damoxen.
980 594 1032 675 2,
1063 594 1129 676 2,,,
1160 595 1226 676 2,,,
1257 593 1278 656 2
1286 637 1323 676 ,,,
1355 593 1493 658 Straton.
1521 593 1588 677 1,,
1685 589 1686 592 ’

189 691 368 777 Theognet.
394 696 443 776 1,.

293 799 460 862 Accentus
484 800 649 886 discrepat
671 800 712 866 ab
729 825 842 866 versus
866 804 932 866 ictu
957 802 1089 888 Antiph.
1108 802 1148 866 78
1172 801 1362 891 σησαμίδας,
1387 800 1503 866 Eubul.
1521 799 1585 882 676

190 910 223 964 et
245 901 303 983 84,
326 899 506 988 Ἠριδανός,
532 905 590 988 72,
614 907 793 993 δημοτικός,
819 905 877 988 743
899 905 1086 991 γογγυλίδες,
1110 906 1168 988 883
1190 909 1368 994 ὀψοφάγος,
1392 905 1531 969 Nicostr.
1550 906 1588 988 1,

192 1005 408 1089 θρυμματίδα,
437 1009 596 1094 *Epigen
620 1010 661 1092 5,
689 1009 895 1097 ἡδυποτίδας,
925 1011 1033 1075 Sotad.
1061 1014 1109 1092 1„
1139 1012 1358 1090 παντοδαπόν,
1387 1007 1520 1072 Timool.
1544 1009 1587 1090 4,,
1686 1041 1687 1044 ¹

191 1112 368 1196 ὀψοφάγος,
386 1111 482 1175 Alex.
499 1114 583 1194 *33,
606 1114 765 1200 δηλονότι,
785 1115 864 1196 135,
887 1116 1093 1194 παντοδαπά,
1112 1115 1191 1197 173,
1196 1159 1207 1196 ,
1225 1114 1385 1200 δηλονότι,
1404 1112 1488 1195 2499
1505 1135 1591 1178 παν-

190 1217 340 1296 ταχόθεν,
373 1215 470 1301 Diph.
503 1217 565 1302 44,
597 1220 803 1301 παντοδαπά,
835 1218 898 1303 80,
928 1215 1129 1306 ἀνδραπόδι’,
1166 1219 1301 1283 Philem.
1333 1219 1373 1302 4,
1406 1219 1589 1304 δημοτικόν,
1687 1265 1688 1290 ,

191 1319 277 1381 Men.
296 1318 351 1402 93,
371 1321 537 1403 εὑρετικόν,
554 1322 719 1408 Euphron.
735 1325 790 1405 11,
809 1322 988 1408 γογγυλίδα,
1005 1325 1144 1388 Damox.
1159 1323 1179 1386 2
1184 1367 1210 1404 ,,
1227 1323 1404 1408 ἁρμονικός.
1427 1323 1592 1386 neminem

190 1432 267 1507 puto
290 1424 392 1508 fugiet
415 1425 464 1488 his
486 1425 566 1490 locis
589 1427 738 1491 omnibus
762 1438 867 1492 certas
891 1427 1047 1513 quasdam
1067 1427 1300 1492 vocabulorum
1323 1426 1442 1491 formas
1465 1436 1590 1502 extare,

190 1528 223 1589 in
257 1529 368 1612 primis
400 1529 612 1612 substantiva,
644 1534 726 1616 quae
759 1535 792 1596 in
829 1533 920 1595 exitu
947 1531 1070 1597 habent
1105 1529 1142 1613 ίς,
1178 1529 1256 1612 ι’δος,
1291 1541 1324 1594 et
1358 1530 1520 1595 adiectiva
1556 1531 1589 1593 in

192 1632 260 1709 ικός
286 1631 473 1697 desinentia.
519 1633 621 1699 verba
648 1635 720 1720 plus
748 1646 900 1722 quattuor
928 1635 1126 1721 syllabarum
1157 1635 1323 1718 leguntur:
1362 1635 1496 1719 Antiph.
1528 1632 1591 1714 16,

192 1735 455 1818 όξυνακόλουδος,
480 1739 563 1823 209,
588 1740 844 1824 ἀνθεσιπότατα,
868 1741 986 1806 Eubul.
1006 1743 1095 1824 151,
1120 1740 1263 1826 Ephipp.
1288 1740 1340 1821 3„
1366 1739 1498 1802 Diodor.
1523 1738 1591 1822 2,,,

193 1839 301 1917 Sotad.
325 1843 386 1925 1,,
408 1844 504 1908 Alex.
524 1845 616 1927 116,
638 1846 737 1932 Diph.
757 1847 795 1908 17
804 1891 828 1928 s>
845 1847 931 1910 Men.
954 1844 1133 1928 93,,117,
1154 1846 1215 1909 301
1226 1889 1250 1927 ,
1270 1844 1345 1924 490,
1366 1843 1542 1928 Philippid.
1560 1841 1592 1924 8,

193 1947 307 2011 Baton.
332 1949 396 2031 2,,
424 1950 578 2016 Phoenic.
606 1951 654 2033 1,.
699 1951 794 2015 huius
820 1974 899 2015 usus
926 1951 1077 2036 exempla
1104 1950 1195 2035 apud
1221 1959 1333 2035 poetas
1361 1949 1501 2031 tragicos
1528 1948 1593 2010 nisi

193 2052 261 2114 fere
284 2055 317 2116 in
339 2054 522 2118 nominibus
546 2057 684 2140 propriis
707 2078 772 2119 uon
794 2057 1012 2120 inveniuntur.

296 2157 334 2221 B.
373 2156 508 2222 Constat
523 2182 565 2223 ex
581 2160 739 2224 vocabulo
754 2161 894 2244 integro:
927 2155 1592 2245 ι1ῃιῑρ1.26,,58,232,11161138,

193 2262 277 2344 117,,,
295 2262 365 2345 70,
382 2263 454 2345 94,
473 2263 563 2347 119,
579 2264 720 2328 Nicostr.
738 2265 807 2350 31„
823 2262 965 2350 Ephipp.
986 2264 1053 2346 16,
1071 2263 1221 2327 Axionic.
1239 2263 1302 2344 6,,
1321 2261 1368 2345 7,,
1386 2262 1524 2346 Dionys.
1541 2260 1592 2343 2,
1690 2289 1691 2292 “

192 2367 304 2453 Eriph.
329 2367 380 2448 2,
405 2368 539 2434 Diodor.
564 2369 627 2450 2,,,
651 2368 786 2433 Timocl.
811 2368 862 2450 9,,
887 2368 960 2453 29,
988 2367 1157 2453 Theophil.
1186 2367 1237 2450 8,
1266 2365 1361 2429 Alex.
1390 2366 1465 2449 46„
1496 2364 1591 2446 107,

196 2471 287 2553 108,
314 2472 421 2555 110,,
448 2472 540 2554 135,
569 2473 632 2536 239
640 2517 664 2556 ,
693 2473 786 2557 283,
815 2473 914 2559 Diph.
943 2473 1016 2555 55,
1045 2473 1118 2556 65,
1146 2471 1281 2535 Philem.
1310 2469 1384 2552 39„
1413 2469 1486 2551 60,
1518 2469 1592 2550 67,

191 2576 265 2658 84,,
293 2577 366 2660 92,
397 2578 487 2661 101,
518 2579 611 2660 116,
642 2579 732 2661 121,
762 2579 853 2660 121,
884 2578 975 2662 122,
1006 2577 1099 2658 125,
1129 2575 1211 2657 150,
1252 2575 1328 2638 Men
1369 2573 1450 2654 109,
1494 2573 1595 2654 217,

191 2680 284 2763 295,
308 2682 403 2763 382,
427 2682 523 2764 531,
547 2682 642 2762 548,
666 2682 761 2766 566,
785 2682 881 2764 570,
905 2681 1000 2763 598,
1024 2681 1116 2764 609,
1135 2679 1235 2762 653,
1259 2679 1352 2760 661,
1376 2678 1472 2760 663,
1497 2677 1593 2758 702,
1691 2735 1692 2738 ,

193 2785 366 2872 Appollod.
396 2787 445 2870 9,,
473 2786 648 2874 Philippid.
677 2787 697 2850 9
706 2832 729 2871 ,
758 2786 924 2872 Euphron.
955 2787 995 2850 10
1003 2831 1026 2868 ,
1055 2784 1204 2850 Machon.
1234 2782 1334 2867 2„.²)
1381 2782 1461 2846 haec
1492 2781 1594 2846 iambi

194 2890 307 2955 solutio
335 2890 428 2956 nobis
455 2914 527 2955 raro
555 2891 644 2977 apud
668 2891 870 2976 Aeschylum
895 2901 926 2955 et
950 2889 1152 2976 Sophoclem,
1180 2889 1368 2972 saepissime
1392 2885 1480 2972 apud
1503 2885 1595 2948 Euri-

195 2997 305 3080 pidem
335 2998 484 3061 ooourrit.
531 2997 589 3059 sed
620 2996 705 3081 quod
733 2996 883 3060 omnibus
914 2995 983 3058 fere
1013 2996 1210 3078 tragicorum
1239 2991 1318 3056 locis
1350 2992 1447 3054 statui
1477 2999 1594 3075 potest,

195 3102 253 3164 has
277 3101 448 3165 solutiones
473 3102 570 3165 celeri
593 3101 792 3186 syllabarum
815 3102 1076 3186 pronuntiatione
1100 3099 1242 3185 quodam
1266 3096 1361 3159 modo
1384 3094 1453 3158 tolli
1479 3133 1515 3174 ,-
1541 3115 1594 3156 ve-

72 3266 75 3270 .
195 3207 252 3270 luti
281 3208 306 3268 si
334 3206 450 3290 legitur
472 3208 549 3294 ίγ’λιε,
573 3204 693 3294 μητέρα
715 3243 768 3283 -,
797 3206 837 3270 de
865 3206 914 3270 his
941 3205 1020 3269 locis
1044 3205 1175 3270 minime
1200 3201 1380 3266 excusandi
1404 3221 1502 3263 causa
1524 3219 1594 3282 pro-

195 3313 280 3375 ferre
302 3312 387 3378 licet.

487 3452 516 3516 2.
562 3450 753 3535 Dactylus
791 3449 966 3514 efficitur
1003 3448 1105 3512 binis
1142 3446 1313 3512 vocibus.

300 3593 340 3655 A.
380 3591 513 3656 Constat
540 3613 582 3655 ex
609 3588 831 3675 monosyllabo
860 3599 891 3653 et
918 3589 1007 3653 initio
1031 3587 1123 3652 verbi
1151 3587 1298 3672 proximi.
1345 3582 1428 3648 haee
1451 3581 1596 3668 profecto

197 3698 301 3762 forma
323 3697 531 3761 usitatissima
555 3706 617 3774 est3
640 3695 759 3779 legitur
781 3697 867 3758 enim
890 3717 929 3758 ea
950 3693 1029 3757 locis
1046 3690 1147 3774 CLX,
1168 3713 1249 3776 quos
1272 3709 1462 3753 enumerare
1486 3707 1597 3768 super-

197 3801 304 3882 sedeo,
332 3803 522 3886 praesertim
549 3823 623 3864 eum
650 3803 747 3865 etiam
774 3798 856 3863 haee
883 3822 934 3863 res
961 3800 1064 3884 poetis
1092 3797 1224 3881 tragicis
1255 3798 1288 3859 in
1320 3817 1382 3859 usu
1409 3791 1515 3855 fuerit.
1560 3789 1595 3853 id

197 3929 296 3970 unum
319 3907 452 3970 addam:
487 3913 523 3968 ut
545 3905 634 3990 apud
658 3903 860 3989 Aeschylum
884 3913 916 3967 et
939 3902 1132 3987 Sophoclem
1155 3898 1415 3984 monosyllabum
1438 3895 1597 3959 artissime

199 4034 272 4075 oum
292 4010 460 4092 vocabulo,
484 4011 570 4095 quod
596 4011 751 4096 sequitur,
776 4011 936 4088 cohaeret,
961 4031 1044 4071 unus
1065 4028 1142 4070 vero
1166 4006 1297 4069 demum
1315 4001 1488 4087 Euripides
1511 3999 1599 4062 hanc

196 4115 344 4199 regulam
366 4114 521 4198 neglexit,
550 4116 597 4178 sie
621 4117 718 4179 etiam
741 4114 828 4198 apud
852 4112 980 4177 mediae
1005 4122 1037 4174 et
1060 4131 1165 4175 novae
1189 4107 1374 4173 comoediae
1398 4113 1510 4190 poetas
1534 4125 1599 4167 mo-

196 4219 402 4306 nosyllabum
432 4219 623 4306 plerumque
654 4241 729 4283 oum
753 4217 864 4300 verbo,
895 4215 981 4302 quod
1012 4217 1166 4300 sequitur,
1195 4213 1287 4299 quasi
1315 4213 1426 4275 intimo
1454 4208 1599 4293 quodam

195 4325 326 4389 vinculo
349 4325 558 4389 coniunctum
580 4333 639 4388 est.

303 4500 326 4564 1)
343 4499 420 4551 rese
438 4499 539 4564 rare,

304 4586 616 4654 mamam
