3392 5067
116 176 207 271 'ss

167 406 247 462 locus
273 408 342 461 aute
365 405 462 462 oculos
485 406 618 463 versatus
641 395 725 481 est.¹)
752 420 819 458 nem
843 400 983 460 Octaviae
1006 400 1178 476 scriptorem
1201 398 1329 456 Senecae
1352 398 1465 455 fabulas
1491 400 1573 455 bene

168 508 298 583 cognitas
325 508 462 565 habuisse
490 506 688 565 certissimum
716 510 770 564 est.
811 505 842 562 id
865 524 936 564 vero
964 505 1073 561 addere
1099 503 1183 562 nobis
1212 504 1301 561 liceat
1329 504 1420 561 talem
1447 501 1574 559 Amoris

168 612 297 670 numinis
320 612 515 685 negationem,
539 616 573 668 ut
594 610 637 667 ita
660 610 766 681 dicem,
791 628 908 686 prorsus
931 608 1134 666 scholasticam
1155 608 1262 668 videri.

271 708 491 795 03156133.
519 709 651 773 interitu
676 719 761 772 caret
784 709 789 794 Ι
814 730 882 771 cam
896 691 1083 792 'procreetur
1108 728 1226 791 semper
1252 707 1417 770 lemanum
1440 726 1535 789 penas
1566 705 1570 789 Ι

168 836 273 879 amore
295 824 400 901 prato:
429 820 540 878 Phaed.
562 822 623 877 469
641 838 683 896 33.
708 822 818 876 secedet
840 822 955 892 opedam
976 822 1056 874 reboo
1077 821 1202 874 hamanis
1225 820 1321 888 Venas,
1343 811 1348 894 Ι
1368 836 1437 889 qaae
1458 817 1573 887 supplet

169 946 202 983 ae
223 928 341 982 restituit
363 928 521 982 estensium
541 941 640 999 penas:
660 916 664 1002 Ι
684 927 756 980 orbis
778 926 876 980 iacebit
897 925 1023 995 squalido
1046 925 1133 994 turpis
1156 925 1211 978 sita
1235 966 1241 979 .
1267 967 1273 978 .
1304 966 1309 979 .

273 1022 427 1089 031515
449 1022 571 1087 maiore
590 1019 728 1107 popalus
755 1043 873 1107 semper
900 1043 921 1083 3
941 1042 1061 1084 sommo
1084 1019 1197 1104 eripit:
1222 1030 1325 1100 Agam.
1349 1027 1410 1083 264
1438 1028 1481 1081 les
1508 1026 1571 1081 alia

170 1139 236 1193 solio
259 1144 307 1208 est,
332 1138 392 1191 alie
409 1138 523 1207 priuato
545 1137 574 1189 in
597 1124 694 1212 toro.²)

274 1230 495 1317 03151833.
519 1228 619 1319 [Seu]
643 1229 801 1315 obsequere
825 1230 930 1315 potins
951 1228 1067 1293 ciuibus
1083 1228 1232 1314 placidas
1253 1227 1326 1307 tois,
1354 1223 1455 1314 [Ner]
1485 1224 1571 1289 mele

170 1338 354 1423 imperatur,
377 1358 444 1401 eum
466 1335 547 1421 repit
568 1334 680 1419 33113118
702 1334 808 1398 duces:
830 1340 884 1399 Hi.
906 1343 968 1398 352
984 1360 1028 1416 33.
1055 1343 1161 1396 invidia
1184 1341 1293 1412 fectum
1320 1359 1354 1395 oc
1376 1358 1461 1395 seram
1479 1356 1570 1410 popu·

170 1452 239 1506 laris
256 1448 378 1521 premet?
398 1440 403 1525 Ι
427 1468 474 1504 ars
493 1450 588 1519 prime
608 1449 686 1519 repsi
707 1454 746 1502 331
762 1464 844 1518 posse
867 1436 924 1524 313)
947 1448 1079 1501 inuidiam
1098 1446 1171 1516 pati.

275 1544 347 1611 Oct.
361 1543 425 1609 593
434 1566 503 1630 sqq.
524 1565 661 1630 pressum
677 1541 777 1607 331311
795 1542 799 1628 Ι
820 1541 959 1628 Stypiam
974 1552 1104 1605 eruenta
1118 1539 1302 1627 praeferens
1317 1540 1430 1604 dentre
1437 1538 1547 1625 facem
1563 1537 1568 1625 Ι

171 1651 315 1715 thalamis
337 1648 484 1713 scelestis:
510 1646 609 1712 nabat
632 1648 677 1710 1113
690 1646 828 1733 flammis
854 1668 919 1710 areo
944 1646 1089 1731 Poppaea
1115 1646 1326 1722 aniciensis,
1354 1666 1432 1731 3333
1454 1643 1571 1708 313133

171 1776 281 1819 monas
300 1752 305 1841 Ι
325 1753 474 1837 dolorque
489 1754 599 1815 3331113
614 1761 707 1816 certet
722 1751 765 1814 od
779 1750 881 1814 tristes
897 1772 1002 1836 repes:
1029 1756 1141 1813 Phaed.
1158 1758 1218 1812 261
1238 1758 1323 1828 proin
1344 1758 1479 1812 castitatis
1501 1748 1570 1810 33·πὲ

172 1870 273 1923 dicem
303 1884 437 1922 armemus
467 1884 609 1936 manem,
638 1866 720 1920 1215
736 1882 777 1939 sq.
806 1882 863 1919 aaa
883 1864 949 1933 face
974 1857 979 1938 Ι
1002 1870 1033 1917 31
1059 1879 1253 1919 concremarem
1277 1862 1368 1932 prelis
1398 1880 1431 1917 33
1457 1861 1573 1916 thebni

171 1991 208 2027 ro
234 1990 277 2027 33.

211 1991 229 2044 9
276 2066 349 2132 Oet.
373 2065 436 2131 598
459 2067 571 2153 impiae
593 2065 697 2129 caedis
720 2064 915 2150 (memoria).·
938 2072 995 2144 Ag.
1013 2073 1074 2127 219
1099 2071 1287 2142 3331313313
1309 2067 1481 2140 (maculare).

172 2192 380 2203 ....--—---

278 2243 297 2309 ¹)
318 2242 395 2304 Quod
421 2243 520 2305 Braun,
549 2243 595 2307 qui
617 2240 780 2291 Farnebium
804 2245 912 2291 secutus
938 2257 963 2306 p.
983 2240 1015 2288 16
1039 2243 1182 2305 utrumque
1204 2238 1293 2288 locum
1316 2236 1436 2303 protulit,
1464 2240 1492 2285 et
1516 2234 1569 2285 Bill

173 2348 199 2397 p.
213 2332 245 2381 32
265 2334 424 2380 statuerunt.
444 2327 537 2394 quodsi
556 2328 600 2377 hic
619 2327 697 2377 dicit:
716 2327 760 2376 ‘In
779 2325 830 2377 den
841 2325 1041 2377 3333333511.
1060 2324 1197 2375 volucrem
1216 2339 1275 2375 esse
1293 2338 1408 2374 amorem
1427 2322 1570 2389 113311131-

174 2420 265 2468 mitem
284 2416 363 2467 deum
382 2415 502 2466 mortalis
521 2428 600 2477 error,
619 2419 767 2465 armat...
786 2414 821 2464 131
839 2413 882 2464 113
895 2412 1093 2475 Construction,
1111 2410 1360 2477 dieWortstellung
1378 2409 1433 2460 und
1446 2410 1493 2460 der
1505 2409 1570 2459 Sinn

173 2504 262 2571 gleich
295 2501 455 2570 unpassend.
492 2502 572 2551 Denn
594 2516 648 2551 was
672 2501 719 2551 hat
744 2503 865 2551 immitem
890 2499 965 2549 dcam
995 2500 1083 2550 neben
1113 2499 1237 2549 33133333
1263 2514 1315 2549 esse
1341 2497 1415 2548 13333
1441 2496 1484 2545 fiir
1510 2496 1571 2545 eine

174 2591 275 2643 Stella?
304 2589 407 2641 Volucer
428 2589 502 2639 kann
521 2588 590 2638 nach
608 2588 654 2639 der
669 2587 757 2638 'Stelle
776 2588 898 2638 Phaedra
917 2588 966 2637 186
986 2587 1040 2651 (hic
1052 2586 1162 2636 volucer
1174 2587 1247 2636 omni
1260 2585 1345 2651 pollet
1360 2586 1389 2633 in
1402 2590 1472 2634 terra
1488 2584 1570 2648 impo-

173 2679 245 2743 tens)
264 2676 320 2727 und
338 2677 407 2727 nach
427 2675 473 2726 der
485 2675 682 2741 Wortstellung
700 2690 750 2724 nur
768 2674 1007 2739 ‘allgegenwiirtig'
1026 2673 1142 2736 heissen,
1160 2674 1224 2723 aber
1241 2674 1278 2722 im
1290 2671 1436 2738 folgenden
1448 2669 1515 2719 vvird
1526 2668 1571 2719 der

173 2767 276 2815 immitis
294 2762 356 2813 deas
379 2762 609 2825 characterisiert',
633 2758 747 2827 primum
772 2776 826 2811 non
844 2760 933 2824 video,
952 2759 1084 2826 quomodo
1110 2760 1210 2810 volucer
1236 2760 1280 2809 hic
1302 2758 1454 2825 significare
1476 2755 1571 2806 debeat

173 2854 263 2915 311333
282 2866 419 2916 pressam
443 2849 514 2898 idem
537 2850 609 2898 enim
637 2853 665 2897 et
691 2849 719 2896 in
737 2846 852 2897 Octavia
873 2852 901 2897 31
925 2848 954 2896 13
972 2846 1094 2897 Phaedra
1116 2851 1169 2909 est,
1197 2845 1268 2911 qued
1290 2845 1349 2895 cler.
1377 2850 1459 2910 atque
1481 2844 1511 2892 in
1533 2843 1571 2891 eis

174 2953 244 3005 quae
270 2943 396 2988 secuntur
424 2936 533 3001 exponit
561 2934 691 2985 Octaviae
722 2936 835 3001 scriptor
861 2934 917 2984 alia
943 2949 1050 3000 quoque
1074 2939 1180 3000 praeter
1208 2933 1277 2996 ales,
1301 2932 1357 2983 tela
1387 2932 1447 2981 dico
1480 2945 1569 2981 arcum

174 3026 274 3088 facem,
297 3025 330 3075 ab
358 3023 512 3073 hominibus
534 3037 622 3072 errore
646 3020 766 3087 deceptis
789 3022 881 3071 Amori
903 3021 992 3071 tribui.
1021 3024 1141 3071 immitem
1162 3019 1237 3070 13333
1264 3024 1305 3069 331
1326 3018 1470 3084 adpositio:
1493 3017 1571 3067 aliter

174 3126 239 3163 sane
257 3126 299 3161 res
317 3126 345 3161 se
363 3110 446 3161 habet
462 3108 563 3159 Phaed.
584 3110 641 3171 195,
663 3108 711 3158 ubi
729 3107 802 3158 13333
820 3108 1003 3173 praedicatum
1022 3112 1070 3157 est.
1098 3112 1217 3157 ceterum
1234 3107 1293 3155 iure
1311 3104 1397 3155 Smith
1415 3121 1440 3170 p.
1458 3106 1492 3154 31
1511 3104 1569 3154 313.

177 3202 189 3247 1
214 3198 279 3248 11311
304 3198 333 3246 13
360 3202 474 3261 utraque
502 3195 640 3261 tragoedia
667 3196 780 3260 exprimi
807 3194 876 3244 illud
899 3193 1062 3244 Ouidianum
1089 3193 1187 3244 diuitiis
1213 3192 1293 3242 ulitur
1322 3192 1468 3241 1333313333
1494 3190 1570 3241 rimor

175 3284 262 3349 (Rem.
275 3282 363 3333 Amor.
378 3282 449 3347 146),
468 3282 538 3348 3331
557 3283 611 3331 iam
629 3286 692 3331 ante
712 3296 773 3332 eum
791 3281 847 3331 Leo
868 3280 1064 3341 observaverat,
1083 3279 1116 3329 31.
1136 3279 1176 3329 ed.
1196 3281 1253 3329 eius
1271 3279 1284 3327 1
1304 3280 1396 3345 17633.

278 3370 302 3436 2)
320 3369 359 3420 cf.
380 3369 459 3420 Cous.
477 3369 512 3419 ad
530 3369 589 3418 Liv.
608 3384 633 3417 v.
651 3370 701 3417 347
724 3384 775 3418 nors
794 3366 881 3418 eedem
898 3367 1035 3433 3313313333
1055 3366 1142 3417 dees
1158 3373 1181 3416 et
1203 3366 1301 3415 lemine
1322 3381 1416 3415 reram.
1440 3364 1494 3414 Bill
1512 3364 1530 3414 1.
1548 3380 1570 3415 3.

175 3474 200 3523 p.
220 3458 252 3506 32
276 3455 387 3506 3133131
414 3458 503 3506 omnia
530 3470 599 3521 quae
627 3453 686 3505 031.
705 3472 747 3505 vv.
761 3456 899 3505 sto-592
927 3469 944 3504 3
965 3453 1073 3503 Nerone
1100 3458 1128 3502 et
1154 3452 1257 3502 Seneca
1283 3452 1452 3517 proferantur
1484 3451 1570 3500 imita·

102 3554 104 3560 ·
175 3546 249 3594 11333
272 3558 396 3609 expressa
419 3557 477 3593 esse
500 3556 533 3591 ex
556 3540 692 3606 colloquio
714 3543 785 3591 inter
807 3540 1035 3606 Agamemnonem
1058 3544 1086 3588 et
1107 3538 1247 3603 Pyrrhum,
1274 3536 1346 3603 quod
1368 3541 1442 3587 extet
1464 3535 1493 3586 in
1511 3536 1570 3587 Tro.

176 3632 325 3693 snt-3523
357 3645 410 3697 uon
443 3629 529 3679 solum
556 3629 585 3677 in
612 3630 766 3678 universum
793 3627 867 3677 13333
894 3629 965 3677 inter
991 3642 1020 3677 33
1047 3626 1195 3690 comparari
1221 3638 1311 3690 posse,
1338 3622 1385 3673 sed
1407 3625 1436 3673 in
1459 3623 1571 3690 singulis

176 3730 284 3782 quoque
305 3716 391 3766 rebus.
424 3715 470 3765 sed
496 3714 612 3765 libenter
639 3714 769 3765 confiteor
794 3728 838 3763 me
865 3714 968 3764 nullam
995 3714 1052 3764 fere
1078 3712 1281 3762 similitudinem
1302 3713 1425 3761 invenire
1447 3714 1570 3776 potuisse,

175 3804 228 3853 nisi
251 3803 319 3853 forte
342 3807 483 3869 propterea
506 3800 560 3850 Bill
582 3803 611 3850 in
634 3802 789 3851 universum
813 3800 1016 3851 similitudinem
1039 3800 1141 3862 statuit,
1163 3799 1234 3865 quod
1259 3803 1374 3864 utroque
1391 3799 1451 3847 loco
1470 3804 1570 3848 contro·

175 3892 263 3939 versia
281 3888 364 3951 adest,
388 3893 415 3939 31
432 3893 574 3953 propterea
592 3887 625 3938 de
642 3887 755 3954 singulis
778 3888 858 3937 rebus
875 3888 959 3937 verba
981 3887 1054 3949 fecit,
1078 3886 1150 3952 quod
1168 3884 1227 3935 031.
1240 3886 1291 3934 382
1310 3890 1338 3935 31
1355 3884 1417 3934 Tro.
1430 3886 1479 3932 331
1499 3884 1571 3949 rusae

175 3978 244 4027 siout
263 3975 329 4025 Oed.
347 3976 397 4025 398
415 3977 444 4025 13
462 3960 515 4025 fine
534 3989 625 4025 versus
643 3976 759 4041 positum
781 3990 842 4024 cum
861 3975 1014 4025 accusativo
1037 3978 1065 4023 31
1087 3972 1219 4022 infinitivo
1238 3972 1411 4022 coniunctum
1430 3970 1537 4036 legitur.

279 4062 302 4128 3)
320 4063 365 4113 Sic
384 4063 455 4111 enim
474 4063 546 4112 hunc
565 4076 671 4112 versum
690 4060 860 4111 scribendum
880 4076 937 4112 esse
955 4075 1060 4111 censeo.
1087 4061 1117 4108 in
1136 4058 1210 4110 3311.
1230 4063 1324 4110 extant
1345 4048 1423 4108 haec:
1442 4074 1518 4122 posse
1533 4060 1569 4108 io·

175 4148 273 4200 vidium
297 4147 455 4213 (deterrimi
466 4148 590 4198 nonnulli
611 4149 754 4214 praebent:
769 4166 799 4214 p.
819 4154 842 4198 tc
858 4150 911 4198 133.
930 4146 974 4197 vel
987 4165 1018 4212 p.
1037 4145 1163 4211 31133).
1191 4145 1301 4197 Richter
1323 4145 1452 4195 coniecit:
1474 4147 1503 4194 13
1520 4147 1569 4197 ino.

175 4236 220 4286 vel
239 4234 311 4302 quod
328 4234 393 4284 mihi
411 4250 518 4301 quoque
536 4237 565 4285 in
582 4241 699 4285 montem
719 4237 795 4285 venit
813 4242 835 4285 et
853 4237 914 4294 ina,
933 4235 1003 4284 Leo:
1021 4249 1135 4283 rumores
1141 4236 1202 4298 pati
1219 4232 1262 4283 vel
1277 4229 1499 4300 plebisjinoidinm
1507 4236 1569 4297 pari.

175 4322 327 4373 Dicendum
356 4327 414 4373 erat
440 4327 488 4372 331
510 4340 554 4371 ers
572 4325 662 4387 prima
685 4329 720 4371 est
744 4324 851 4386 ..pati
868 4338 943 4386 posse
964 4326 1012 4371 aut
1034 4338 1079 4370 ers
1101 4323 1173 4385 requi
1196 4326 1231 4369 est
1253 4321 1345 4369 etiem
1363 4356 1370 4369 .
1387 4355 1394 4368 .
1409 4322 1470 4383 pati
1483 4337 1512 4383 p,
1545 4326 1570 4369 et

176 4411 288 4473 scriptor
305 4406 452 4459 rhetoricus
472 4408 579 4459 modum
599 4408 730 4459 excedens
749 4408 824 4471 dixit,
841 4413 872 4457 ut
884 4408 1004 4457 videtur:
1027 4424 1073 4457 ers
1090 4409 1199 4473 prima
1220 4407 1293 4472 repni
1314 4412 1350 4456 est
1367 4421 1444 4472 posse
1461 4408 1569 4457 311331-

176 4495 247 4546 diens
260 4498 327 4561 peti.
361 4495 408 4545 sed
425 4498 479 4547 iam
498 4496 576 4545 video
594 4496 665 4561 apud
685 4495 825 4545 Smithium
845 4512 871 4559 p.
884 4496 917 4544 33
936 4510 1042 4544 versum
1061 4496 1099 4544 313
1117 4495 1245 4559 scriptum
1268 4508 1339 4543 esse:
1362 4510 1386 4544 3.
1402 4510 1430 4556 p.
1449 4495 1522 4559 repas·
1537 4500 1570 4543 est

173 4599 248 4646 pesse
265 4578 338 4648 [eli]
356 4585 374 4631 i.
390 4600 418 4646 p.
