3392 5067
166 244 230 309 214

169 439 330 502 sententia
353 435 514 519 generalis
538 436 711 500 statuenda
732 456 797 498 non
821 442 877 515 est,
901 434 998 511 valet,
1023 432 1122 496 veluti
1147 432 1293 517 Theogn.
1310 433 1372 497 577
1390 416 1436 519 sq.
1460 438 1568 524 ῥῄύιον

166 542 202 620 ἐξ
217 545 343 625 ἀγαθοῦ
358 544 468 606 θεῖναι
483 542 579 605 κακὸν
594 540 615 627 λ)
630 536 659 605 ’κ
674 548 772 606 κακοῦ
786 539 916 620 ἐσθλόν,
937 537 942 624 l
959 540 1004 627 μή
1020 562 1060 623 με
1084 532 1222 604 δίδασκ’·
1240 541 1279 604 ού
1298 562 1351 603 τοι
1373 537 1500 628 τηλίκος
1521 542 1566 607 εί-

166 646 347 734 μίμαθεῖν,
375 644 457 707 1235
475 665 543 729 sqq.
561 642 587 709 ὦ
611 650 681 721 παῖ,
705 645 841 709 ύῖκουοον
863 642 939 726 ἐμεῦ
962 644 1109 727 δαμάσας
1130 642 1254 730 φρένας.
1288 646 1326 709 ού
1346 666 1399 709 τοι
1421 648 1566 733 ἀπειθῆ)

167 754 274 835 μῦθον
295 750 357 835 ἐρῶ
379 756 419 836 τῇ
443 756 484 835 σῇ
505 743 619 837 καρδίῃ
642 742 848 832 οὐδ’ύχαριν·
870 747 874 833 l
895 748 974 812 ἀλλὰ
996 748 1095 835 τλῆθι
1116 748 1180 834 νόῳ
1203 754 1319 812 συνιεῖν
1340 742 1437 827 ἔντος·
1460 751 1567 828 ollam

169 858 287 938 ἀνάγκη
309 854 312 939 l
331 847 428 919 τοῦθ’
443 851 555 937 ἕρδειν,
587 853 608 917 ὅ
634 876 666 917 τι
695 873 749 918 σοι
778 857 820 938 μὴ
850 852 1054 937 καταθύμιον
1074 848 1103 937 ᾗ.
1149 873 1278 937 semper
1300 862 1409 917 autem
1431 864 1568 939 excepto

169 982 198 1023 v.
219 957 302 1022 1285
325 981 345 1020 ε
368 957 557 1041 Theognide
580 955 809 1038 abiudicando,
833 960 888 1042 qui
911 966 961 1021 est
982 959 1018 1023 ού
1033 961 1091 1042 γάρ
1113 954 1165 1021 τοί
1187 981 1226 1041 με
1243 957 1328 1043 ύύλιρ
1350 958 1568 1042 παρελεύσεαι,

169 1063 262 1126 abest
283 1067 352 1148 γάρ,
377 1064 403 1125 si
426 1065 462 1126 οὐ
485 1060 667 1147 praecedit3
692 1070 804 1124 contra
819 1060 981 1125 nonnullis
1004 1060 1082 1125 loeis
1098 1061 1191 1125 aliter
1215 1063 1409 1145 comparatis
1428 1061 1568 1142 additur,

169 1167 269 1230 veluti
293 1167 357 1230 633
379 1188 426 1251 sq.
449 1166 601 1248 βουλεύου
628 1163 678 1243 δίς
705 1163 760 1230 καί
781 1163 858 1250 τρίς,
886 1167 978 1231 ὅτου
1003 1161 1034 1230 κ’
1048 1164 1106 1231 ἐπὶ
1131 1167 1187 1230 τὸν
1209 1172 1281 1231 νόον
1302 1160 1402 1256 ἔλθῃ·
1428 1166 1432 1251 l
1456 1169 1569 1254 ἀτηρύς

169 1277 228 1359 γάρ
257 1296 310 1338 τοι
342 1272 459 1356 λάβρος
487 1273 563 1357 ἀνὴρ
593 1268 730 1352 τελέθει,
763 1270 835 1352 157,
864 1270 937 1353 287,
969 1270 1040 1335 aliis
1069 1270 1158 1335 locis.
1212 1278 1246 1333 at
1276 1270 1376 1335 Phoc.
1400 1268 1430 1351 8,
1454 1272 1482 1351 1,
1512 1269 1568 1333 ubi

168 1379 245 1440 item
268 1380 327 1462 γάρ
350 1377 426 1460 poni
441 1376 555 1460 potuit,
579 1371 617 1440 δέ
631 1383 735 1438 extat:
759 1378 868 1453 νυκτὸς
881 1375 1053 1457 βουλεύειν,
1076 1378 1187 1454 νυκτὸς
1203 1373 1239 1440 de'
1257 1398 1310 1440 τοι
1324 1372 1454 1461 ὀξυτέρῃ
1468 1379 1549 1461 φρὴν
1563 1374 1567 1458 Ι

168 1482 328 1566 ἀνδράσιν.

273 1585 424 1667 Denique
449 1582 489 1645 de
512 1581 679 1667 particulis
702 1580 899 1667 quibusdam
921 1581 1114 1646 brevissime
1136 1603 1243 1666 agam,
1274 1604 1358 1667 quae
1381 1590 1437 1646 aut
1458 1586 1570 1668 paucis

170 1698 226 1751 aut
256 1685 390 1770 singulis
420 1685 498 1751 locis
530 1684 719 1767 traduntur,
750 1686 822 1749 dico
853 1684 892 1773 ι),
922 1685 1009 1771 quod
1040 1695 1073 1749 et
1103 1686 1191 1771 apud
1222 1686 1401 1751 Homerum
1432 1696 1464 1751 et
1494 1687 1570 1751 alibi
1671 1744 1676 1749 .

170 1792 292 1877 passim
315 1790 442 1874 legitur,
467 1790 611 1874 Tlreogn.
629 1790 693 1853 674
709 1811 755 1876 sq.
774 1788 792 1879 ἦ
816 1791 903 1874 μάλα
925 1814 975 1869 τις
996 1791 1144 1872 χαλεπῶς
1163 1789 1168 1875 Ι
1187 1789 1333 1877 σῴζεται,
1356 1788 1435 1856 ibid.
1452 1789 1517 1855 524
1538 1802 1572 1855 et

173 1895 236 1959 780
256 1893 277 1984 ἦ
299 1898 371 1981 γάρ,
403 1894 553 1980 Xenoph.
585 1895 619 1977 6,
644 1895 666 1958 4
694 1894 768 1960 ἐπεὶ
796 1893 829 1984 ἧς
862 1893 916 1960 ναί
943 1900 988 1980 μὰ
1020 1890 1103 1978 (Δί’)
1133 1894 1278 1979 Theogn.
1313 1894 1405 1960 1045.
1455 1895 1572 1960 eadem

171 2000 275 2064 verba
298 1999 396 2065 semel
420 1998 508 2086 apud
524 2000 703 2066 Homerum
720 2000 773 2087 (A
788 1999 878 2087 234),
902 1999 1002 2064 semel
1024 2000 1057 2063 in
1079 1999 1211 2086 hymnis
1234 1999 1360 2086 (hymn.
1376 2000 1479 2066 Mero.
1494 1999 1571 2081 460)

173 2106 419 2188 coniunguntur.

276 2208 310 2274 Si
332 2211 397 2273 iarn
422 2231 533 2273 earum
554 2230 672 2291 rerum,
699 2208 740 2273 de
764 2207 882 2293 quibus
904 2208 967 2273 hoc
990 2210 1095 2293 capite
1119 2210 1304 2294 expositum
1327 2217 1387 2290 est,
1415 2230 1572 2273 summam

172 2312 318 2395 facimus,
343 2323 417 2376 ante
435 2314 542 2377 omnia
565 2311 738 2377 multarum
755 2314 1017 2378 coniunctionum
1038 2334 1131 2376 usum
1151 2314 1185 2377 in
1201 2313 1320 2398 elegeis
1335 2311 1435 2378 multo
1450 2314 1569 2377 artiori·

172 2417 233 2481 bus
256 2416 375 2482 finibus
399 2419 678 2503 circumscriptum
700 2440 780 2502 esse,
804 2417 973 2482 nonnullas
997 2419 1125 2482 omnino
1140 2439 1205 2482 non
1222 2427 1334 2482 extare
1357 2416 1568 2503 premendum

172 2531 229 2587 est.
261 2531 358 2606 atque
380 2520 460 2585 illud
483 2521 525 2586 de
548 2521 671 2587 voculis
693 2521 760 2611 ἠδέ,
784 2525 894 2608 αὐτάρ,
921 2518 984 2603 οὖν,
1007 2521 1069 2585 hoc
1092 2521 1134 2585 de
1157 2522 1281 2587 voculis
1302 2520 1390 2609 ἠμέν,
1413 2525 1462 2609 ῥά,
1486 2521 1568 2605 νύ(ν)

172 2625 267 2691 valet.
293 2648 334 2689 ex
357 2624 489 2711 reliquis
513 2626 689 2711 particulis,
714 2648 911 2713 quamquam
933 2648 1030 2711 saepe
1053 2624 1105 2692 τοί
1130 2627 1259 2711 legitur,
1282 2625 1391 2690 t'amen
1413 2647 1477 2689 uno
1499 2626 1570 2691 loco

172 2738 321 2814 excepto,
346 2752 409 2816 quo
424 2728 555 2815 μέντοι
571 2732 727 2796 traditum
743 2740 792 2796 est
808 2731 968 2817 (Theogn.
985 2730 1074 2817 661),
1098 2729 1233 2795 voculae
1257 2731 1464 2816 compositae,
1488 2751 1570 2815 quae

173 2844 247 2898 sunt
268 2832 385 2917 καίτοι,
408 2835 523 2921 τοίνυν,
547 2834 667 2923 τοίγαρ,
693 2835 773 2925 ἦτοι,
796 2836 838 2901 ab
862 2837 980 2921 elegeis
1002 2837 1128 2901 alienae
1151 2846 1234 2899 sunt.
1281 2835 1370 2920 apud
1392 2834 1571 2899 Homerum

173 2948 281 3004 autem
303 2937 323 3027 ἦ
344 2962 396 3005 τοι
422 2941 666 3006 usitatissimum
690 2952 747 3023 est,
779 2942 886 3005 minus
916 2944 1069 3006 usitatum
1098 2938 1219 3027 τοίγαρ,
1251 2949 1363 3006 eontra
1385 2937 1493 3006 καίτοι
1515 2939 1570 3024 (cf.

174 3043 364 3108 Baeumlein
388 3044 407 3107 l.
426 3065 453 3107 c.
479 3066 509 3128 p.
527 3044 604 3130 245)
627 3054 659 3108 et
680 3039 785 3112 τοίνυν
813 3048 890 3110 item
913 3045 955 3110 ab
978 3047 1048 3110 eius
1071 3044 1268 3109 carminibus
1299 3042 1427 3108 absunt.
1472 3053 1572 3130 atque
1694 3107 1695 3110 ,

175 3148 273 3210 etiam
295 3145 324 3235 ἦ,
348 3148 434 3232 quod
457 3147 534 3212 alibi
558 3152 678 3233 passim
700 3149 828 3234 legitur,
852 3149 931 3213 locis
954 3150 1127 3235 perpaucis
1150 3150 1183 3212 in
1207 3148 1336 3232 elegeis,
1360 3149 1476 3235 δήπου,
1497 3149 1572 3233 θήν,
1694 3135 1695 3154 ’

176 3254 246 3338 μήν,
270 3250 387 3335 quibus
411 3252 559 3317 omnibus
583 3254 745 3317 Homerus
772 3276 850 3317 usus
874 3262 930 3331 est,
961 3275 1121 3338 nusquam
1152 3252 1198 3316 ibi
1228 3252 1447 3316 inveniuntur.
1494 3252 1574 3339 θῆτα

104 3341 108 3347 ’
176 3376 253 3417 vero
278 3364 310 3419 et
331 3358 368 3442 νή
391 3357 519 3420 omuino
546 3378 610 3421 non
638 3368 713 3422 ante
737 3359 920 3422 Atticorum
946 3366 1085 3422 aetatem
1107 3359 1140 3420 in
1163 3378 1225 3420 usu
1248 3355 1388 3420 fuerunt.
1434 3356 1574 3440 denique

176 3459 461 3523 animadvertimus
488 3470 600 3545 poetas
628 3461 797 3546 elegiacos,
822 3484 920 3547 quam
943 3462 1083 3526 maxime
1109 3468 1267 3547 poterant,
1286 3481 1476 3523 concursum
1499 3458 1576 3544 plu·
1693 3539 1694 3544 η

174 3563 258 3625 rium
281 3564 513 3647 particularum
537 3568 685 3630 evitasse.

635 3844 677 3912 B.
702 3844 754 3911 lle
778 3846 883 3931 copia
905 3847 1117 3912 verborum.

279 4088 418 4172 Magnus
442 4101 491 4153 est
522 4112 675 4156 numerus
698 4092 883 4177 verborum,
912 4114 995 4177 quae
1023 4094 1056 4155 in
1080 4092 1199 4175 elegeis
1222 4091 1382 4174 leguntur,
1411 4110 1476 4152 non
1498 4089 1580 4151 item

180 4193 213 4254 in
245 4192 377 4257 Homeri
409 4196 617 4260 carminibus.
671 4219 807 4282 quorum
839 4198 965 4260 etiamsi
996 4218 1044 4278 εε,
1076 4216 1161 4282 quae
1191 4204 1247 4260 aut
1278 4193 1365 4279 apud
1396 4190 1580 4255 Hesiodum

183 4307 239 4359 aut
269 4297 356 4381 apud
386 4299 466 4362 alios
495 4308 622 4363 veteres
654 4312 764 4387 poetas
795 4302 916 4388 lyricos
948 4309 1071 4383 extant,
1102 4301 1319 4386 excipiuntur,
1344 4308 1453 4362 tamen
1475 4295 1581 4360 multa

180 4398 311 4462 restant.
343 4423 382 4465 ac
406 4401 446 4464 de
469 4403 637 4468 vocabulis
660 4406 878 4490 Theognideis
901 4404 1124 4489 Kuellenberg
1146 4406 1180 4468 in
1203 4404 1426 4467 dissertatione
1449 4403 1581 4486 saepius

182 4513 433 4566 commemorata
455 4506 521 4589 egit
543 4508 700 4592 neglectis
723 4512 760 4573 iis
782 4510 943 4591 versibus,
968 4530 1048 4596 quos
1071 4508 1184 4591 Bergk
1206 4529 1225 4570 a
1247 4505 1465 4591 Theognideis
1487 4526 1582 4590 sepa-

184 4605 270 4669 ravit
294 4605 349 4693 (cf.
371 4606 516 4677 adnot2
538 4634 569 4698 p.
588 4613 632 4699 6).
669 4613 726 4679 sed
749 4638 811 4679 non
835 4637 941 4701 pauca
964 4637 1038 4679 eum
1061 4612 1162 4677 verba
1185 4613 1356 4695 fugerunt..
1382 4631 1494 4673 verum
1516 4609 1583 4672 hoe
