3392 5067
1487 258 1547 322 165

154 446 327 529 scriptores
353 448 469 509 atticos
501 448 577 509 satis
608 446 671 510 late
704 456 808 530 patet,
847 446 936 530 apud
967 446 1147 511 Homerum
1176 450 1314 532 vestigia
1344 458 1470 513 tantum
1500 472 1547 514 re-

152 550 329 633 periuntur.
375 572 417 612 ex
444 535 539 613 huius
566 552 652 614 enim
680 548 893 634 carminibus,
926 558 1081 635 quantum
1112 552 1154 615 ad
1180 552 1283 617 verba
1310 556 1391 641 φρήν
1417 564 1450 618 et
1476 556 1547 633 νόος

152 654 306 738 pertinet,
333 653 422 718 nulla
448 654 512 719 alia
539 654 691 739 exempla
718 676 815 739 quam
841 655 923 719 haee
951 676 987 718 eo
1015 655 1187 719 referenda
1215 664 1302 720 sunt:
1329 663 1348 721 I
1372 656 1431 721 108
1456 658 1496 723 οίί
1515 683 1547 724 τι

153 753 232 823 καθ’
246 756 397 845 ἡμέτερόν
414 780 448 842 με
471 759 544 824 νόον
571 768 611 843 et,
635 780 698 843 quo
725 758 794 822 loco
818 758 948 823 dativus
977 766 1080 841 extat,
1112 760 1139 825 Ο
1163 760 1226 823 194
1251 772 1296 849 τῷ
1320 765 1359 847 ῥα
1381 759 1435 826 καί
1457 764 1496 828 od
1515 786 1547 827 τι

154 865 231 940 Διὸς
256 860 374 947 βέομαι
401 860 513 951 φρεσίν
539 861 650 947 (schol.
677 862 742 926 AD
770 866 851 928 κατὰ
876 867 933 949 την
960 867 1057 929 αὐτοῦ
1078 864 1226 952 γνώμην).
1273 886 1356 950 quae
1387 865 1436 929 his
1468 864 1546 930 locis

153 966 323 1030 statuenda
349 976 399 1030 est
423 968 472 1029 vis
500 966 709 1050 ‘secundum',
738 967 853 1031 eadem
877 976 912 1059 et
938 967 972 1030 in
999 965 1146 1031 formulis
1168 974 1250 1034 κατά
1271 970 1400 1053 κόσμον,
1423 976 1545 1056 μοῖραν,

152 1062 256 1152 αἶσαν,
284 1091 367 1155 quae
394 1072 458 1134 iam
485 1070 573 1157 apud
596 1072 775 1135 Homerum
804 1079 925 1153 extant,
948 1073 1120 1157 reperitur3
1149 1071 1234 1136 adde
1257 1072 1402 1157 Theogn.
1427 1072 1490 1137 923
1499 1096 1545 1159 sq.

151 1177 233 1238 κατὰ
262 1170 396 1263 χρηματ>
417 1176 548 1261 άριστον
577 1178 728 1241 ἁπάντων
751 1175 756 1260 l
779 1180 837 1261 τὴν
866 1175 1011 1263 δαπάνην
1041 1173 1176 1242 θέσθαι.
1221 1185 1336 1261 restat,
1375 1186 1411 1241 ut
1440 1177 1546 1242 dicam

152 1277 252 1341 semel
284 1283 379 1360 κατά,
415 1280 501 1365 quod
534 1302 693 1365 nusquam
727 1278 814 1365 apud
844 1280 1024 1344 Homerum
1056 1278 1107 1361 fit,
1139 1281 1179 1344 de
1213 1290 1358 1365 tempore
1389 1280 1546 1363 adhiberi,

152 1381 243 1467 Tyrt.
270 1382 319 1467 12,
342 1383 383 1446 41
408 1377 439 1448 οἱ
462 1434 495 1449 ..
518 1379 589 1448 κατ’
609 1385 705 1449 αὐτόν
727 1381 919 1469 (aequales).

255 1486 454 1573 Praepositio
480 1487 572 1574 ὑπέρ
601 1509 675 1552 oum
701 1489 851 1573 genetivo
877 1488 1041 1565 rarissime
1065 1489 1266 1553 consociatur
1288 1488 1393 1575 (Tyrt.
1420 1490 1470 1573 11,
1494 1490 1545 1574 26,

151 1591 264 1655 Mimn.
284 1591 316 1676 5,
337 1592 367 1673 6,
391 1593 446 1677 qui
468 1614 581 1656 versus
603 1591 748 1675 Theogn.
775 1591 858 1656 1022
880 1592 1051 1679 repetitur)
1074 1615 1114 1656 ae
1137 1593 1238 1657 solum
1261 1592 1394 1658 deloco
1418 1594 1545 1659 dicitur.

151 1719 312 1783 nusquam
333 1699 431 1782 igitur
453 1700 520 1761 vim
541 1697 633 1762 latini
656 1696 734 1784 ‘pro'
758 1696 865 1763 habet.
912 1697 1008 1782 quod,
1033 1720 1106 1761 eum
1128 1696 1199 1779 loci,
1223 1699 1278 1783 qui
1301 1698 1365 1763 huc
1388 1707 1545 1784 spectant,

150 1823 215 1866 non
251 1803 347 1889 pauci
382 1804 462 1883 sint,
497 1811 585 1867 certe
616 1825 681 1868 non
712 1824 789 1866 casu
823 1801 947 1866 factum
978 1811 1035 1866 est.
1096 1810 1193 1888 atque
1228 1802 1299 1866 illos
1338 1805 1545 1888 inspicientes

151 1905 366 1990 intellegimus
404 1917 517 1993 poetas
551 1908 712 1991 elegiacos
742 1928 806 1971 non
836 1904 917 1992 ὑπέρ
952 1905 1148 1988 adhibuisse,
1180 1906 1251 1990 sed,
1283 1907 1316 1970 id
1348 1908 1432 1992 quod
1462 1906 1547 1973 infra

151 2009 348 2093 videbimus,
380 2010 457 2099 περί
486 2013 621 2076 Homeri
655 2011 840 2095 exemplum
876 2021 1013 2076 secutos.
1058 2033 1134 2075 nam
1168 2034 1208 2076 ne
1239 2012 1326 2097 apud
1359 2011 1445 2077 hunc
1478 2015 1545 2099 qui-

151 2115 226 2180 dem
256 2124 395 2202 excepto
425 2122 464 2182 A
486 2116 550 2181 443
560 2139 607 2203 sq.
638 2114 750 2204 Φοίβῳ
778 2110 820 2183 θ’
839 2110 1129 2204 ἱερὴν·έκατόμβην
1156 2117 1159 2201 l
1187 2114 1274 2202 ῥέξαι
1303 2116 1383 2203 ὑπὲρ
1413 2121 1547 2182 Δαναῶν

151 2243 190 2284 ea
212 2222 340 2284 notione
362 2221 441 2308 δπέρ
464 2246 550 2301 τινος
577 2225 770 2285 instructum
797 2231 855 2297 est,
883 2230 916 2284 et
939 2221 1026 2306 quod
1052 2225 1090 2285 H
1109 2220 1172 2283 449
1200 2227 1304 2303 τεῖχος
1330 2219 1546 2303 ἐτειχίσσαντο

149 2333 228 2389 νεῶν
249 2327 329 2410 άπερ
359 2324 485 2414 legitur,
515 2325 549 2389 id
575 2327 704 2411 proprio
727 2346 825 2389 sensu
847 2324 1074 2408 accipiendum
1101 2332 1158 2409 est,
1187 2324 1273 2409 quod
1299 2348 1341 2389 ex
1365 2331 1401 2390 N
1419 2326 1483 2390 682
1499 2348 1544 2411 sq.

150 2432 249 2515 αὐτὰρ
285 2432 427 2514 ὕπερθεν
447 2429 519 2517 .(sc.
558 2430 648 2517 νοῶν)
677 2430 682 2515 l
709 2435 815 2511 τεῖχος
851 2424 1007 2517 ἐδέδμητο
1044 2428 1190 2514 adparet.
1250 2438 1351 2493 restat
1386 2428 1467 2516 ὑπέρ
1503 2454 1545 2511 τι,

150 2532 237 2618 quod
259 2532 323 2599 Sol.
339 2534 371 2617 4,
393 2533 435 2598 29
458 2534 501 2599 ad
523 2534 640 2617 locum,
668 2534 812 2617 Theogn.
836 2532 900 2596 498
924 2542 956 2597 et
979 2532 1039 2598 501
1066 2532 1159 2620 (ὑπὲρ
1182 2531 1310 2619 μέτρον)
1341 2534 1383 2597 ad
1414 2534 1546 2599 modum

149 2637 298 2703 refertur.
1384 2652 1388 2661 “

254 2742 297 2807 Et
326 2720 402 2808 crim
431 2742 541 2807 dativo
571 2751 604 2806 et
633 2764 706 2806 oum
733 2744 919 2807 accusativo
947 2764 1045 2806 unam
1071 2742 1343 2825 praepositionem
1373 2745 1443 2807 ἀνά
1473 2764 1545 2806 con·

149 2848 240 2932 iungi
267 2855 400 2913 constat.
446 2869 561 2911 verum
587 2848 620 2909 in
648 2846 766 2931 elegeis
793 2851 854 2911 άνά
876 2870 939 2912 τινι
965 2868 1029 2910 non
1056 2846 1183 2930 legitur,
1212 2845 1268 2909 sed
1292 2845 1394 2910 solum
1419 2850 1480 2912 άνά
1502 2871 1544 2913 τι.

150 2961 249 3038 atque
270 2950 365 3015 huius
387 2973 465 3015 usus
488 2950 639 3036 exempla
663 2953 770 3015 omnia
796 2952 837 3015 ad
867 2950 973 3014 locum
1001 2958 1159 3034 spectant,
1189 2971 1296 3035 neque
1323 2951 1409 3033 talia,
1437 2950 1544 3035 qualia

151 3064 226 3119 sunt
258 3055 370 3120 Mimn.
396 3056 446 3138 14,
471 3055 490 3118 6
518 3058 578 3120 άνδι
603 3060 790 3142 προμάχους
816 3064 849 3119 et
876 3055 1021 3138 Theogn.
1046 3053 1108 3117 839
1131 3056 1252 3119 τούτων
1277 3052 1392 3141 (δίψης
1413 3054 1468 3120 καί
1490 3080 1545 3139 με·

151 3161 292 3245 θύσεως)
316 3156 345 3227 δ
356 3160 396 3225 δν
416 3162 454 3225 τδ
476 3158 574 3244 μέσον
596 3163 826 3248 στρωφησομαι
848 3158 1044 3245 excipienda
1067 3167 1150 3222 sunt.

151 3379 181 3465 e)
213 3379 271 3443 De
299 3376 669 3463 praepositionibus,
701 3398 800 3463 quae
833 3385 871 3440 et
901 3397 984 3440 cum
1013 3376 1197 3459 genetivo
1231 3384 1267 3437 et
1300 3397 1383 3440 oum
1414 3374 1545 3440 dativo

493 3493 529 3546 et
552 3504 635 3546 cum
657 3482 887 3545 accusativo.
906 3481 1200 3564 coniunguntur.

253 3630 453 3716 Praepositio
483 3628 620 3717 άμφί1)
650 3630 823 3715 perpaucis
853 3628 931 3693 locis
961 3629 1133 3692 invenitur.
1178 3649 1254 3691 nam
1288 3650 1361 3691 cum
1395 3627 1545 3710 genetivo

151 3738 323 3801 coniuncta
349 3757 413 3799 uno
440 3744 565 3799 tantum
591 3734 661 3798 loco
688 3742 787 3815 extat,
815 3731 966 3817 Xenoph.
993 3733 1021 3810 1,
1045 3730 1087 3795 20
1109 3726 1190 3818 ἀμφ’
1206 3735 1326 3819 ἀρετῆς,
1354 3734 1408 3816 qui
1432 3752 1545 3794 versus

150 3840 247 3905 valde
277 3848 447 3926 corruptus
477 3848 538 3924 est,
571 3860 645 3902 cum
675 3838 784 3901 dativo
811 3837 955 3920 Theogn.
979 3834 1022 3900 55
1048 3833 1133 3923 ἀμφὶ
1154 3836 1307 3922 πλευρῇσι
1330 3836 1426 3920 δοράς
1448 3836 1546 3919 αίχῶν

149 3944 338 4030 κατέτριβον
365 3952 410 4022 et,
442 3942 498 4008 ubi
533 3943 688 4008 translate
717 3942 845 4026 dieitur,
872 3941 936 4005 465
959 3936 1040 4027 ἀμφ’
1055 3942 1151 4027 ἀρετῇ
1172 3937 1284 4024 τρίβου
1312 3948 1345 4003 et
1366 3937 1488 4003 Archil.
1513 3938 1544 4019 9,

149 4050 228 4134 4sq.
251 4041 416 4127 οἰδαλέους
431 4043 674 4137 δ’άμφ’ὀδύνης
692 4042 805 4132 ἔχομεν
824 4047 827 4132 l
847 4049 1039 4129 πνεύμονας,
1065 4066 1138 4108 cum
1162 4045 1346 4108 accusativo
1368 4043 1460 4127 Tyrt.
1477 4041 1506 4119 5,
1523 4042 1546 4105 4

148 4148 231 4241 ἀμφ’
246 4156 342 4241 αὐτην
365 4151 424 4239 (sc.
440 4151 627 4239 Μεσσήνην)
652 4147 681 4217 δ’
701 4146 850 4236 ἐμάχοντ’
873 4142 1083 4214 ἐννεακαίδεκ)
1103 4144 1171 4235 έτη,
1200 4169 1340 4233 quocum
1370 4148 1439 4212 loco
1472 4169 1543 4211 con-

148 4256 277 4321 ferendi
302 4267 382 4320 'sunt
404 4258 538 4320 Homeri
567 4278 621 4319 vv.
646 4260 674 4319 Ρ
693 4254 755 4319 387
765 4274 812 4339 sq.
839 4250 1064 4339 μαρναμένοιιν
1084 4252 1087 4337 l
1108 4247 1189 4338 drrq'
1208 4254 1334 4336 ἀχαθδν
1356 4255 1544 4335 θεράποντα

148 4362 316 4439 ποδώκεος
334 4360 511 4427 Αἰακίδαο.

256 4538 278 4604 ¹)
296 4539 398 4605 άμφίς,
418 4537 488 4602 quod
505 4536 577 4602 apud
595 4536 743 4585 Homerum
762 4534 840 4585 modo
859 4533 980 4584 adverbii
997 4534 1075 4583 modo
1093 4534 1298 4600 praepositionis
1317 4535 1402 4583 instar
1420 4536 1468 4594 est,
1487 4536 1544 4581 tan-

149 4632 208 4674 tum
227 4623 349 4690 Xenoph.
369 4626 393 4687 1,
414 4626 443 4673 12
462 4625 490 4672 vi
508 4623 628 4673 adverbii
645 4624 805 4671 instructum
823 4620 931 4686 legitur.
