3392 5067
228 422 402 486 Difficilior
425 426 526 487 oritur
548 425 696 509 quaestio
721 423 761 486 de
784 446 816 486 v.
834 422 899 486 904

322 526 385 591 900
408 531 506 614 αὐτὰρ
528 526 586 592 ἐπὶ
608 532 772 613 σταθμοῖο
795 527 905 592 πολῶν
926 528 1071 613 τηλῶαις
1093 530 1218 595 άνασσα

410 624 542 713 ἱστάνει,
566 620 770 698 αἰθύσσουσα
793 633 893 716 σορὸς
915 629 1018 711 σέλας,
1041 635 1080 719 ἣν
1100 632 1137 698 τέ
1158 659 1193 698 νο
1217 634 1339 715 Κόλχοι

408 728 564 821 ’Ἀρτεμιν
585 730 740 822 ἐμπαλίην
762 734 999 820 κελαδοδρόμον
1021 730 1209 803 ἱλάσκονται

410 841 515 928 δεινήν
536 842 762 923 ἀνθρώποισιν
785 840 873 920 ἰδεῖν,
897 841 1002 927 δεινήν
1022 836 1052 904 τ’
1066 842 1249 924 ἐσακοῦσαι,

409 944 439 1009 εἰ
461 946 504 1030 μή
526 968 576 1023 τις
597 945 727 1023 τελετάς
749 944 883 1009 σελάσει
905 942 960 1009 καί
983 945 1117 1010 θύσθλα
1139 950 1326 1030 καθαρμῶν.

124 1046 304 1114 Schneider
326 1048 467 1113 πελάσαι
491 1048 581 1112 dedit
607 1047 689 1113 haec
719 1048 893 1112 adnotans:
933 1046 998 1111 ‘Ita
1021 1051 1148 1112 correxi
1172 1050 1340 1134 vulgatum
1363 1051 1519 1131 caldost'‚

123 1174 229 1238 neque
257 1154 369 1238 negari
396 1161 503 1237 potest
530 1162 658 1238 tempus
684 1152 829 1217 futurum
857 1160 930 1237 post
957 1151 1060 1216 verba
1086 1146 1269 1219 ἱλάσκονται
1299 1155 1403 1241 δεινήν
1431 1156 1519 1235 ἰδεῖν,

124 1278 206 1342 quae
230 1266 305 1321 sunt
328 1258 413 1343 δεινή
426 1252 427 1257 ’
440 1257 527 1322 ἐστιν
553 1257 642 1338 ἰδεῖν,
666 1257 764 1321 miros
792 1277 849 1320 nos
877 1254 1008 1320 hahere.
1054 1256 1182 1320 adferat
1204 1258 1364 1343 quispiam
1383 1281 1418 1323 v.
1438 1258 1522 1322 1324

124 1359 274 1446 θυμαίνει
296 1361 383 1446 μάλα
405 1364 464 1446 γάρ
487 1382 545 1449 σφι
566 1358 707 1446 Λιωναίη
725 1356 902 1446 Ἀφροδίτα]
927 1358 931 1445 Ι
952 1359 1103 1444 ἀνδράσιν
1125 1360 1181 1446 ήδὲ
1203 1356 1352 1444 γυναιξίν,
1374 1364 1442 1442 δ’τις
1464 1367 1521 1427 τά-

125 1466 160 1532 δε
186 1468 321 1553 μήσεται
343 1461 427 1550 ἔργα.
474 1465 533 1530 sed
562 1465 642 1529 illud
671 1468 807 1553 μήσεται
837 1486 896 1549 pro
927 1466 1134 1527 coniunctivo
1163 1466 1268 1550 accipi
1300 1488 1394 1551 posse
1425 1466 1522 1531 docet

123 1570 288 1656 Apollonii
310 1568 429 1634 Rhodii
444 1592 531 1655 usus,
556 1571 647 1633 cuius
663 1567 850 1654 exemplum
873 1569 959 1634 hunc
975 1569 1165 1652 scriptorem
1188 1577 1335 1633 secutum
1352 1593 1421 1635 esse
1446 1593 1521 1634 cum

122 1695 182 1760 per
205 1697 240 1739 se
263 1677 334 1739 veri
357 1674 459 1738 simile
483 1683 542 1755 est,
571 1683 640 1737 tum
662 1674 728 1737 iam
752 1672 931 1738 Schneider
955 1680 987 1735 et
1010 1671 1147 1735 Wielius
1175 1674 1344 1738 occasione
1368 1673 1444 1738 data
1467 1674 1518 1738 de·

123 1788 393 1843 monstraverunt.
441 1778 481 1843 de
510 1777 681 1863 Apollonio
714 1777 861 1841 conferas
890 1776 973 1840 haec
1003 1774 1137 1839 Rzachii
1168 1777 1283 1842 verba:
1323 1778 1419 1842 ‘Hier
1449 1779 1521 1842 sind

124 1883 280 1948 aunachst
302 1884 354 1947 die
370 1884 469 1946 Reste
491 1881 778 1959 kurzvocalischer
794 1881 936 1965 Bildung
959 1879 1013 1944 bei
1036 1881 1100 1944 den
1123 1882 1353 1965 sigmatischen
1370 1884 1522 1947 Aoristen

124 2010 165 2051 zu
192 1988 391 2052 betrachten.
435 1987 522 2050 Dass
546 1986 630 2051 auch
654 1987 743 2051 diese
766 1985 852 2049 alten
876 1986 1015 2049 Formen
1039 1983 1253 2071 Conjunctive
1277 1988 1435 2072 primerer
1457 1988 1521 2051 Bil-

125 2092 214 2176 dung
236 2116 276 2156 zu
300 2092 530 2176 sigmatischen
544 2091 696 2156 Aoristen
713 2090 795 2154 ohne
811 2089 1034 2154 Themavocal
1054 2079 1137 2171 sind,
1160 2090 1252 2155 kann
1268 2091 1351 2175 jetzt
1365 2092 1518 2156 niemand

124 2197 216 2260 mehr
238 2198 270 2259 in
294 2196 428 2261 Abrede
451 2196 566 2261 stellen
589 2194 668 2283 (vgl.
686 2194 869 2280 Westphal‚
893 2194 1037 2259 Method.
1055 2194 1146 2258 Gnl
1168 2193 1198 2277 2,
1215 2194 1279 2259 266
1295 2217 1354 2281 sq,
1379 2195 1520 2278 Curtius,

125 2300 225 2366 Verb.
249 2300 283 2363 II
306 2299 394 2386 259).
431 2300 484 2365 Da
508 2300 596 2365 diese
620 2302 761 2365 Formen
785 2300 858 2363 dem
883 2298 1095 2363 Verstttndnis
1127 2299 1185 2364 der
1215 2298 1520 2364 alexandrinischen

124 2403 367 2469 Grammatiker
382 2405 558 2469 tusserlich
582 2404 665 2470 doeh
689 2407 802 2468 immer
817 2403 919 2468 naher
940 2402 1036 2487 lagen
1052 2403 1099 2467 als
1122 2403 1174 2466 die
1197 2403 1308 2466 frither
1332 2404 1520 2469 erwahnten

125 2509 338 2595 Oonjunctive
373 2509 431 2573 des
461 2509 621 2574 Praesens
653 2508 721 2573 und
752 2508 808 2571 des
843 2507 977 2572 starken
1011 2507 1157 2590 Aorists,
1192 2530 1227 2571 so
1257 2509 1445 2573 verwendet
1475 2511 1521 2571 sie

124 2612 315 2700 Apollonius
339 2614 423 2677 auch
446 2622 546 2677 etwas
575 2614 658 2677 oster
685 2611 731 2676 als
758 2612 856 2698 jene'
869 2611 891 2698 ¹)
937 2611 1084 2675 conferas
1108 2633 1228 2697 quaeso
1252 2611 1332 2676 Call.
1356 2612 1424 2677 IIII
1446 2612 1520 2693 229,

127 2718 237 2799 Quint.
262 2718 278 2781 I
300 2718 380 2803 499,
412 2717 556 2782 V1448.
603 2717 754 2803 exempla
783 2716 970 2780 Nicandrea
1000 2726 1129 2801 praesto
1158 2738 1221 2780 non
1253 2725 1336 2781 sunt.
1383 2716 1521 2799 accedit,

125 2822 211 2907 quod
233 2824 266 2885 in
289 2823 585 2907 Argonauticorum
613 2822 683 2886 loco
711 2819 773 2884 347
792 2842 861 2905 sqq.
886 2831 1018 2907 propter
1046 2820 1130 2906 δ’φρα
1153 2822 1267 2904 μὲν..
1290 2873 1297 2886 .
1321 2872 1327 2885 .
1348 2819 1521 2905 μίμνομεν,

126 2926 212 3013 quod
235 2927 412 3012 praecedit,
435 2926 515 2991 illud
547 2927 718 3015 δηλήσεται
749 2930 764 3009 (
766 2923 802 3004 ὃς
832 2924 869 2992 δέ
898 2949 932 2989 κε
962 2922 1136 3003 συνθεσίας
1166 2925 1352 3013 δηλήσεται)
1383 2927 1442 2989 vix
1464 2947 1521 3010 pro

125 3030 233 3095 futuro
256 3033 361 3116 accipi
383 3030 530 3118 potestl)
574 3032 640 3094 iam
664 3052 739 3093 cum
766 3029 857 3093 locus
885 3028 938 3091 ille
962 3028 1074 3093 similis
1096 3029 1256 3093 removeri
1278 3031 1389 3114 possit,
1412 3030 1520 3093 videa·

125 3158 207 3216 mus,
230 3145 339 3200 utrum
362 3136 506 3200 futurum
528 3139 562 3201 in
586 3158 616 3199 v.
634 3134 698 3198 904
720 3133 890 3198 ferendum
914 3134 955 3196 sit
977 3154 1090 3196 necne.
1134 3156 1291 3218 quaeres
1314 3134 1446 3197 decerni
1469 3156 1522 3197 ne-

125 3242 194 3326 quit
217 3242 278 3303 nisi
302 3240 437 3305 aliorum
460 3243 652 3326 scriptorum
675 3239 753 3303 locis
776 3237 918 3301 adscitis.
963 3259 1036 3302 cum
1060 3260 1078 3301 e
1102 3237 1299 3302 Callimacho
1308 3239 1332 3323 ³)
1356 3238 1523 3302 Nicandro

125 3344 245 3425 Quinto
268 3343 325 3428 (cf.
342 3344 493 3431 Koechly
513 3368 544 3430 p.
561 3341 781 3409 LXXXVIII
797 3342 859 3429 sq.)
882 3340 961 3407 nihil
977 3351 1107 3427 praesto
1123 3352 1217 3423 esset,
1234 3341 1398 3428 Apollonii
1414 3353 1522 3406 autem

124 3447 186 3513 loci
213 3449 307 3514 aliter
335 3459 443 3513 essent
472 3450 649 3533 comparati
688 3485 729 3495 -
765 3469 828 3510 uno
853 3448 938 3511 enim
966 3445 1114 3532 (11637)
1139 3456 1288 3531 excepto,
1313 3446 1425 3510 ubiin
1448 3469 1522 3531 apo-

125 3552 211 3617 dosis
242 3552 350 3617 verbis
380 3552 465 3641 ἀμφί
495 3554 599 3619 δίλλων
630 3546 723 3619 δείδι’
742 3548 877 3635 ἑταίρων
906 3551 1007 3615 futuri
1038 3553 1202 3615 notionem
1233 3552 1338 3613 inesse
1369 3560 1456 3637 puto,
1488 3552 1522 3614 in
1626 3609 1629 3616 .

125 3660 290 3722 enuntiato
310 3659 463 3743 primario
484 3656 640 3721 habemus
658 3657 838 3741 optativum
854 3677 927 3719 cum
944 3655 1111 3741 particulis
1127 3657 1166 3719 άν
1181 3654 1234 3718 vel
1256 3680 1291 3720 κε
1315 3656 1524 3719 coniunctum

125 3760 190 3847 (III
206 3760 257 3843 75,
274 3760 326 3843 98,
339 3761 413 3844 901,
437 3761 505 3825 ΠΠ
521 3760 600 3847 834)
623 3799 665 3808 -
688 3760 766 3824 nihil
799 3758 887 3846 aliud
910 3758 1054 3823 restabat
1074 3760 1136 3822 nisi
1151 3758 1237 3823 locos
1252 3758 1433 3823 homericos
1451 3780 1522 3822 con-

229 3972 249 4036 ¹)
277 3971 316 4021 Of.
336 3969 452 4021 Gramm.
472 3971 547 4023 Stud.
567 3988 589 4020 a.
608 3969 697 4036 Apoll.
715 3969 801 4019 Rhod.
821 3969 1004 4036 Sitaungsber.
1024 3969 1071 4019 der
1093 3969 1203 4018 Wiener
1220 3967 1302 4019 Acad.
1321 3968 1461 4034 phil-hist.
1481 3968 1521 4019 cl.

124 4059 166 4121 89,
185 4076 210 4125 p.
226 4060 285 4109 574.
304 4058 391 4108 adfert
417 4059 431 4106 Ι
452 4061 525 4119 1332,
553 4058 580 4107 ΙΙ
599 4060 674 4120 1073,
700 4057 741 4105 ΙΠ
760 4059 819 4119 909,
845 4058 900 4107 IIII
920 4057 978 4119 182,
996 4057 1055 4117 438,
1075 4057 1124 4105 831
1145 4053 1325 4119 (δηλήσεται),
1352 4056 1523 4122 praetereal

123 4146 181 4208 665,
199 4146 240 4195 ΙΠ
258 4147 317 4208 570,
342 4146 491 4211 dequibus
513 4146 580 4195 locis
604 4147 694 4195 nescio
717 4160 753 4193 an
772 4145 866 4195 eodem
891 4145 969 4194 modo
988 4143 1105 4194 dubitari
1123 4144 1215 4208 possit,
1239 4159 1292 4208 quo
1312 4142 1446 4193 Rzachius
1464 4145 1522 4208 ipse

124 4232 157 4281 de
175 4233 230 4282 1111
251 4233 318 4281 1418
337 4232 450 4282 dubitat.

228 4334 249 4401 ²)
267 4336 422 4387 Particulae
441 4352 488 4388 κεν
506 4338 534 4386 in
547 4339 695 4387 enuntiatis
711 4336 833 4387 relativis
852 4337 936 4386 futuri
953 4335 1100 4385 indicativo
1113 4335 1220 4385 additae
1238 4336 1307 4385 haec
1324 4335 1380 4384 fere
1399 4335 1523 4399 exempla

124 4428 217 4474 extant
234 4422 380 4473 homerica:
404 4428 432 4474 A
451 4426 508 4487 175,
530 4428 548 4474 Ι
565 4426 622 4487 155,
641 4427 678 4474 M
693 4426 753 4487 226,
772 4440 784 4474 ε
803 4425 845 4486 36,
864 4441 880 4472 κ
897 4424 961 4484 4323
980 4427 1099 4471 ceterum
1118 4422 1151 4472 cf.
1165 4422 1214 4473 Ilb.
1233 4422 1246 4471 Ι
1264 4424 1323 4484 696,
1335 4424 1351 4470 2
1365 4437 1389 4471 ιι.

228 4527 249 4595 ³)
267 4528 369 4579 Locum
389 4528 503 4579 similem
522 4528 639 4579 1111234
659 4557 690 4565 -
710 4531 799 4594 agitur
818 4528 851 4577 de
870 4527 1011 4577 enuntiato
1029 4525 1171 4591 temporali
1190 4554 1220 4561 -
1241 4541 1289 4575 suo
1307 4527 1365 4575 inre
1378 4525 1524 4576 Schneider

124 4618 245 4666 correxit.
