3392 5067
1463 176 1528 240 215

131 368 202 432 loco
219 370 326 433 omnia
349 390 539 433 enumerare
555 368 637 451 nolo,
664 368 778 433 sedda
801 368 997 455 quibusdam
1017 377 1143 433 tantum
1157 369 1332 434 verborum
1355 368 1529 451 generibus

132 474 334 558 expositurus
358 495 438 537 sum.
485 473 650 538 observari
675 473 761 536 enim
784 481 891 557 potest
914 483 1003 537 certa
1026 473 1188 559 quaedam
1210 495 1330 557 genera
1352 474 1387 557 in
1409 473 1528 557 elegeis

131 577 227 641 multo
252 576 396 642 crebrius
421 599 517 663 quam
548 580 580 640 in
604 578 739 642 Homeri
763 578 961 642 carminibus
983 580 1132 663 inveniri,
1164 578 1198 641 id
1221 577 1307 661 quod
1329 578 1472 641 maxime
1495 580 1528 641 in

131 679 291 745 adieetiva
320 682 466 746 verbalia
498 703 580 766 quae
614 681 766 747 dicuntur
789 682 886 747 cadit.
941 682 1030 776 apud
1052 682 1233 746 Homerum
1256 682 1342 745 enim
1372 681 1528 745 eiusmodi

131 783 300 867 adiectiva,
332 808 415 871 quae
438 788 471 851 in
494 788 548 865 τός
579 795 710 869 exeunt,
741 808 805 851 non
827 788 873 850 ita
895 808 1003 871 saepe,
1032 807 1081 868 ea,
1110 808 1193 871 quae
1215 787 1249 849 in
1271 783 1343 865 τέος
1365 784 1526 868 desinunt,

133 890 258 954 omniuo
281 912 345 954 non
367 888 533 973 leguntur,
573 890 615 955 cf.
638 891 761 975 Krueg.
785 891 839 955 Di.
864 890 916 975 56,
942 889 992 973 17,
1015 889 1046 954 2.
1092 912 1171 953 sane
1198 890 1230 953 in
1259 889 1378 974 elegeis
1401 893 1528 973 quoque

132 1002 256 1059 tantum
287 995 432 1079 Theogn.
457 994 521 1059 689
551 992 735 1082 πημαντέον
765 1003 865 1078 extat,
895 995 980 1059 illius
1010 1002 1120 1059 autem
1150 996 1279 1078 generis
1311 994 1353 1058 ab
1383 994 1527 1058 Homero

131 1098 272 1163 nondum
308 1107 465 1185 usurpata
500 1098 653 1182 leguntur
697 1097 793 1162 haec:
846 1099 985 1177 ἄελπτος
1029 1097 1093 1165 Sol.
1126 1097 1168 1162 35
1207 1097 1364 1184 (tetram.)
1402 1097 1527 1183 (hymn.

133 1202 205 1267 Ger.
242 1202 328 1291 219),
371 1202 527 1293 ἀμέλητος
556 1204 702 1287 Theogn.
726 1203 800 1283 422,
838 1201 993 1287 ἀμίαντος
1023 1204 1098 1285 447,
1129 1201 1274 1289 ἀνίκητος
1304 1204 1397 1287 Tyrt.
1424 1202 1473 1285 11,
1500 1202 1527 1284 1,

132 1307 277 1391 Theogn.
301 1308 362 1373 491
395 1308 489 1396 (Hes.
520 1309 642 1392 Theog.
673 1306 773 1394 489),
794 1309 926 1387 αναστός
958 1307 1052 1393 1195,
1090 1306 1236 1387 ἀξύνετος
1267 1307 1406 1371 Demod.
1441 1309 1472 1389 1,
1499 1307 1527 1389 1,

131 1414 285 1498 ἄπεφθος
306 1412 448 1497 Theogn.
466 1412 529 1477 449
546 1423 578 1476 et
596 1413 688 1495 1106,
713 1413 877 1501 ίίπληστος
902 1412 962 1477 109
986 1412 1080 1499 (Hes.
1098 1411 1149 1476 So.
1168 1411 1231 1475 250
1253 1434 1285 1475 v.
1305 1411 1326 1475 l.
1343 1433 1400 1495 pro
1423 1411 1528 1497 ὀίπλη-

133 1518 214 1603 τος),
249 1514 423 1603 ἀτίμαστος
445 1518 557 1582 Μ111111.
577 1519 604 1600 1,
622 1518 641 1581 9
665 1516 834 1606 (ἀτίμητος
856 1518 979 1602 Ηο111.),
1003 1519 1143 1607 ἄφυκτος
1166 1516 1338 1601 801417
1363 1525 1396 1579 et
1420 1514 1469 1598 13,
1486 1515 1529 1578 64

131 1620 241 1707 (Hom.
266 1621 407 1708 φοκτός),
439 1623 595 1709 ἄχρηστος
617 1622 760 1705 Theogn.
786 1620 859 1703 865,
890 1622 1031 1708 ίίψεκτος
1054 1620 1126 1703 799,
1159 1622 1291 1699 δυνατός
1312 1619 1377 1684 522
1399 1631 1433 1682 et
1454 1618 1527 1700 626,

129 1720 262 1803 ένθετος
283 1723 552 1811 435,1πίμυκτος
575 1726 648 1808 269,
671 1724 811 1814 ζηλωτός
832 1725 906 1807 455,
930 1728 1120 1811 θαυμαστός
1130 1725 1184 1815 Ι25
1212 1725 1338 1811 (hymn.
1363 1722 1435 1787 Cer.
1461 1722 1527 1808 10),

131 1831 300 1909 θεόκτιτος
330 1829 392 1897 Sol.
418 1831 469 1912 36,
494 1830 513 1893 6
545 1829 670 1917 (him),
701 1828 897 1917 θεοτίμητος
925 1830 1018 1915 Tyrt.
1041 1831 1072 1914 4,
1097 1829 1126 1913 3,
1157 1830 1279 1917 θηητός
1307 1827 1386 1893 ibid.
1412 1826 1462 1907 10,
1487 1826 1528 1890 29

131 1932 224 2019 (Hes.
248 1934 371 2018 Theog.
388 1934 439 2017 31,
463 1934 585 1999 Anaor.
609 1934 717 2016 54,12
735 1933 907 2021 (9οητός)),
930 1932 1056 2013 ξυνετός
1078 1932 1224 2017 Theogn.
1251 1931 1343 2014 1078,
1366 1932 1529 2017 πολυάρη-

130 2061 186 2117 τος
208 2037 280 2102 819.
327 2040 407 2103 11αοο
429 2040 528 2123 igitur
551 2040 656 2103 omnia
679 2038 721 2103 ab
744 2038 846 2103 Iliade
870 2047 902 2102 et
925 2037 1076 2123 Odyssia,
1101 2058 1297 2123 quamquam
1327 2035 1429 2099 verba
1459 2036 1529 2121 ipsa

130 2152 259 2226 praeter
281 2141 391 2229 ψέγειν
414 2153 446 2208 et
467 2142 579 2232 ζηλοῦν
601 2152 728 2228 extant,
759 2143 865 2207 ahena
888 2153 962 2206 sunt
983 2165 1088 2228 neque
1111 2142 1212 2206 multa
1234 2163 1355 2222 eorum,
1385 2140 1419 2204 id
1441 2139 1529 2226 quod

114 2269 172 2335 ,ex
202 2247 280 2311 locis
311 2248 484 2332 adscriptis
513 2247 658 2334 adparet,
690 2247 777 2332 apud
800 2248 983 2322 Hesiodum
1014 2257 1045 2311 et
1067 2247 1261 2332 hymnorum
1285 2246 1459 2330 scriptores
1481 2246 1526 2307 in·
1647 2299 1648 2302 ,

129 2353 311 2415 veniuntur.
344 2353 421 2435 quid
445 2361 554 2415 autem
577 2352 740 2416 Homerus
763 2373 821 2437 pro
844 2352 964 2415 talibus
986 2352 1156 2416 adiectivis
1179 2350 1307 2433 dixerit,
1330 2348 1527 2432 intellegitur

100 2460 103 2465 '
130 2478 172 2517 ex
197 2455 368 2519 11111327
392 2457 431 2534 ἃς
453 2459 508 2521 οὐκ
530 2451 599 2521 έστι
622 2461 730 2543 φυγεῖν
752 2458 869 2541 βροτὸν
891 2452 958 2521 οὐδ’
973 2454 1141 2536 ὑπαλύξαι,
1165 2476 1305 2540 quocum
1328 2453 1391 2518 Sol.
1418 2453 1467 2537 13,
1484 2453 1527 2516 64

130 2559 232 2624 verba
255 2560 341 2646 δῶρα
364 2556 521 2646 δ’ίίφοκτα
545 2564 631 2625 θεῶν
653 2557 793 2644 γίγνεται
815 2561 990 2627 ἀθανάτων
1014 2559 1240 2624 conferantur.'

233 2662 334 2727 Aliud
349 2663 525 2727 verborum
540 2685 643 2747 genus
661 2673 736 2727 sunt
752 2665 965 2746 substantiva,
990 2686 1074 2749 quae
1091 2665 1126 2727 in
1142 2662 1304 2748 syllabam
1326 2688 1371 2747 μα
1394 2671 1524 2727 exeunt.

70 2774 75 2781 '
121 2770 265 2853 'quorum
287 2770 321 2833 in
348 2769 460 2851 primis
484 2766 547 2831 duo
572 2767 776 2831 substantiva
798 2768 965 2833 abstracta
987 2770 1290 2832 commemoratione
1314 2766 1413 2851 digna
1440 2776 1525 2849 sunt,

128 2880 258 2961 πρῆγμα
281 2882 314 2936 et
336 2868 443 2957 έργμα.
488 2870 568 2935 illud
591 2873 688 2955 enim,
711 2894 910 2959 quamquam
932 2872 997 2935 lato
1012 2894 1089 2935 usus
1113 2874 1181 2936 eius
1203 2881 1316 2957 postea
1338 2879 1438 2957 patet,
1461 2893 1526 2935 non
1551 2921 1556 2928 .

129 2975 232 3040 solum
255 2976 297 3040 ab
327 2978 466 3061 antiquis
490 2976 687 3041 carminibus
711 2978 822 3062 epicis,
854 2978 911 3041 sed
935 2978 1034 3042 etiam
1062 2977 1104 3042 ab
1128 2979 1167 3041 iis
1191 2976 1320 3061 elegeis,
1344 2998 1427 3061 quae
1451 2985 1526 3040 ante

127 3081 354 3164 Theognidem
386 3082 534 3145 conditae
566 3090 654 3163 sunt,
686 3081 827 3146 alienum
858 3091 916 3165 est,
947 3081 989 3146 ab
1019 3083 1081 3148 hoc
1103 3104 1181 3146 vero
1212 3104 1309 3167 saepe
1339 3089 1524 3165 usurpatur.

126 3184 215 3249 idem
236 3186 304 3250 fere
328 3185 368 3248 de
384 3184 485 3249 altero
496 3185 594 3270 valet,
617 3187 679 3249 nisi
702 3186 789 3271 quod
812 3195 887 3249 ante
902 3186 1127 3271 Theognidem
1149 3186 1201 3252 bis
1224 3186 1311 3271 apud
1334 3185 1524 3265 Hesiodum,

128 3290 180 3354 hic
203 3287 268 3353 illic
291 3290 324 3353 in
346 3288 487 3374 hymnis,
511 3290 611 3353 semel
633 3290 745 3353 Mimn.
774 3288 802 3371 7,
826 3292 842 3353 1
868 3300 967 3355 extat.
1013 3291 1174 3356 accedunt
1196 3292 1356 3376 ἄμπαυμα
1377 3290 1524 3374 Theogn.

128 3393 190 3457 343
215 3392 308 3478 (Hes.
333 3393 456 3477 Theog.
480 3393 546 3479 55),
579 3393 691 3479 πέμμα
716 3393 779 3459 Sol.
804 3394 856 3476 38,
881 3396 901 3459 3
924 3394 1049 3482 (irim),
1085 3396 1219 3481 πλάσμα
1243 3394 1392 3479 Xenoph.
1420 3394 1448 3476 1,
1472 3393 1525 3479 22,

126 3506 275 3581 πταῖσμα
302 3496 446 3581 Theogn.
479 3498 571 3581 1222,
602 3503 685 3587 ῥῆμα
712 3498 858 3585 Theogn.
890 3499 974 3564 1152
1000 3510 1033 3564 et
1063 3500 1146 3564 1262
1177 3498 1315 3587 (Archil.
1343 3497 1410 3585 50),
1443 3502 1526 3585 ῥῦμα

128 3601 191 3665 Sol.
219 3601 267 3684 11,
285 3602 319 3683 3,
355 3601 483 3688 σπέρμα
517 3602 662 3686 Theogn.
689 3602 770 3667 1278
807 3604 908 3690 (idem
942 3605 1059 3688 legitur
1093 3605 1181 3691 apud
1215 3602 1394 3669 Hesiodum
1427 3612 1460 3666 et
1492 3605 1526 3667 in

126 3704 281 3792 hymnis),
305 3713 435 3791 στρῶμα
453 3707 546 3789 1193,
569 3715 667 3792 χρῖμα
689 3708 840 3794 Xenoph.
858 3709 888 3793 3,
906 3709 936 3772 6.
960 3710 1008 3773 his
1025 3709 1111 3773 adde
1134 3709 1337 3773 substantiva
1353 3705 1523 3793 quaedam,
1582 3771 1585 3775 .

127 3831 210 3895 quae
225 3812 259 3873 in
275 3809 433 3895 syllabam
450 3834 500 3889 αις
516 3810 681 3876 desinunt:
698 3814 863 3897 ὀίμπαυσις
879 3814 990 3878 Mimn.
1006 3814 1055 3894 12,
1065 3813 1095 3896 2,
1112 3813 1268 3891 ἀνάλυσις
1290 3811 1435 3894 Theogn.
1449 3811 1524 3893 903,

125 3916 296 4000 ἀπόκρισις
321 3916 412 3993 1167,
447 3915 541 3998 βάξις
563 3916 674 3979 lllimn.
702 3916 741 3981 15
765 3926 797 3981 et
822 3915 871 3994 16,
902 3914 1025 3997 ἔκλυσις
1047 3916 1111 3982 Sol.
1138 3917 1187 3999 13,
1213 3916 1254 3981 70
1277 3917 1388 4003 (Hom.
1411 3914 1524 3997 λύσις),

125 4018 268 4103 ἐπίμιξις
283 4018 428 4103 Theogn.
446 4019 519 4102 297,
536 4018 702 4107 έπίρρησις
718 4020 840 4085 Archil.
859 4021 888 4103 8,
904 4020 1029 4101 κίνασις
1042 4022 1134 4106 Tyrt.
1153 4022 1203 4106 16,
1226 4032 1353 4108 κροῦσις
1368 4021 1479 4087 Cleob.
1493 4022 1523 4103 3,

125 4121 262 4208 μέθυσις
285 4122 431 4206 Theogn.
456 4122 529 4207 838,
560 4129 673 4203 στάσις
696 4123 760 4190 Sol.
783 4126 814 4207 4,
840 4125 890 4208 19,
922 4125 1073 4211 Xenoph.
1100 4128 1127 4209 1,
1151 4127 1193 4191 23
1220 4130 1398 4212 paucisque
1421 4126 1524 4190 Theo-

124 4228 231 4310 gnidis
254 4228 345 4309 looiS,
367 4227 482 4314 τέρψις
498 4227 642 4313 Theogn.
660 4227 721 4291 787
747 4228 847 4316 (idem
870 4229 988 4313 legitur
1010 4232 1043 4293 in
1063 4231 1197 4295 Hesiodi
1222 4232 1434 4312 carminibus3
1458 4231 1524 4295 Ho-

124 4354 233 4397 merus
255 4334 354 4395 utitur
370 4332 470 4396 verbo
492 4333 664 4422 τερπωλη),
688 4331 866 4419 ὑπέρβασις
883 4334 963 4399 1247
982 4334 1085 4421 (apud
1100 4336 1280 4401 Homerum
1296 4345 1328 4401 et
1343 4336 1524 4401 Hesiodum

123 4438 157 4499 in
180 4458 240 4502 usu
263 4445 312 4500 est
340 4435 545 4524 ὑπερβασίη).
581 4438 677 4503 'idem
704 4440 737 4501 in
764 4439 865 4503 multa
892 4440 1095 4505 substantiva
1125 4440 1245 4505 suffixo
1276 4467 1309 4507 ια
1335 4441 1433 4527 (ε-ια)
1462 4443 1524 4507 for·

125 4550 213 4605 mata
244 4540 344 4622 cadit;
383 4540 424 4604 cf.
450 4539 563 4627 αίθρίη
594 4540 657 4606 Sol.
685 4542 734 4625 13,
759 4542 801 4605 22
831 4544 942 4629 (Hom.
967 4544 1092 4633 αἴθρη),
1123 4543 1280 4634 ἀμηχανίη
1311 4545 1421 4612 multis
1443 4547 1523 4612 locis
