3392 5067
157 239 219 300 166

255 425 343 492 Ἐπί
375 429 528 510 genetivo
563 426 750 491 adiunctum
781 450 801 490 6
832 426 1064 511 posterioribus
1096 427 1305 513 scriptoribus
1334 430 1424 492 vario
1454 428 1551 493 modo

153 541 335 618 usurpatur.
381 533 414 594 in
446 530 565 613 elegeis
596 539 720 609 autem,
751 530 837 615 quod
869 532 966 595 611616
994 531 1034 595 de
1065 532 1199 595 Homeri
1230 531 1427 595 carminibus
1454 532 1552 613 valet,

153 636 197 700 ad
220 638 327 701 locum
350 642 497 721 spectare
520 634 613 715 66161;
642 633 751 713 661661,
776 634 921 718 Theogn.
945 633 1007 698 551
1030 632 1172 714 κίνδυνός
1192 658 1245 700 τοι
1266 634 1323 701 έπί
1345 635 1438 722 ξυροῦ
1459 636 1551 702 ἵστα-

152 765 208 806 ται
234 744 344 829 ἀκμῆς,
378 727 532 802 116661616
566 737 739 801 adhibetur
772 739 806 801 in
839 738 987 819 formula,
1019 760 1102 823 quae
1127 760 1224 823 666116
1258 739 1346 824 apud
1381 742 1551 825 scriptores

153 866 288 928 graecos
321 844 499 923 invenitur,
534 844 671 928 primum
707 842 803 905 Hom.
833 846 869 907 K
895 842 957 907 173
979 865 1026 928 sq.
1056 852 1109 908 νῦν
1138 848 1196 927 γὰρ
1227 843 1265 932 δὴ
1295 848 1470 910 πάντεσσιν
1495 843 1552 910 ἐπὶ

153 948 247 1033 ξυροῦ
272 947 403 1013 ίσταται
432 949 533 1032 ἀκμῆς
560 947 564 1031 1
589 947 609 1032 ἢ
631 947 716 1030 μάλα
739 948 850 1032 λυγρὸς
872 946 1007 1032 δ’λεθρος
1029 941 1172 1029 Ἀχαιοῖς
1197 949 1233 1034 ἠὲ
1256 952 1372 1029 βιῶναι
1395 947 1551 1035 (Ariston.

153 1051 253 1116 schol.
277 1050 308 1113 A
330 1054 348 1139 a}
372 1051 411 1130 δ.,
442 1050 493 1115 ότι
516 1048 586 1114 ἀντί
615 1059 672 1115 τοῦ
697 1055 739 1115 τὰ
761 1054 935 1137 πράγματα
956 1054 1044 1139 ἡμῶν
1070 1053 1177 1136 τριχδς
1199 1053 1340 1140 ἤρτηται,
1371 1050 1391 1117 δ’
1411 1052 1498 1118 ἔστιν
1519 1053 1553 1116 ἐν

152 1158 276 1241 ἐσχάτῳ
299 1154 430 1241 κινδύνῳ
452 1152 541 1219 ἐστὶν
563 1151 618 1218 καὶ
639 1152 695 1217 ἐπὶ
717 1152 868 1240 ὀξύτητος
889 1154 1039 1219 κινδύνων
1061 1154 1305 1245 μεταφορικῶς).
1345 1156 1385 1219 de
1408 1164 1553 1242 tempore

152 1269 260 1325 autem
276 1259 358 1323 11666
374 1260 568 1323 constructio
584 1267 901 1341 6661161611661616
918 1259 1062 1343 Tbeogn.
1088 1258 1207 1345 203611.
1236 1264 1272 1325 οὐ
1299 1264 1357 1346 γδιρ
1384 1257 1437 1325 ἐπ’
1457 1264 1552 1327 αάιοῦ

157 1361 316 1449 (τίνονται
338 1366 475 1449 μάκαρες
496 1364 682 1450 πρήγματος
697 1357 889 1446 ἀμπλακίας.

258 1468 292 1533 si
317 1467 463 1531 dativum
488 1467 719 1551 praepositioni
740 1464 799 1529 έπί
821 1466 1010 1531 adiunctum
1036 1469 1236 1554 respicimus,
1263 1468 1352 1553 apud
1375 1470 1553 1533 Homerum

155 1593 284 1655 semper
309 1572 343 1635 ἐν
366 1572 565 1656 προμάχοισι
591 1567 726 1635 πίπτειν
754 1570 881 1653 legitur,
914 1578 1026 1635 contra
1051 1573 1085 1634 in
1113 1571 1226 1636 eodem
1255 1574 1397 1637 carmine
1420 1573 1553 1658 Tyrtaei
1614 1560 1615 1563 ί

155 1674 225 1761 (10)
252 1697 284 1739 v.
315 1676 331 1737 1
364 1672 420 1739 1πὶ
451 1677 649 1760 προμάχοισι
675 1675 826 1753 πεσόντα,
859 1674 899 1765 21
932 1678 1012 1758 μετὰ
1040 1680 1238 1761 προμάχοισι
1265 1677 1415 1756 πεσόντα,
1449 1676 1492 1741 30
1520 1678 1554 1741 έν

154 1783 352 1865 προμάχοισι
374 1780 491 1843 πεσών.
550 1800 646 1870 porro
674 1774 786 1843 έπεστι
812 1776 870 1842 έπί
891 1802 954 1843 τινι
981 1777 1100 1863 legitur
1122 1779 1267 1864 Tbeogn.
1293 1779 1334 1845 85
1358 1790 1389 1845 61
1412 1780 1469 1846 ἐπί
1490 1806 1553 1847 τινι

154 1879 210 1949 έπι
229 1882 376 1948 11111166.
405 1880 644 1966 1116616166έπί
666 1907 729 1947 τινι
751 1882 805 1946 hic
827 1882 893 1947 11116
917 1905 991 1947 6616
1011 1882 1121 1949 verbis
1143 1885 1357 1967 coniungitur,
1379 1888 1412 1949 in
1436 1885 1553 1971 quibus

155 1996 259 2051 motus
282 1986 418 2051 alicuius
441 1986 634 2070 significatio
656 1988 749 2069 inest,
774 1986 920 2071 Theogn.
946 1986 1029 2051 1149
1053 1989 1121 2053 αἰὲν
1142 1984 1195 2053 ἐπ’
1211 1987 1391 2071 ἀλλοτρίοις
1411 1994 1555 2069 κτεάνοις

154 2090 306 2172 ἐπέχουσι
332 2091 434 2179 νόημα
462 2092 541 2176 (qua
572 2093 809 2155 constructione
839 2092 987 2155 usitatius
1015 2100 1063 2156 est
1093 2092 1170 2155 boet
1199 2094 1369 2178 προσέχειν
1398 2102 1470 2159 νοῦν
1492 2118 1555 2159 τινι

155 2195 209 2260 vel
231 2194 357 2276 ἐπέχειν
370 2203 444 2261 νοῶν
457 2195 535 2280 τινι)
559 2204 592 2259 61
610 2195 673 2258 461
683 2218 729 2281 sq.
752 2190 1135 2285 μήποτ’ἐπάπρίμτοισι
1150 2199 1222 2262 νόον
1238 2192 1289 2279 έχε
1308 2199 1387 2287 μηδὲ
1403 2196 1531 2283 μενοίνα
1549 2198 1552 2285 1

156 2302 304 2390 χρήμασι,
327 2307 390 2365 τῶν
413 2299 521 2377 ἀνυσις
541 2296 660 2384 γίνεται
683 2298 826 2385 οὐδεμία,
851 2299 1045 2385 quibuscum
1072 2300 1150 2365 locis
1177 2301 1258 2365 Ρ161.
1272 2301 1364 2385 Lag.
1387 2302 1438 2366 XI
1460 2301 1554 2367 92611

158 2402 414 2469 161116καὶέπί
435 2399 561 2487 μείζοσι
582 2408 696 2487 γάμοις
717 2410 775 2491 τὴν
797 2404 942 2470 διάνοιαν
964 2404 1088 2486 ἐπέχων
1111 2404 1308 2469 conferenda
1331 2415 1414 2471 6661.

261 2508 315 2572 Ad
344 2529 475 2571 causam
505 2515 630 2593 spectat
658 2507 803 2591 Theogn.
833 2509 917 2573 1113
948 2502 1003 2573 ἐπ’
1023 2509 1187 2596 ἀλλήλοισι
1209 2510 1372 2593 γελῶντες,
1404 2513 1456 2573 661
1486 2511 1555 2575 1666

157 2613 277 2677 61611166
304 2619 378 2675 6661
407 2609 471 2675 Sol.
503 2611 552 2693 19,
576 2610 597 2675 5
628 2613 764 2700 οἰκισμῷ
792 2606 826 2677 δ’
847 2608 903 2678 έπι
933 2613 1016 2697 τῷδε
1045 2616 1136 2698 χάριν
1164 2611 1219 2679 καὶ
1247 2615 1340 2693 κῦδος
1370 2613 1487 2695 ὀπάζοι
1524 2624 1557 2679 61

157 2716 307 2802 Xenoph.
335 2716 365 2799 2,
391 2716 434 2781 20
460 2720 566 2804 χάρμα
589 2712 703 2802 γένοιτ’
721 2715 779 2781 ἐπὶ
805 2725 861 2804 τῷ,
894 2717 935 2781 ad
965 2717 1133 2782 6666111661
1159 2712 1305 2802 Theogn.
1331 2717 1449 2803 151611.
1478 2724 1558 2797 Ζεὺς

157 2822 214 2908 μὲν
236 2821 331 2910 τῆσδε
353 2822 474 2907 πόληος
499 2819 672 2907 ὑπειρέχοι,
696 2818 807 2907 αἰθέρι
834 2819 955 2907 ναίων)
980 2820 1043 2888 αἰεὶ
1071 2821 1230 2909 δεξιτερὴν
1257 2817 1334 2908 χεῖρ’
1354 2818 1408 2887 ἐπ’
1428 2827 1556 2912 ἀπημο-
1596 2816 1601 2829 ’

159 2926 234 3014 σάνῃ
258 2935 290 2989 61
313 2925 376 2991 sol.
400 2926 430 3008 4,
457 2926 496 2989 13
519 2920 941 3013 absumorassumor.

262 3030 355 3111 Quae
378 3030 487 3094 adhuc
509 3023 634 3113 prolata
657 3037 731 3093 6661
754 3030 915 3115 exempla,
940 3031 1075 3094 6661116
1099 3033 1309 3114 consentiunt,
1333 3052 1416 3116 quae
1439 3032 1472 3094 in
1493 3032 1557 3095 Η6-

158 3137 238 3198 meri
261 3133 457 3199 carminibus
480 3134 645 3218 leguntur,
675 3155 871 3219 quamquam
893 3136 928 3197 in
950 3137 1138 3198 universum
1162 3136 1485 3201 animadvertendum
1509 3147 1558 3200 est

158 3240 192 3302 16
224 3237 341 3321 elegeis
374 3236 431 3303 ἐπί
456 3262 520 3303 τινι
552 3227 688 3322 saepius
715 3238 756 3301 de
786 3238 897 3321 rebus,
929 3260 1012 3324 quae
1046 3239 1194 3303 sensibus
1227 3261 1290 3304 non
1325 3242 1556 3325 percipiuntur,

159 3344 317 3426 usurpari,
340 3342 428 3427 apud
451 3342 541 3406 illum
564 3342 692 3427 saepius
716 3341 757 3405 de
779 3342 888 3423 rebus,
912 3364 994 3427 quae
1018 3343 1165 3407 sensibus
1188 3345 1419 3430 percipiuntur.
1461 3344 1556 3422 adde,

159 3443 246 3530 quod
273 3469 292 3509 a
318 3448 421 3530 poetis
448 3447 600 3530 elegiacis
626 3444 683 3512 ἐπί
710 3446 807 3510 etiam
839 3468 914 3510 cum
943 3446 1112 3511 adiectivis
1144 3450 1358 3531 coniungitur,
1388 3470 1454 3512 non
1480 3448 1556 3511 item

159 3550 201 3614 ab
224 3550 378 3635 Η616616,
401 3560 436 3614 61
459 3549 624 3615 161661661
647 3549 689 3614 ab
713 3550 806 3613 116166
830 3549 1027 3615 carminibus
1051 3549 1167 3635 absint,
1192 3551 1303 3636 quales
1327 3561 1402 3616 sunt
1424 3550 1487 3616 Sol.
1506 3552 1557 3634 13,

159 3652 201 3718 25
223 3648 276 3742 ἐφ’
291 3654 413 3741 ἑκάστῳ
437 3653 570 3741 (66611.)
594 3662 627 3717 61
648 3652 792 3737 Theogn.
818 3654 881 3718 325
903 3653 961 3719 ἐπὶ
983 3653 1091 3720 παντί.

263 3754 354 3840 Ἐπί,
381 3759 438 3822 ubi
465 3759 507 3824 ad
535 3760 757 3823 accusativum
785 3758 927 3842 accedit,
955 3769 1011 3823 aut
1034 3759 1111 3845 ‘per'
1136 3759 1306 3843 significat,
1330 3760 1421 3824 velut
1443 3760 1556 3825 Mimn.

161 3862 247 3943 161
266 3861 385 3950 (φέρει)
407 3913 466 3929 ...
487 3865 583 3948 δίκρον
605 3856 761 3951 ἐφ’όδωρ,
785 3861 863 3927 ibid.
884 3862 923 3927 15
944 3861 998 3929 καί
1020 3888 1074 3950 μιν
1096 3859 1149 3929 ἐπ’
1165 3866 1358 3949 ἀνθρώπους
1378 3863 1471 3947 βάξις
1493 3860 1557 3946 έχει

161 3967 292 4056 χαλεπή,
314 3966 459 4052 Theogn.
476 3966 569 4051 83sq.
592 3964 649 4031 ἐπὶ
663 3972 787 4045 πάντας
800 3966 805 4053 Ι
818 3967 1020 4054 ἀνθρώπους,
1043 3977 1099 4032 661
1115 3966 1177 4048 ί611,
1194 3966 1248 4049 16’,
1272 3968 1362 4031 velut
1376 3967 1488 4033 Mimn.
1507 3969 1558 4051 11,

160 4071 181 4133 4
207 4066 261 4135 ἐπ)
275 4067 433 4136 Ὠκεανοῦ
458 4072 555 4135 καλὸν
582 4070 693 4137 ἵκοντο
724 4077 798 4158 ῥόον
828 4081 874 4155 61,
903 4070 1020 4157 quibus
1050 4070 1128 4136 16616
1159 4072 1364 4136 substantiva
1394 4072 1559 4137 6116116616

160 4198 219 4260 pro
250 4174 395 4239 subiecto
418 4184 501 4257 6661,
537 4173 681 4259 Theogn.
710 4175 751 4240 86
781 4170 855 4242 οὐδ’
875 4177 1005 4262 αἰσχρὸν
1036 4171 1128 4265 χρῆμ>
1151 4171 1207 4241 έπι
1236 4175 1347 4263 κέρδος
1380 4178 1459 4262 άγει,
1495 4176 1558 4239 181

160 4277 281 4366 τέρψις.
299 4277 356 4344 ἐπὶ
382 4277 498 4366 φρένας
522 4277 622 4365 ἦλθεν
652 4279 705 4363 (cf.
735 4280 798 4344 633
826 4279 919 4345 ότοί
940 4276 970 4344 κ’
988 4279 1046 4345 ἐπὶ
1070 4284 1126 4347 τδν
1152 4282 1226 4348 νόον
1253 4277 1359 4372 έλθχ).
1405 4282 1559 4367 1616116116

161 4404 240 4448 vero
268 4384 458 4467 significatio
486 4385 568 4447 inest
598 4386 632 4447 in
659 4383 770 4449 verbis
797 4384 909 4478 Mimn.
938 4384 968 4466 2,
993 4384 1012 4448 3
1039 4387 1175 4473 πήχυιον
1196 4384 1252 4451 ἐπὶ
1279 4388 1391 4474 χρόνον
1417 4394 1450 4449 61
1471 4384 1558 4450 ibid.

163 4488 193 4572 5,
217 4488 237 4551 3
261 4487 432 4575 (repetitus
455 4488 601 4572 Theogn.
627 4488 725 4576 1019)
752 4488 809 4554 έπί
831 4486 932 4554 πλέον
953 4489 1075 4576 ὤφελεν
1095 4482 1187 4570 εἶναι,
1215 4494 1241 4553 61
1257 4490 1388 4574 quidem
1410 4489 1557 4573 Theogn.

165 4589 248 4654 1019
272 4592 393 4655 codicis
415 4615 435 4679 φ
458 4590 759 4677 6611116161πὶ-
784 4592 899 4676 reliqui
922 4590 995 4657 ἐπεί
1018 4592 1239 4656 exhibent-
1261 4595 1403 4677 genuina
1426 4603 1482 4659 661.
