3392 5067
163 201 225 269 164

162 394 325 481 ‘propter’,
349 416 447 480 quam
473 393 529 459 διά
557 415 631 463 cum
657 393 842 458 accusativo
867 394 1074 458 coniunctum
1098 393 1186 478 apud
1209 390 1279 459 illos
1302 414 1431 478 semper
1449 391 1559 474 habet,

162 521 322 586 nusquam
352 499 420 563 fere
453 498 541 583 apud
572 499 762 577 Homerum,
793 497 882 584 apud
912 506 1024 583 poetas
1056 497 1216 581 elegiacos
1246 519 1310 561 non
1340 500 1384 561 ita
1414 520 1488 561 raro
1515 498 1560 559 in-

162 606 299 687 venitur,
323 606 368 667 ita
389 612 425 666 ut
447 602 505 666 hos
528 603 670 667 medium
692 604 776 666 inter
791 602 970 668 Homerum
987 610 1020 665 et
1042 603 1215 687 scriptores
1237 603 1430 688 posteriores
1453 602 1560 666 locum

162 709 307 774 obtinere
334 707 500 792 adpareat.
545 705 608 770 loci
637 716 744 771 autom
767 706 800 770 hi
831 715 919 770 sunt:
950 705 1014 771 Sol.
1040 706 1091 789 11,
1116 707 1131 769 1
1157 702 1201 773 δι’
1214 706 1365 793 ὑμετέρην
1390 715 1559 795 κακότητα,

162 814 240 877 ibid.
266 811 354 893 11,4
376 811 430 877 διά
448 818 559 893 ταῦτα,
582 809 727 895 Theogn.
752 808 815 874 855
838 806 883 876 δι’
897 813 1058 900 ἡγεμόνων
1078 818 1247 898 κακότητα,
1272 811 1319 896 (at
1343 811 1478 896 l3l‘lsq.
1502 836 1560 877 κα-

160 919 269 1006 κότητι
291 922 413 1004 φρενῶν
435 915 587 981 δειλοῖσιν
609 915 730 1001 ὁμιλεῖς
753 916 757 997 Ι
782 914 941 1000 ἀνδράσι),
966 914 1049 979 1378
1072 916 1127 982 διά
1148 923 1254 983 τοῦτο.

264 1024 374 1087 Κατά
404 1021 599 1105 praepositio
627 1042 702 1084 cum
728 1018 881 1103 genetivo
908 1020 1079 1083 coniuncta
1108 1019 1196 1104 apud
1224 1021 1402 1084 Homerum
1433 1041 1560 1104 semper

162 1124 204 1189 ad
226 1124 333 1188 locum
360 1125 510 1208 pertinet.
548 1123 635 1188 idem
658 1123 699 1186 de
722 1123 841 1207 elegeis
865 1121 965 1203 valet3
995 1124 1034 1190 cf.
1059 1122 1204 1207 Theogn.
1231 1122 1302 1201 176,
1329 1123 1422 1205 1206,
1446 1123 1559 1188 Mimn.

162 1228 192 1306 2,
218 1228 259 1292 14
280 1231 361 1293 κατὰ
383 1236 438 1316 γῆς
459 1223 583 1312 ἔρχεται
605 1227 652 1306 εἰς
673 1220 793 1314 Ἀίδην,
824 1248 887 1311 quo
914 1226 999 1309 loco,
1028 1249 1224 1312 quamquam
1252 1229 1350 1292 etiam
1375 1230 1463 1292 notio
1487 1230 1560 1291 ‘von

163 1331 237 1417 (der
258 1330 361 1419 Erde)
391 1330 514 1415 herab',
553 1353 636 1415 quae
673 1332 813 1416 antiquis
851 1331 1050 1416 temporibus
1087 1332 1206 1395 usitata
1244 1354 1313 1395 esse
1352 1330 1445 1414 solet,
1484 1332 1561 1395 ferri

161 1445 276 1522 potest,
304 1439 385 1501 κατὰ
406 1443 462 1523 γῆς
484 1438 590 1499 ‘unter
613 1434 665 1499 die
688 1434 785 1499 Erde’
811 1435 995 1520 significare
1022 1443 1115 1520 put03
1149 1456 1224 1500 nam
1249 1437 1308 1500 etsi
1336 1445 1411 1501 ante
1435 1435 1560 1499 Atticos

161 1544 243 1605 κατά
274 1561 348 1604 oum
379 1541 529 1623 genetivo
561 1541 769 1603 coniunctum
799 1561 872 1603 raro
898 1541 1063 1603 notionem
1090 1539 1179 1603 latini
1207 1538 1287 1604 ‘sub'
1316 1539 1423 1621 habet,
1452 1550 1561 1605 tamen

162 1667 226 1709 non
248 1665 380 1730 prorsus
403 1665 442 1706 ea
466 1643 565 1724 deest,
589 1643 680 1707 velut
705 1646 737 1707 Ψ
753 1642 815 1707 100
831 1665 878 1729 sq.
894 1648 981 1730 ψυχὴ
1005 1644 1040 1710 δὲ
1062 1647 1143 1709 κατὰ
1169 1647 1288 1725 χθονδς
1309 1647 1383 1732 ἠύτε
1409 1647 1530 1723 καπνός
1554 1655 1560 1739 η

162 1749 262 1837 ᾤχετο
284 1754 452 1834 τετριγυῖα,
475 1747 586 1833 hymn.
610 1748 711 1811 Mera.
735 1746 776 1811 68
799 1743 887 1814 έδυνε
909 1753 992 1813 κατὰ
1014 1749 1141 1830 χθονός.
1187 1749 1252 1812 iam
1275 1769 1317 1811 ex
1339 1746 1458 1833 elegeis
1483 1750 1560 1832 ipsis

162 1861 292 1938 praeter
320 1852 428 1917 locum
457 1852 552 1916 modo
584 1854 717 1917 citatum
747 1852 811 1915 huc
842 1861 989 1937 spectare
1018 1852 1147 1916 videtur
1171 1851 1253 1915 1277
1267 1874 1313 1937 sq.
1339 1862 1438 1941 τῆμος
1456 1845 1561 1937 ’Ἔρως

161 1958 330 2043 προλιπών
356 1961 499 2042 Κύπρον,
530 1954 723 2043 περικαλλέα
749 1965 852 2045 νῆσον,
878 1957 882 2041 l
909 1948 990 2022 εἶσιν
1015 1952 1068 2021 ἐπ’
1082 1959 1275 2041 ἀνθρώπους
1302 1955 1429 2042 σπέρμα
1456 1955 1561 2045 φέρων

40 2153 42 2156 Ι
162 2065 243 2127 κατὰ
257 2070 312 2148 γῆς
334 2059 442 2146 (unter
458 2060 510 2123 die
526 2060 624 2145 Erde,
640 2062 674 2124 in
690 2061 742 2125 die
757 2060 861 2141 Erdc3
885 2082 927 2124 an
949 2066 1031 2127 κατά
1045 2062 1149 2148 μηνλ).
1188 2061 1246 2125 sed
1268 2063 1301 2126 in
1324 2083 1363 2125 ca
1385 2070 1477 2147 parte
1501 2060 1560 2125 ele-

161 2186 306 2250 gearum‚
332 2187 414 2250 quae
439 2164 499 2229 sub
522 2163 722 2248 Theognidis
748 2167 878 2228 nominc
905 2163 1008 2227 fertur
1030 2186 1135 2251 neque
1159 2175 1265 2229 tamen
1288 2166 1331 2233 ab
1354 2187 1391 2230 eo
1415 2166 1561 2251 prolecta

164 2280 222 2352 est,
245 2270 306 2355 bis,
330 2268 415 2354 quod
439 2290 597 2354 nusquam
619 2268 697 2333 alibi
721 2278 795 2332 ante
815 2267 998 2333 Atticorum
1020 2278 1167 2355 tempora
1189 2270 1236 2352 fit,
1259 2273 1341 2336 κατά
1356 2293 1441 2349 τινος
1459 2269 1561 2354 λέγειν

165 2372 269 2459 (iiber,
293 2372 413 2458 gagen)
441 2381 540 2448 extat,
571 2371 766 2436 monasth
794 2372 933 2437 πολλάκι
959 2396 1012 2439 τοι
1041 2368 1119 2459 παρ’
1138 2372 1211 2457 ἐμοὶ
1240 2377 1322 2439 κατὰ
1348 2382 1406 2439 σοῦ
1435 2372 1560 2451 λέξουσι

164 2482 288 2563 μάταια,
305 2477 309 2562 l
328 2476 383 2543 καὶ
404 2481 492 2562 παρὰ
514 2474 567 2542 σοὶ
589 2469 660 2541 κατ’
674 2472 761 2562 ἐμοῦ.

267 2585 363 2647 Κανά
379 2604 421 2663 τι,
445 2580 501 2643 ubi
517 2580 559 2645 ad
581 2580 689 2645 locum
704 2578 853 2657 refertur,
877 2580 954 2666 ‘per'
971 2581 1141 2664 significat,
1165 2581 1254 2645 velut
1270 2581 1414 2666 Theogn.
1432 2581 1494 2645 247
1502 2604 1561 2668 sq,

164 2688 222 2753 ubi
244 2688 353 2750 variae
379 2684 531 2769 leguntur
556 2685 824 2770 praepositiones:
854 2685 968 2771 Κύρνε,
995 2682 1073 2751 καθ’
1088 2678 1227 2752 Ἐλλάδα
1253 2696 1308 2775 γῆν
1330 2692 1563 2774 στρωφώμενος

163 2786 287 2879 ηδ’άνὰ
307 2792 428 2877 νήσους,
449 2790 453 2873 l
473 2790 643 2870 ἰχθυόεντα
665 2796 770 2874 περῶν
792 2790 912 2855 πόντον
933 2783 987 2854 ἐπ)
1000 2790 1177 2876 ἀτρύγετον,
1201 2813 1221 2855 a
1243 2812 1305 2876 quo
1327 2790 1398 2855 loco
1413 2790 1559 2874 Theogn.

166 2895 207 2959 23
236 2898 361 2973 πάντας
387 2891 421 2959 δὲ
447 2888 517 2958 κατ’
532 2894 553 2977 1)
584 2893 777 2979 ἀνθρώπους
803 2895 980 2978 ὀνομαστός
1010 2916 1073 2958 non
1105 2894 1222 2961 differt.
1268 2896 1354 2981 quod
1387 2897 1413 2960 si
1444 2897 1562 2960 Home-

165 3023 220 3063 rus
249 2998 403 3063 formulas
435 3000 517 3063 κατὰ
539 2995 647 3084 φρένα,
675 3001 757 3063 κατὰ
778 2999 894 3083 θυμόν,
921 3002 1003 3065 κατὰ
1029 2997 1128 3087 φρένα
1155 2997 1210 3065 καὶ
1234 3004 1317 3065 κατὰ
1339 3002 1454 3085 θυμόν,
1480 3002 1562 3067 κατὰ

165 3105 237 3170 νόον
264 3124 361 3189 saepe
384 3102 492 3165 verbis
520 3100 721 3165 deliberandi
749 3101 884 3187 aliisque
911 3103 956 3167 ita
978 3102 1132 3186 adnectit,
1160 3114 1197 3168 ut
1223 3102 1286 3169 loci
1309 3105 1501 3189 significatio
1528 3106 1561 3169 in

165 3210 204 3271 iis
228 3208 311 3288 insit,
336 3229 355 3269 a
374 3208 476 3290 poetis
500 3206 651 3289 elegiacis
675 3227 732 3270 eae
755 3228 820 3271 non
843 3207 887 3269 ita
909 3217 1116 3292 usurpantur.
1147 3207 1180 3271 hi
1200 3210 1295 3292 enim,
1311 3210 1345 3273 id
1362 3208 1448 3294 quod
1464 3231 1563 3295 supra

166 3311 315 3393 vidimus,
344 3311 455 3374 autin
482 3311 579 3374 solius
602 3309 695 3373 verbi
721 3333 783 3374 usu
810 3309 1027 3394 adquiescunt
1052 3319 1118 3397 aut,
1142 3311 1228 3396 quod
1256 3314 1443 3398 ceteroquin
1466 3314 1564 3377 ctiam

167 3416 208 3479 de
235 3416 376 3481 Homero
400 3415 495 3496 valet,
527 3414 662 3496 dativos,
692 3414 802 3499 quales
830 3422 904 3478 sunt
926 3419 1031 3502 θυμῷ,
1055 3414 1175 3503 φρεσίν,
1203 3416 1358 3481 adiciunt.
1403 3438 1442 3481 ao
1474 3417 1501 3480 si
1529 3419 1563 3481 in

167 3521 286 3604 elegeis
308 3524 390 3585 κατά
417 3540 492 3582 cum
519 3519 637 3583 talibus
665 3518 874 3583 substantivis
898 3506 1297 3606 coniungitur‚'nusquam
1319 3520 1362 3586 ad
1384 3521 1490 3586 locum
1514 3543 1562 3585 re·

165 3624 278 3702 fertur,
302 3623 360 3687 scd
381 3623 536 3687 translate
560 3622 601 3686 de
622 3621 789 3687 voluntate
811 3622 945 3706 dicitur3
971 3624 1011 3688 cf.
1036 3623 1100 3689 Sol.
1117 3624 1148 3707 4,
1167 3626 1233 3710 lsq.
1254 3624 1390 3715 ἡμετέρα
1412 3626 1447 3692 δὲ
1469 3626 1565 3705 πόλις

166 3733 248 3794 κατά
270 3729 328 3811 μὸν
349 3730 428 3805 Διὸς
449 3723 563 3793 ούποτ)
583 3728 703 3793 ὀλεῖται
723 3729 727 3813 l
751 3719 846 3793 αἶσαν
873 3726 926 3794 καὶ
952 3732 1102 3814 μακάρων
1128 3733 1215 3795 θεῶν
1240 3728 1356 3818 φρένας
1382 3733 1563 3813 ἀθανάτων,

166 3831 312 3915 Theogn.
339 3830 400 3894 142
431 3830 506 3897 θεοὶ
537 3829 571 3897 δέ
601 3834 682 3897 κατδι
712 3830 868 3920 σφέτερον
896 3837 1003 3899 πάντα
1032 3834 1159 3898 τελοῦσι
1188 3835 1295 3920 νόον,λ
1327 3832 1392 3898 350
1425 3832 1460 3913 ὃς
1493 3828 1565 3899 κατ’

167 3937 244 4021 ἐμὸν
265 3947 337 4001 νοῦν
359 3934 496 4000 τελέσειε
522 3935 610 4001 τάδε.
655 3936 746 4000 cuius
780 3958 866 4014 usus,
903 3938 958 4023 qui
992 3945 1023 3999 et
1056 3937 1145 4021 apud
1174 3937 1378 4002 Herodotum
1412 3947 1444 4002 et
1477 3937 1565 4022 apud

273 4147 293 4210 ¹)
311 4147 449 4210 Hartung,
480 4161 541 4195 cum
568 4162 622 4195 non
648 4142 706 4196 κατ’
725 4145 891 4213 ἀνθρώπους
918 4146 964 4197 εεά
990 4142 1031 4197 ἐπ’
1050 4146 1214 4215 ἀνθρώπους
1241 4147 1283 4213 (ut
1300 4148 1421 4215 Theogn.
1439 4148 1483 4215 83)
1511 4148 1565 4199 dici

167 4234 260 4295 soleat,
278 4232 332 4299 pls
345 4229 386 4283 ἐπ’
403 4231 567 4300 ἀνθρώπους
585 4232 754 4282 scribendum
773 4247 831 4283 asse
850 4234 963 4298 putavit.
987 4234 1034 4283 ssd
1052 4234 1080 4282 in
1093 4234 1182 4284 verbis
1200 4234 1304 4285 traditis
1322 4235 1487 4285 haerendum
1506 4251 1561 4285 non

168 4327 215 4370 est.
251 4335 313 4370 nam
332 4336 392 4369 cum
411 4323 502 4369 πᾶσαν
520 4321 587 4370 κατὰ
607 4326 659 4387 γῆν
678 4320 789 4381 dicatur,
811 4322 892 4369 etiam
911 4316 1015 4376 πάντας
1032 4317 1090 4371 κατ’
1103 4319 1267 4389 ἀνθρώπους
1291 4321 1345 4372 dici
1368 4327 1463 4388 potest.
1494 4329 1564 4373 cete·

168 4423 227 4456 rum
250 4422 304 4456 non
323 4408 420 4456 desunt
446 4405 500 4456 loci
526 4406 635 4469 similos,
659 4406 756 4471 quibus
774 4405 842 4457 κατά
862 4412 947 4470 sxtat;
971 4408 1004 4457 cf.
1023 4423 1063 4457 cx.
1082 4424 1121 4473 gr.
1140 4427 1158 4476 y
1177 4410 1228 4458 302
1245 4409 1329 4473 ἠλᾶτο
1413 4408 1565 4461 κατ’ἀλλο-

168 4494 270 4562 θρόους
288 4493 462 4562 ἀνθρώπους,
485 4513 500 4545 ο
519 4496 577 4559 276,
595 4512 613 4544 υ
630 4496 689 4558 206,
707 4495 797 4560 hymn.
816 4495 905 4562 Apoll.
925 4497 1003 4561 Pytb.
1024 4499 1071 4547 177
1089 4499 1158 4547 κακὰ
1176 4495 1253 4549 πόλλ’
1266 4495 1375 4566 ἔρδεσκε
1393 4498 1462 4548 κατὰ
1479 4498 1564 4549 κλυτά

169 4579 234 4647 φῦλ’
247 4582 409 4650 ἀνθρώπων,
