3392 5067
1478 232 1540 297 183

245 421 298 485 Ab
334 422 506 486 enuntiatis
541 421 816 487 condicionalibus
852 424 1018 487 enuntiata
1053 426 1280 489 concessiva
1318 426 1442 509 seiungi
1477 448 1542 491 non

143 537 290 611 possunt,
318 548 393 589 nam
420 528 453 589 in
477 527 514 588 iis
543 526 676 589 eaedem
699 521 879 612 particulae
902 526 1108 609 adhibentur,
1133 530 1194 591 nisi
1218 529 1305 614 quod
1333 540 1388 594 aut
1409 529 1463 597 και1
1485 540 1541 593 aut

141 631 215 699 οὐδέ
239 630 377 695 accedit.
424 630 480 694 sed
506 653 583 694 casu
606 629 809 712 factumest,
833 630 945 697 111καὶ
967 631 997 697 εἰ
1020 653 1179 717 nusquam
1203 641 1304 714 extet3
1335 632 1441 700 εἶναι’
1462 656 1540 699 vero

141 735 205 799 Sol.
229 737 260 818 4,
283 736 326 800 30
359 757 432 798 cum
462 735 668 799 coniunctivo
697 736 904 799 coniunctum
933 757 1002 800 esse
1031 758 1129 821 supra
1159 736 1309 801 vidimus.
1353 760 1452 823 quare
1478 739 1541 803 hoc

139 850 266 905 tantum
293 839 452 925 reliquum
475 848 533 917 est,
566 850 602 903 ut
632 839 673 902 de
704 861 765 903 usu
790 839 962 904 verborum
985 838 1052 907 οὐδ’
1075 843 1106 906 εἰ
1128 850 1318 927 exponatur,
1350 842 1540 929 dequibus,

141 956 296 1031 quantum
308 944 350 1009 ad
369 945 549 1008 Homerum
565 945 715 1028 pertinet,
732 944 771 1007 L.
789 943 951 1029 Langium
967 946 987 1009 l.
1005 968 1032 1009 c.
1048 968 1103 1032 pp.
1114 946 1177 1011 373
1189 968 1257 1031 sqq.
1275 956 1307 1010 et
1327 971 1381 1035 pp.
1397 950 1461 1013 469
1471 972 1539 1036 sqq.

141 1062 174 1114 et
196 1050 357 1135 Spitzneri
380 1049 454 1113 adn.
479 1048 520 1112 ad
546 1054 574 1113 Y
597 1048 656 1111 101
681 1049 836 1113 conferas.
872 1052 904 1113 in
928 1051 1116 1115 universum
1144 1052 1242 1133 igitur
1268 1062 1383 1137 poetae
1408 1055 1540 1139 elegiaci

142 1176 215 1219 curn
238 1155 380 1218 Homero
404 1155 617 1235 consentiunt,
653 1153 710 1218 sed
735 1153 796 1217 hac
818 1176 854 1218 re
879 1153 1032 1218 differunt
1065 1155 1107 1219 ab
1141 1154 1205 1237 illo,
1236 1157 1322 1241 quod
1345 1180 1450 1243 neque
1474 1155 1540 1225 οὐδ’

140 1263 177 1349 ἢν
205 1281 312 1344 neque
343 1251 459 1324 odd’s't'
479 1282 532 1322 κεν
561 1256 727 1341 adhibent,
761 1258 819 1321 sed
850 1253 919 1325 οὐδ)
938 1258 968 1323 εἰ
992 1254 1150 1346 (ppd'ai),
1185 1260 1219 1323 id
1249 1261 1420 1345 quodiam
1444 1284 1542 1348 supra

142 1364 345 1428 dictumest.
395 1371 564 1447 praeterea
588 1362 907 1427 commemorandum
930 1372 979 1426 est
1002 1366 1167 1427 enuntiata
1190 1366 1344 1448 primaria
1366 1368 1397 1430 in
1422 1365 1541 1450 elegeis
1630 1398 1631 1403 1

141 1490 270 1553 semper
292 1466 499 1552 praecedere.

245 1573 338 1635 Haeo
371 1572 438 1636 fere
473 1570 513 1634 de
547 1593 609 1635 usu
643 1572 877 1635 coniunctionis
907 1572 937 1635 εἰ
967 1570 1108 1635 dicenda
1138 1581 1220 1635 sunt.
1266 1596 1343 1637 nam
1372 1574 1458 1659 quod
1488 1573 1541 1637 hic

141 1678 205 1742 illic
234 1677 264 1742 εἰ
287 1700 307 1739 a
330 1675 449 1755 verbis,
485 1674 593 1761 qualia
627 1684 701 1739 sunt
734 1674 922 1759 θαυμάζειν,
951 1672 1120 1760 μεγαίρειν,
1155 1677 1289 1761 pendet,
1324 1678 1475 1764 quodque
1508 1680 1541 1741 in

142 1782 315 1846 enuntiatis
346 1781 585 1863 interrogativis
618 1779 652 1842 id
686 1800 846 1863 nusquam
881 1778 1014 1862 legitur,
1055 1778 1170 1843 harum
1204 1803 1311 1845 rerum
1345 1784 1407 1845 iam
1444 1805 1541 1868 supra

141 1886 260 1951 mentio
291 1884 379 1948 facta
408 1892 466 1947 est.
511 1906 604 1947 unus·
626 1905 704 1947 sane
734 1882 825 1947 locus
855 1905 920 1946 non
948 1893 997 1946 est
1026 1884 1343 1970 praetermittendus,
1371 1886 1463 1972 Tyrt.
1491 1886 1540 1970 10,

145 1993 180 2054 11
193 2011 262 2076 sqq.
286 1990 316 2055 εἰ
339 1984 368 2055 d'
381 1992 482 2067 οὕτως
503 1989 618 2074 ἀνδρός
639 2012 690 2053 τοι
713 1985 876 2072 ἀλωμένου
899 1984 1025 2072 οὐδεμί’
1048 1990 1112 2077 ὤρη
1133 1991 1137 2074 l
1157 1987 1305 2073 γίγνεται,
1330 2040 1399 2073 ...,
1420 1995 1425 2075 l
1445 1996 1540 2080 θυμῷ

142 2105 197 2184 γῆς
217 2092 292 2180 περὶ
314 2094 411 2180 τῆσδε
434 2095 615 2179 μαχώμεθα
637 2092 691 2158 καὶ
712 2091 787 2178 περὶ
809 2090 937 2158 παίδων
957 2094 961 2177 l
981 2095 1170 2181 θνήσκωμεν
1193 2118 1270 2175 ...3
1303 2094 1357 2157 hic
1388 2097 1475 2158 enim
1505 2105 1541 2159 ut

142 2210 216 2285 post
230 2199 342 2280 verba,
367 2220 451 2283 quae
467 2207 542 2261 sunt
558 2196 745 2282 θαυμάζειν,
762 2196 932 2283 μεγαίρειν,
956 2219 1059 2281 paene
1075 2200 1108 2260 in
1124 2200 1191 2261 vim
1215 2199 1378 2263 causalem
1399 2200 1430 2263 εἰ
1452 2198 1540 2263 abiit.
1645 2210 1647 2215 '

144 2305 199 2390 qui
218 2325 296 2368 usus
312 2324 409 2387 saepe
425 2302 513 2386 apud
536 2303 710 2386 scriptores
733 2302 849 2366 atticos
872 2302 1046 2381 invenitur,
1064 2324 1261 2388 quamquam
1277 2303 1321 2366 illi
1337 2303 1370 2368 εἴ
1387 2327 1429 2387 γε,
1446 2297 1475 2368 εἰ
1491 2304 1540 2390 δή,

144 2407 259 2473 similia
274 2406 439 2491 praeferre
455 2404 568 2487 solent,
589 2427 695 2490 neque
711 2427 731 2468 a
746 2405 882 2468 Homeri
899 2406 1096 2469 carminibus
1111 2406 1208 2490 plane
1224 2406 1347 2470 alienus
1371 2416 1434 2489 σείς
1458 2408 1540 2471 simi-

142 2514 207 2577 lem
227 2514 313 2576 enim
332 2513 398 2574 vim
423 2511 453 2575 εἰ
473 2512 510 2599 δή
531 2516 570 2575 Λ
586 2510 628 2574 59
638 2532 707 2595 sqq.
725 2509 838 2574 habet:
869 2504 1025 2599 Ἀτρείδη,
1042 2520 1095 2575 νῦν
1110 2512 1195 2596 ἄμμε
1209 2510 1542 2595 παλιμπλαγχθέντας

143 2615 213 2701 dial
225 2618 277 2704 tp
291 2619 533 2702 ἀπονοστήσειν,
548 2614 581 2679 εἲ
588 2639 642 2679 κεν
656 2617 801 2680 θάνατόν
815 2637 849 2699 με
865 2616 1026 2700 φύγοιμεν,
1042 2616 1045 2683 Ι
1058 2616 1088 2679 εἰ
1104 2616 1142 2704 δὴ
1158 2615 1239 2699 ὁμοῦ
1253 2618 1393 2701 πόλεμός
1404 2640 1438 2681 τε
1455 2617 1542 2703 δαμᾷ

142 2721 198 2789 καὶ
212 2722 324 2807 λοιμὸς
337 2716 495 2802 Ἀχαιούς.
526 2719 683 2783 hactenus
706 2719 747 2783 de
771 2719 906 2803 singulis
929 2719 1017 2785 locis.
1057 2720 1196 2806 vidimus
1217 2720 1287 2784 aliis
1310 2719 1406 2785 rebus
1430 2730 1541 2806 poetas

144 2827 305 2910 elegiacos
333 2848 407 2890 cum
430 2826 573 2889 Homero
604 2826 794 2901 consentire,
827 2823 897 2887 aliis
928 2823 970 2887 ab
994 2845 1031 2887 eo
1056 2823 1251 2908 discrepare.
1297 2824 1374 2888 illuc
1405 2834 1541 2910 spectat,

144 2930 230 3017 quod
258 2952 357 3016 saepe
384 2938 420 2993 ut
442 2930 605 2993 Homerus
627 2929 658 2993 εἰ
680 2951 754 2993 cum
777 2930 985 2992 coniunctivo
1008 2929 1208 3013 coniungunt
1234 2929 1394 3014 particula
1416 2930 1542 2995 dvsnon

144 3036 282 3100 adiecta.
328 3036 383 3119 qui
406 3057 494 3119 usus,
518 3036 545 3097 si
571 3055 725 3097 versuum
755 3055 927 3097 numerum
957 3035 1105 3119 respicis,
1141 3034 1229 3119 apud
1259 3056 1312 3099 eos
1343 3033 1543 3119 frequentior

144 3139 226 3205 adeo
254 3148 311 3220 est,
341 3162 414 3203 cum
442 3147 489 3202 tot
515 3138 582 3201 fere
609 3138 671 3201 loci
702 3147 814 3201 extent
842 3147 919 3223 quot
945 3138 1032 3223 apud
1056 3138 1246 3203 Homerum.
1292 3139 1379 3224 quod
1409 3138 1451 3202 ad
1480 3137 1542 3202 hoc

144 3244 278 3327 adtinet,
306 3243 395 3328 apud
424 3253 535 3328 poetas
564 3243 723 3327 elegiacos
751 3244 917 3306 enuntiata
938 3244 1061 3325 omnia,
1086 3264 1168 3327 quae
1190 3266 1210 3307 a
1233 3244 1393 3328 particula
1415 3243 1445 3307 εἰ
1466 3243 1542 3305 inci-

144 3353 247 3435 piunt,
270 3349 464 3413 secundaria
479 3358 570 3434 nsunt,
593 3348 682 3432 apud
702 3348 879 3412 Homerum
902 3349 934 3410 in
957 3349 1069 3433 primis
1091 3349 1125 3410 in
1146 3347 1252 3415 Iliade
1272 3347 1360 3412 haud
1382 3369 1455 3411 raro
1477 3368 1541 3410 non

145 3466 211 3520 tam
234 3456 458 3519 condicionem
481 3474 579 3537 quam
602 3452 645 3537 id,
669 3451 756 3536 quod
779 3454 850 3537 quis
874 3461 973 3537 optat,
998 3451 1190 3535 significant.
1236 3461 1404 3537 praeterea
1426 3450 1543 3516 multas

145 3559 332 3645 particulas,
355 3580 438 3643 quae
461 3557 503 3621 ab
520 3558 663 3621 Homero
685 3578 782 3642 saepe
798 3556 934 3621 voculae
950 3556 979 3621 εἰ
1002 3556 1174 3637 adduntur,
1198 3556 1289 3620 velut
1303 3554 1364 3641 πέρ
1389 3556 1543 3642 (excepto

145 3663 296 3749 Xenoph.
314 3684 344 3726 v.
362 3663 391 3740 7,
408 3662 454 3748 4),
477 3660 521 3745 γέ,
546 3662 593 3748 δή,
617 3661 706 3746 apud
728 3670 841 3745 poetas
858 3660 1018 3744 elegiacos
1042 3660 1161 3725 frustra
1178 3683 1324 3746 quaeras.
1349 3661 1433 3725 adde
1458 3660 1544 3746 quod

146 3790 305 3853 nusquam
329 3768 358 3832 εἰ
381 3767 420 3832 ἄν
447 3776 479 3830 et
505 3765 538 3831 εἷ’
555 3765 641 3851 κενῑ)
673 3787 747 3828 curn
778 3766 983 3829 coniunctivo
1015 3767 1253 3848 coniunguntur
1277 3764 1427 3851 quodque
1456 3765 1544 3849 apud

147 3872 310 3955 Solonem,
340 3880 376 3935 ut
403 3892 500 3956 saepe
530 3869 618 3954 apud
640 3868 781 3950 Atticos,
810 3869 861 3933 bis
891 3870 921 3935 εἰ
947 3893 966 3933 a
996 3868 1115 3946 verbis,
1146 3869 1264 3955 quibus
1291 3870 1388 3934 animi
1412 3869 1544 3954 quidam

146 3987 251 4043 motus
275 3975 483 4061 significatur,
506 3975 637 4060 pendet,
661 3995 821 4058 nusquam
842 3974 931 4060 apud
954 3975 1142 4037 Homerum.

249 4081 426 4145 Enuntiata
446 4079 614 4143 relativa
636 4078 773 4143 vocibus
788 4077 832 4160 δ’ς,
857 4080 954 4159 ὅστις,
978 4080 1052 4144 ὅστε
1070 4078 1277 4143 inducuntur.
1316 4078 1359 4143 ad
1383 4100 1464 4164 quas
1487 4099 1544 4142 eae

146 4188 269 4252 formae
299 4186 497 4271 pronominis
526 4184 559 4265 ὁ,
581 4187 615 4272 ἡ,
638 4186 677 4249 ιό
704 4182 876 4267 accedunt,
900 4204 985 4268 quae
1008 4205 1028 4246 a
1050 4182 1156 4246 littera
1178 4206 1197 4247 ι
1219 4183 1389 4267 incipiunt,
1418 4191 1450 4244 et
1477 4183 1545 4260 δ’νις

148 4292 296 4374 Theogn.
321 4288 393 4355 676.
439 4297 475 4352 ut
501 4290 566 4352 iam
599 4288 639 4353 de
669 4288 838 4352 modorum
868 4310 929 4351 usu
959 4308 1134 4373 exponam,
1164 4286 1259 4371 longe
1290 4287 1436 4373 plurimis
1466 4285 1544 4350 locis

252 4450 272 4513 ¹)
291 4448 381 4498 Etiam
404 4448 432 4496 in
455 4447 565 4513 apodosi
588 4447 635 4497 κέν
652 4447 815 4496 rarissimum
835 4449 884 4508 est,
903 4460 963 4494 cum
982 4443 1016 4495 dv
1034 4444 1155 4495 adhiberi
1173 4444 1266 4495 soleat.
1294 4443 1341 4494 sed
1363 4442 1432 4493 illud
1450 4448 1545 4508 quater

147 4538 218 4603 apud
236 4536 359 4602 Xenoph.
378 4538 402 4599 2,
416 4537 499 4600 bsqq.
517 4537 546 4583 in
563 4533 644 4599 longo
662 4533 804 4583 verborum
823 4531 935 4595 ambitu,
954 4536 1093 4598 praeterea
1110 4532 1181 4597 apud
1200 4532 1384 4597 Theognidem
1403 4532 1462 4594 641,
1482 4532 1542 4594 996,

150 4624 343 4690 11781egitur3
360 4621 465 4673 accedit
481 4621 601 4672 eiusdem
613 4637 638 4672 v.
652 4623 711 4684 645,
731 4636 783 4685 quo
801 4619 861 4669 loco
880 4635 927 4685 pro
946 4620 1046 4685 protasi
1063 4622 1233 4686 participium
1252 4619 1401 4669 adhibitum
1414 4624 1462 4669 est.
