3392 5067
1384 192 1477 293 *aa

77 419 191 499 tuerit,
215 438 290 481 nam
313 425 541 504 praeterquam
564 420 650 505 quod
673 419 891 505 Agrippinam
913 421 946 482 in
964 438 1059 482 mare
1082 418 1241 483 deiectam
1264 422 1366 483 servis
1390 421 1478 484 adiu·

77 522 235 587 vantibus
250 522 357 587 nando
374 532 536 587 servatam
554 546 624 587 esse
645 533 677 587 et
693 547 712 587 a
727 524 841 588 Tacito
863 532 895 587 et
910 522 952 587 ab
969 522 1128 587 Octaviae
1144 525 1302 608 scriptore
1317 533 1477 606 narratur,

78 628 165 690 inter
187 628 355 713 utriusque
379 629 544 714 scriptoris
567 628 669 693 verba
691 628 779 693 nulla
801 628 975 693 similitudo
1002 628 1184 692 intercedit.
1242 636 1351 691 tamen
1373 630 1400 691 is
1423 631 1479 713 qui

79 730 166 794 hanc
193 730 337 795 fabulam
367 733 557 817 conscripsit
584 754 648 797 non
677 735 796 816 omnia,
826 754 909 818 quae
937 730 979 795 ab
1003 731 1108 796 Taciti
1135 733 1318 796 narratione
1348 732 1479 797 diversa

80 844 166 919 sunt,
189 834 324 899 finxisse
345 836 483 901 videtur.
518 836 656 919 legimus
679 838 765 901 enim
787 836 875 922 apud
898 836 1038 900 Dionem
1060 834 1080 898 l.
1098 857 1125 899 c.
1150 835 1244 899 haec:
1267 838 1428 917 παρέδωκεν
1448 835 1478 922 (ὁ

82 939 193 1023 Νέρων)
217 944 298 1017 αθτὴν
320 941 380 1025 (τὴν
396 942 586 1027 Ἀγριππῖνον)
603 946 734 1021 Ἀνικητῳ
758 944 935 1023 ἀπελευθέρῳ
958 946 996 1015 ὡς
1018 942 1066 1002 καὶ
1087 947 1223 1017 κομιοῦνιι
1246 942 1346 1002 οἴκαδε
1370 941 1414 1002 ἐπὶ
1432 948 1479 1003 τοῦ

81 1042 180 1107 πλοίου
203 1040 233 1105 οὗ
255 1044 460 1107 κατεσκευάκει.
485 1046 552 1107 ἀλλ’
565 1049 595 1109 ob
618 1048 672 1128 γὰρ
694 1048 812 1127 ἤνεγκεν
827 1050 844 1123 ἡ
862 1048 988 1107 θάλασσα
1009 1046 1059 1124 σὴν
1083 1046 1241 1120 μέλλουσαν
1265 1047 1307 1106 ἐπ’
1321 1048 1387 1129 αὕτη
1411 1069 1479 1127 τρα-

81 1150 185 1229 γῳδίαν
202 1148 320 1233 ἔσεσθαι,
337 1152 394 1211 οὔδ’
403 1153 530 1227 ὑπέμεινε
545 1154 593 1229 τὴν
610 1152 792 1230 ψευδολογίαν
807 1158 856 1227 τῆς
872 1151 1059 1230 ἀνοσιουργίας
1082 1148 1273 1229 ἀναδέξασθαι,
1298 1151 1410 1228 διελύθη
1426 1152 1477 1226 μὲν

81 1255 181 1327 ἡναῦς
208 1254 254 1314 καὶ
277 1257 294 1330 ἡ
318 1256 483 1337 Ἀγριππῖνα
511 1258 541 1328 ἐς
567 1258 597 1317 rb
620 1257 691 1337 θδωρ
721 1254 859 1335 ἐξέπεσεν,
883 1258 913 1315 dr
941 1259 1032 1331 μέντοι
1054 1254 1101 1315 καὶ
1124 1256 1268 1334 ἀπέθανεν,
1292 1252 1369 1317 ἀλλά
1390 1256 1478 1316 καίτοι

82 1357 127 1417 καὶ
152 1360 181 1417 ἐν
204 1360 292 1439 σκότῳ
314 1358 361 1420 καὶ
384 1360 514 1441 διακορὴς
537 1363 624 1437 μέθης
646 1359 722 1441 οὖσα,
745 1368 799 1420 τῶν
822 1382 852 1419 τε
874 1366 977 1420 ναυτῶν
992 1364 1052 1431 ταῖς
1073 1362 1180 1431 κώπαις
1203 1358 1245 1418 ἐπ’
1259 1361 1341 1435 αθτὴν
1363 1365 1478 1441 χρωμέ-

83 1484 144 1542 νων,
169 1454 310 1524 ὥστεκαὶ
334 1463 514 1545 Ἀκερρωνίαν
537 1467 654 1526 Πὸλλαν
681 1466 729 1541 τὴν
756 1467 896 1540 σύμπλουν
919 1466 1001 1539 αἰνσής
1029 1460 1193 1547 ἀποκτεῖναι,
1222 1465 1347 1542 διεσώθη.
1392 1465 1479 1549 apud

84 1564 223 1629 Dionem
245 1567 344 1649 igitur
366 1569 459 1631 navis
482 1567 577 1651 illius,
602 1568 703 1633 ‘cuius
726 1590 801 1653 pars
825 1570 944 1652 ipsein
960 1570 1041 1632 mari
1063 1590 1123 1653 per
1137 1577 1240 1632 artem
1263 1568 1365 1631 soluta
1381 1570 1481 1633 effun-

84 1670 174 1734 deret
202 1670 390 1759 ignaram’1)
418 1672 648 1758 Agrippinam,
677 1673 841 1737 dissolutio
870 1675 979 1736 statim
1006 1672 1042 1735 fit
1065 1673 1180 1737 eodem
1206 1673 1313 1754 modo,
1341 1695 1405 1759 quo
1427 1696 1480 1737 res

84 1776 115 1837 in
132 1775 274 1841 Octavia
296 1785 454 1841 narratur.
489 1787 598 1841 tamen
613 1777 678 1841 Dio
701 1799 829 1863 quoque
851 1776 1006 1842 nonnulla
1027 1776 1135 1859 tradit,
1159 1799 1242 1861 quae
1265 1778 1307 1841 ab
1323 1775 1480 1841 Octaviae

84 1881 241 1965 scriptore
263 1903 329 1946 non
352 1866 653 1947 commemorantur:
677 1883 777 1947 veluti
800 1881 889 1967 apud
911 1904 985 1946 eum
1001 1881 1157 1946 Anicetus
1180 1883 1257 1945 navi
1279 1882 1325 1946 illi
1348 1904 1481 1968 praepo-

85 1986 163 2049 situs
187 1994 245 2062 est,
275 1989 367 2051 cuius
394 1989 440 2052 rei
463 1990 497 2052 in
520 1986 659 2052 Octavia
680 1986 770 2053 nulla
797 1987 833 2051 fir
856 1989 986 2071 mentio,
1011 2009 1206 2073 quamquam
1230 2010 1282 2050 vv.
1301 1986 1363 2050 366
1377 2009 1424 2071 sq.
1448 1990 1481 2051 in

84 2111 163 2153 nece
179 2090 383 2177 Agrippinae
404 2092 620 2157 describenda
635 2092 793 2157 Anicetus
816 2094 936 2178 apertis
952 2092 1064 2155 verbis
1087 2092 1296 2176 significatur.
1331 2092 1418 2155 idem
1441 2094 1481 2155 de

84 2193 199 2258 Tacito
223 2195 430 2260 statuendum
446 2206 503 2260 est.
528 2196 645 2261 deinde
665 2219 749 2260 unus
774 2196 835 2259 Dio
860 2205 969 2260 narrat
985 2195 1202 2282 Agrippinam
1225 2195 1349 2259 ebriam
1370 2196 1481 2278 fuisse,

87 2320 161 2362 cum
183 2298 217 2361 in
240 2320 330 2362 mare
353 2300 544 2365 deiceretur.
577 2323 619 2365 ex
644 2300 846 2386 Agrippinae
872 2300 1043 2363 comitibus
1062 2309 1181 2377 autem,
1206 2322 1343 2385 quorum
1364 2300 1483 2363 multos

86 2404 246 2466 interiisse
269 2402 430 2467 Octaviae
454 2407 591 2491 scriptor
613 2414 733 2487 narrat,
757 2405 821 2469 Dio
848 2404 1047 2469 Acerroniae
1069 2414 1197 2469 tantum
1219 2406 1416 2469 mentionem
1439 2406 1484 2468 in-

86 2509 152 2587 icit,
177 2505 218 2570 de
236 2501 409 2593 'Crepereio
424 2509 478 2574 illo
495 2509 628 2595 aliisque
651 2509 731 2573 nihil
748 2512 942 2595 comperisse
958 2509 1097 2574 videtur.
1129 2531 1213 2595 quae
1234 2510 1260 2573 si
1280 2510 1481 2595 respicimus,

87 2620 267 2675 statuamus
290 2635 423 2677 necesse
447 2623 496 2677 est
518 2636 623 2700 neque
645 2615 679 2678 in
695 2614 801 2679 Taciti
823 2636 928 2700 neque
951 2616 983 2677 in
1004 2614 1119 2678 Dionis
1142 2612 1301 2697 naufragii
1324 2612 1408 2676 illius
1431 2613 1482 2675 de-

86 2716 261 2801 scriptione
278 2719 452 2803 quicquam
466 2720 582 2800 inesse,
606 2719 693 2803 quod
710 2718 921 2805 comprobare
944 2719 1046 2802 possit
1062 2716 1219 2782 Octaviae
1243 2717 1433 2801 scriptorem
1451 2719 1483 2779 iu

86 2841 125 2883 ea
148 2842 184 2883 re
208 2821 425 2886 describenda
448 2823 552 2886 Taciti
574 2822 628 2888 vel
651 2822 799 2908 Dionis2)
823 2824 1040 2887 narrationem
1064 2831 1228 2907 tamquam
1251 2821 1372 2885 iontem
1395 2820 1483 2885 adhi-

86 2924 206 2989 buisse.
235 2946 341 3011 neque
363 2926 398 2989 id
420 2926 561 2991 discerni
584 2936 699 3011 potest,
722 2929 824 2990 utrius
848 2928 1013 3013 scriptoris
1035 2926 1177 2990 narratio
1201 2947 1275 2989 cum
1297 2925 1484 3010 descriptio-

87 3051 137 3111 ne,
162 3050 247 3114 quae
271 3032 305 3092 in
324 3028 463 3095 Octavia
485 3039 584 3112 extat,
609 3033 762 3096 maiorem
785 3032 1029 3096 similitudinem
1052 3030 1182 3094 habeat.
1212 3032 1246 3093 in
1269 3050 1308 3093 ea
1331 3030 1415 3094 enim
1438 3052 1483 3106 re,

87 3154 171 3216 quae
195 3135 389 3216 gravissima
404 3142 462 3215 est,
486 3135 572 3219 quod
589 3134 754 3199 dissolutio
777 3137 871 3199 navis
888 3136 995 3198 statim
1014 3134 1059 3217 fit,
1083 3132 1242 3224 Octaviae
1258 3136 1395 3220 scriptor
1411 3157 1485 3198 cum

87 3236 194 3300 Dione
219 3239 378 3302 consentit
400 3248 513 3303 contra
527 3238 688 3321 Tacitum,
711 3240 745 3302 in
761 3238 900 3303 Octavia
921 3260 998 3301 vero
1022 3238 1136 3302 eodem
1159 3237 1255 3301 modo
1278 3247 1375 3322 atque
1395 3237 1484 3322 apud

86 3340 238 3405 Tacitum
261 3340 444 3427 Agrippina
467 3364 531 3406 non
555 3343 716 3429 extemplo
739 3346 772 3407 in
795 3365 885 3407 mare
907 3343 1029 3423 incidit,
1053 3341 1140 3426 quod
1163 3341 1227 3405 Dio
1250 3341 1359 3406 tradit.
1397 3341 1486 3406 nulla

85 3447 186 3529 igitur
213 3447 398 3513 imitationis
421 3449 559 3531 vestigia
586 3448 717 3529 adsunt,
747 3450 845 3512 immo
874 3470 917 3511 ex
943 3448 1086 3512 locorum
1109 3448 1360 3531 comparatione,
1388 3468 1486 3530 quam

86 3552 298 3632 instituimus,
330 3559 480 3635 apertum
509 3573 579 3616 esse
607 3560 685 3637 puto
713 3550 871 3618 Octaviae
900 3554 1090 3637 scriptorem
1118 3554 1151 3614 in
1178 3550 1348 3634 naufragio
1375 3551 1486 3636 depin-

85 3655 194 3739 gendo
226 3676 287 3719 nec
309 3655 461 3719 Tacitum
491 3678 553 3720 nec
576 3656 716 3721 Dionem
748 3666 895 3721 secutum
927 3680 1007 3721 esse.
1043 3678 1118 3721 nam
1148 3658 1175 3719 si
1199 3656 1270 3740 quis
1294 3654 1382 3739 quod
1408 3656 1486 3719 fecit

85 3760 200 3823 Braun
215 3758 250 3823 id
266 3761 386 3841 statuit,
403 3759 501 3824 debet
517 3760 692 3846 explicare,
710 3783 767 3825 cur
782 3762 809 3823 is
825 3783 877 3824 res
893 3760 985 3826 aliter
1000 3760 1202 3844 confinxerit,
1220 3781 1287 3841 cur,
1304 3761 1331 3822 si
1343 3760 1486 3824 omnium

84 3884 197 3928 rerum
220 3864 367 3928 notitiam
390 3886 432 3927 ex
459 3864 520 3928 illis
548 3874 673 3929 tantum
696 3865 908 3951 scriptoribus
931 3866 1085 3944 hauserit,
1108 3864 1310 3949 Agrippinae
1333 3863 1485 3950 vulneris,

85 3967 243 4053 Creperei
267 3976 300 4031 et
316 3968 513 4033 Acerroniae
530 3970 649 4051 caedis,
675 3992 825 4056 quaeres
848 3970 891 4034 ad
915 3993 1074 4035 summam
1097 3970 1235 4034 Neronis
1259 3966 1485 4033 crudelitatem

84 4071 331 4158 depingendam
354 4075 540 4157 aptissimae
563 4084 666 4156 erant,
691 4096 754 4137 non
775 4074 896 4138 diserte
919 4077 1115 4139 mentionem
1138 4072 1261 4137 fecerit.
1286 4071 1366 4134 nihil
1388 4075 1487 4157 igitur

82 4181 116 4242 in
133 4178 186 4243 his
201 4178 285 4240 inest
301 4197 363 4260 quo
380 4178 609 4262 comprobetur
624 4178 708 4243 hanc
724 4178 869 4243 fabulam
892 4179 1121 4264 posterioribus
1137 4179 1267 4244 demum
1285 4180 1485 4265 temporibus

194 4442 214 4505 ¹)
234 4440 302 4491 Sunt
323 4441 411 4491 Taciti
430 4442 512 4491 verba
530 4440 599 4491 Anu.
620 4406 699 4491 nnn
711 4446 735 4492 3.

192 4528 214 4593 2)
234 4528 444 4594 Discrepantias,
467 4544 537 4593 quae
555 4532 625 4579 inter
647 4530 735 4580 Taciti
758 4536 785 4578 st
810 4531 905 4580 Dionis
927 4531 1061 4597 naufragii
1084 4531 1277 4595 descriptiones
1299 4530 1479 4592 intercedunt,

82 4614 203 4667 Schillsr
221 4630 246 4679 p.
260 4616 293 4663 39
312 4614 468 4679 explicavit.
