<?xml version="1.0" encoding="UTF-8"?>
<!DOCTYPE html PUBLIC "-//W3C//DTD XHTML 1.0 Transitional//EN"
    "http://www.w3.org/TR/xhtml1/DTD/xhtml1-transitional.dtd">
<html xmlns="http://www.w3.org/1999/xhtml" xml:lang="en" lang="en">
 <head>
  <title>
</title>
<meta http-equiv="Content-Type" content="text/html;charset=utf-8" />
  <meta name='ocr-system' content='tesseract 3.04.00' />
  <meta name='ocr-capabilities' content='ocr_page ocr_carea ocr_par ocr_line ocrx_word'/>
</head>
<body>
  <div class='ocr_page' id='page_1' title='image "./dissertationesp04wiengoog_0142.png"; bbox 0 0 3392 5067; ppageno 0'>
   <div class='ocr_carea' id='block_1_1' title="bbox 1468 222 1527 288">
    <p class='ocr_par' dir='ltr' id='par_1_1' title="bbox 1468 222 1527 288">
     <span class='ocr_line' id='line_1_1' title="bbox 1468 222 1527 288; baseline 0 -1"><span class='ocrx_word' id='word_1_1' title='bbox 1468 222 1527 288; x_wconf 89' lang='grc'>131</span> 
     </span>
    </p>
   </div>
   <div class='ocr_carea' id='block_1_2' title="bbox 121 412 1622 4744">
    <p class='ocr_par' dir='ltr' id='par_1_2' title="bbox 121 412 1529 1234">
     <span class='ocr_line' id='line_1_2' title="bbox 229 412 1525 501; baseline 0.001 -25"><span class='ocrx_word' id='word_1_2' title='bbox 229 412 331 476; x_wconf 90' lang='lat' dir='ltr'>Porro</span> <span class='ocrx_word' id='word_1_3' title='bbox 351 414 440 498; x_wconf 89' lang='lat' dir='ltr'>apud</span> <span class='ocrx_word' id='word_1_4' title='bbox 455 413 679 497; x_wconf 88' lang='lat' dir='ltr'>Theognidem</span> <span class='ocrx_word' id='word_1_5' title='bbox 700 415 758 497; x_wconf 79' lang='lat' dir='ltr'>bis,</span> <span class='ocrx_word' id='word_1_6' title='bbox 782 417 838 480; x_wconf 92' lang='lat' dir='ltr'>ubi</span> <span class='ocrx_word' id='word_1_7' title='bbox 856 420 1055 479; x_wconf 87' lang='lat' dir='ltr'>enuntiatum</span> <span class='ocrx_word' id='word_1_8' title='bbox 1071 416 1207 481; x_wconf 84' lang='lat' dir='ltr'>subiecti</span> <span class='ocrx_word' id='word_1_9' title='bbox 1223 417 1293 480; x_wconf 88' lang='lat' dir='ltr'>loco</span> <span class='ocrx_word' id='word_1_10' title='bbox 1310 418 1449 501; x_wconf 83' lang='lat' dir='ltr'>positum</span> <span class='ocrx_word' id='word_1_11' title='bbox 1467 424 1525 498; x_wconf 86' lang='lat' dir='ltr'>est,</span> 
     </span>
     <span class='ocr_line' id='line_1_3' title="bbox 122 515 1525 609; baseline 0.004 -29"><span class='ocrx_word' id='word_1_12' title='bbox 122 515 256 601; x_wconf 90' lang='lat' dir='ltr'>pluralis</span> <span class='ocrx_word' id='word_1_13' title='bbox 279 519 383 581; x_wconf 89' lang='lat' dir='ltr'>forma</span> <span class='ocrx_word' id='word_1_14' title='bbox 405 518 559 581; x_wconf 88' lang='lat' dir='ltr'>adiectivi</span> <span class='ocrx_word' id='word_1_15' title='bbox 582 519 708 601; x_wconf 85' lang='lat' dir='ltr'>legitur,</span> <span class='ocrx_word' id='word_1_16' title='bbox 732 520 793 583; x_wconf 98' lang='grc'>731</span> <span class='ocrx_word' id='word_1_17' title='bbox 808 544 855 605; x_wconf 89' lang='lat' dir='ltr'>sq.</span> <span class='ocrx_word' id='word_1_18' title='bbox 880 528 942 585; x_wconf 88' lang='grc' dir='ltr'>Ζεῦ</span> <span class='ocrx_word' id='word_1_19' title='bbox 964 526 1075 606; x_wconf 89' lang='grc' dir='ltr'><em>πάτερ,</em></span> <span class='ocrx_word' id='word_1_20' title='bbox 1099 520 1171 586; x_wconf 79' lang='grc' dir='ltr'><em>ε’ίθε</em></span> <span class='ocrx_word' id='word_1_21' title='bbox 1193 518 1316 604; x_wconf 80' lang='grc' dir='ltr'><em>γένοιτο</em></span> <span class='ocrx_word' id='word_1_22' title='bbox 1332 526 1425 599; x_wconf 94' lang='grc' dir='ltr'><em>θεοῖς</em></span> <span class='ocrx_word' id='word_1_23' title='bbox 1447 517 1525 609; x_wconf 89' lang='grc' dir='ltr'><em>φίλα</em></span> 
     </span>
     <span class='ocr_line' id='line_1_4' title="bbox 121 622 1528 708; baseline 0.003 -24"><span class='ocrx_word' id='word_1_24' title='bbox 121 627 193 699; x_wconf 88' lang='grc' dir='ltr'><em>τοῖς</em></span> <span class='ocrx_word' id='word_1_25' title='bbox 214 624 272 706; x_wconf 82' lang='grc' dir='ltr'><em>μέν</em></span> <span class='ocrx_word' id='word_1_26' title='bbox 294 622 434 708; x_wconf 79' lang='grc' dir='ltr'><em>ἀλιτροῖς</em></span> <span class='ocrx_word' id='word_1_27' title='bbox 453 626 458 701; x_wconf 81' lang='lat' dir='ltr'>l</span> <span class='ocrx_word' id='word_1_28' title='bbox 477 627 569 705; x_wconf 78' lang='grc' dir='ltr'><em>άβριν</em></span> <span class='ocrx_word' id='word_1_29' title='bbox 591 625 680 689; x_wconf 80' lang='grc' dir='ltr'><em>ἁδεῖν</em></span> <span class='ocrx_word' id='word_1_30' title='bbox 701 675 708 688; x_wconf 92' lang='grc'><strong>.</strong></span> <span class='ocrx_word' id='word_1_31' title='bbox 726 675 734 689; x_wconf 89' lang='grc'><strong>.</strong></span> <span class='ocrx_word' id='word_1_32' title='bbox 751 676 784 704; x_wconf 92' lang='grc'>.,</span> <span class='ocrx_word' id='word_1_33' title='bbox 807 624 871 688; x_wconf 79' lang='grc'>559</span> <span class='ocrx_word' id='word_1_34' title='bbox 895 647 937 688; x_wconf 86' lang='lat' dir='ltr'>ex</span> <span class='ocrx_word' id='word_1_35' title='bbox 961 627 1146 689; x_wconf 83' lang='lat' dir='ltr'>coniectura</span> <span class='ocrx_word' id='word_1_36' title='bbox 1167 624 1270 689; x_wconf 82' lang='lat' dir='ltr'>Geclii</span> <span class='ocrx_word' id='word_1_37' title='bbox 1293 664 1329 671; x_wconf 91' lang='lat'><em>-</em></span> <span class='ocrx_word' id='word_1_38' title='bbox 1352 625 1427 688; x_wconf 89' lang='lat' dir='ltr'>libri</span> <span class='ocrx_word' id='word_1_39' title='bbox 1442 627 1528 689; x_wconf 89' lang='lat' dir='ltr'>enim</span> 
     </span>
     <span class='ocr_line' id='line_1_5' title="bbox 123 725 1528 817; baseline 0.003 -29"><span class='ocrx_word' id='word_1_40' title='bbox 123 727 207 789; x_wconf 84' lang='grc' dir='ltr'><em>ὥστε</em></span> <span class='ocrx_word' id='word_1_41' title='bbox 237 725 395 809; x_wconf 83' lang='lat' dir='ltr'>praebent</span> <span class='ocrx_word' id='word_1_42' title='bbox 418 764 460 773; x_wconf 90' lang='lat'>-—</span> <span class='ocrx_word' id='word_1_43' title='bbox 482 727 590 813; x_wconf 80' lang='grc' dir='ltr'><em>λῷστά</em></span> <span class='ocrx_word' id='word_1_44' title='bbox 614 750 650 793; x_wconf 88' lang='grc' dir='ltr'>σε</span> <span class='ocrx_word' id='word_1_45' title='bbox 672 730 751 815; x_wconf 79' lang='grc' dir='ltr'><em>μήτε</em></span> <span class='ocrx_word' id='word_1_46' title='bbox 773 727 843 817; x_wconf 95' lang='grc' dir='ltr'><em>λίην</em></span> <span class='ocrx_word' id='word_1_47' title='bbox 870 732 986 817; x_wconf 78' lang='grc' dir='ltr'><em>ἀφνεὸν</em></span> <span class='ocrx_word' id='word_1_48' title='bbox 1007 734 1172 794; x_wconf 88' lang='grc' dir='ltr'><em>κτεάτεσσι</em></span> <span class='ocrx_word' id='word_1_49' title='bbox 1200 727 1361 813; x_wconf 81' lang='grc' dir='ltr'><em>γενέσθαι.</em></span> <span class='ocrx_word' id='word_1_50' title='bbox 1408 730 1441 791; x_wconf 93' lang='lat' dir='ltr'>in</span> <span class='ocrx_word' id='word_1_51' title='bbox 1463 729 1528 792; x_wconf 91' lang='lat' dir='ltr'>Ho-</span> 
     </span>
     <span class='ocr_line' id='line_1_6' title="bbox 123 830 1528 918; baseline 0.002 -26"><span class='ocrx_word' id='word_1_52' title='bbox 123 830 204 892; x_wconf 84' lang='lat' dir='ltr'><strong>meri</strong></span> <span class='ocrx_word' id='word_1_53' title='bbox 227 840 336 893; x_wconf 89' lang='lat' dir='ltr'>autem</span> <span class='ocrx_word' id='word_1_54' title='bbox 357 832 555 896; x_wconf 83' lang='lat' dir='ltr'><strong>carminibus</strong></span> <span class='ocrx_word' id='word_1_55' title='bbox 578 833 655 896; x_wconf 86' lang='lat' dir='ltr'>talia</span> <span class='ocrx_word' id='word_1_56' title='bbox 678 833 829 918; x_wconf 86' lang='lat' dir='ltr'>exempla</span> <span class='ocrx_word' id='word_1_57' title='bbox 852 836 990 897; x_wconf 88' lang='lat' dir='ltr'>inveniri</span> <span class='ocrx_word' id='word_1_58' title='bbox 1013 833 1239 917; x_wconf 80' lang='lat' dir='ltr'>Naegelsbach</span> <span class='ocrx_word' id='word_1_59' title='bbox 1257 835 1299 897; x_wconf 92' lang='lat' dir='ltr'>ad</span> <span class='ocrx_word' id='word_1_60' title='bbox 1315 833 1345 895; x_wconf 84' lang='lat' dir='ltr'><em>A</em></span> <span class='ocrx_word' id='word_1_61' title='bbox 1364 833 1423 896; x_wconf 88' lang='grc'>107</span> <span class='ocrx_word' id='word_1_62' title='bbox 1440 842 1528 897; x_wconf 88' lang='lat' dir='ltr'>recte</span> 
     </span>
     <span class='ocr_line' id='line_1_7' title="bbox 124 935 1527 1026; baseline 0.004 -30"><span class='ocrx_word' id='word_1_63' title='bbox 124 936 271 1017; x_wconf 81' lang='lat' dir='ltr'>negavit3</span> <span class='ocrx_word' id='word_1_64' title='bbox 296 956 371 997; x_wconf 91' lang='lat' dir='ltr'>nam</span> <span class='ocrx_word' id='word_1_65' title='bbox 394 936 480 1019; x_wconf 91' lang='lat' dir='ltr'>quod</span> <span class='ocrx_word' id='word_1_66' title='bbox 501 961 518 1021; x_wconf 91' lang='grc' dir='ltr'><em>ρ</em></span> <span class='ocrx_word' id='word_1_67' title='bbox 542 936 581 999; x_wconf 82' lang='lat'>15</span> <span class='ocrx_word' id='word_1_68' title='bbox 602 935 621 1024; x_wconf 74' lang='grc' dir='ltr'><em>ἦ</em></span> <span class='ocrx_word' id='word_1_69' title='bbox 641 941 699 1023; x_wconf 72' lang='grc' dir='ltr'>γάρ</span> <span class='ocrx_word' id='word_1_70' title='bbox 722 938 795 1022; x_wconf 80' lang='grc' dir='ltr'><em>ἐμοί</em></span> <span class='ocrx_word' id='word_1_71' title='bbox 813 935 879 1026; x_wconf 84' lang='grc' dir='ltr'><em>φίλ’</em></span> <span class='ocrx_word' id='word_1_72' title='bbox 894 938 1019 1025; x_wconf 78' lang='grc' dir='ltr'><em>ἀληθέα</em></span> <span class='ocrx_word' id='word_1_73' title='bbox 1038 942 1253 1023; x_wconf 71' lang='grc' dir='ltr'><strong><em>μυθήσασθαι</em></strong></span> <span class='ocrx_word' id='word_1_74' title='bbox 1274 938 1400 1021; x_wconf 88' lang='lat' dir='ltr'>legitur,</span> <span class='ocrx_word' id='word_1_75' title='bbox 1424 938 1457 1001; x_wconf 91' lang='lat' dir='ltr'>id</span> <span class='ocrx_word' id='word_1_76' title='bbox 1479 959 1527 1002; x_wconf 89' lang='lat' dir='ltr'>eo·</span> 
     </span>
     <span class='ocr_line' id='line_1_8' title="bbox 124 1038 1529 1129; baseline 0.004 -28"><span class='ocrx_word' id='word_1_77' title='bbox 124 1038 200 1101; x_wconf 92' lang='lat' dir='ltr'>dem</span> <span class='ocrx_word' id='word_1_78' title='bbox 225 1039 319 1103; x_wconf 91' lang='lat' dir='ltr'>modo</span> <span class='ocrx_word' id='word_1_79' title='bbox 343 1039 573 1123; x_wconf 88' lang='lat' dir='ltr'>explicandum</span> <span class='ocrx_word' id='word_1_80' title='bbox 598 1051 656 1122; x_wconf 84' lang='lat' dir='ltr'>est,</span> <span class='ocrx_word' id='word_1_81' title='bbox 681 1064 743 1128; x_wconf 90' lang='lat' dir='ltr'>quo</span> <span class='ocrx_word' id='word_1_82' title='bbox 771 1068 787 1128; x_wconf 97' lang='grc' dir='ltr'><em>ρ</em></span> <span class='ocrx_word' id='word_1_83' title='bbox 812 1042 874 1105; x_wconf 88' lang='grc'>347</span> <span class='ocrx_word' id='word_1_84' title='bbox 899 1043 998 1121; x_wconf 85' lang='grc' dir='ltr'><em>αἰδὼς</em></span> <span class='ocrx_word' id='word_1_85' title='bbox 1022 1040 1050 1108; x_wconf 57' lang='grc' dir='ltr'>δ)</span> <span class='ocrx_word' id='word_1_86' title='bbox 1064 1047 1119 1108; x_wconf 81' lang='grc' dir='ltr'>οὐκ</span> <span class='ocrx_word' id='word_1_87' title='bbox 1142 1047 1250 1128; x_wconf 78' lang='grc' dir='ltr'><em>άγαθη</em></span> <span class='ocrx_word' id='word_1_88' title='bbox 1273 1040 1451 1129; x_wconf 78' lang='grc' dir='ltr'><em>κεχρημένῳ</em></span> <span class='ocrx_word' id='word_1_89' title='bbox 1475 1045 1529 1107; x_wconf 88' lang='grc' dir='ltr'><em>άν-</em></span> 
     </span>
     <span class='ocr_line' id='line_1_9' title="bbox 124 1142 1444 1234; baseline 0.001 -27"><span class='ocrx_word' id='word_1_90' title='bbox 124 1142 178 1227; x_wconf 87' lang='grc' dir='ltr'>δρί</span> <span class='ocrx_word' id='word_1_91' title='bbox 199 1151 348 1227; x_wconf 90' lang='grc' dir='ltr'><em>παρεῖναι</em></span> <span class='ocrx_word' id='word_1_92' title='bbox 372 1144 424 1207; x_wconf 91' lang='lat' dir='ltr'>vel</span> <span class='ocrx_word' id='word_1_93' title='bbox 447 1143 591 1228; x_wconf 82' lang='lat' dir='ltr'>Theogn.</span> <span class='ocrx_word' id='word_1_94' title='bbox 616 1145 680 1208; x_wconf 77' lang='lat'>526</span> <span class='ocrx_word' id='word_1_95' title='bbox 703 1150 722 1233; x_wconf 76' lang='grc' dir='ltr'>ἡ</span> <span class='ocrx_word' id='word_1_96' title='bbox 745 1145 838 1232; x_wconf 89' lang='grc' dir='ltr'><em>πενίη</em></span> <span class='ocrx_word' id='word_1_97' title='bbox 852 1148 896 1212; x_wconf 85' lang='grc' dir='ltr'>δέ</span> <span class='ocrx_word' id='word_1_98' title='bbox 919 1156 1005 1233; x_wconf 77' lang='grc' dir='ltr'><em>κακῷ</em></span> <span class='ocrx_word' id='word_1_99' title='bbox 1029 1148 1193 1234; x_wconf 85' lang='grc' dir='ltr'><em>σύμφορος</em></span> <span class='ocrx_word' id='word_1_100' title='bbox 1215 1146 1305 1227; x_wconf 87' lang='grc' dir='ltr'><em>άνδρί</em></span> <span class='ocrx_word' id='word_1_101' title='bbox 1327 1144 1444 1233; x_wconf 86' lang='grc' dir='ltr'><em>φέρειν.</em></span> 
     </span>
    </p>

    <p class='ocr_par' dir='ltr' id='par_1_3' title="bbox 124 1247 1622 2979">
     <span class='ocr_line' id='line_1_10' title="bbox 231 1247 1529 1336; baseline 0.002 -26"><span class='ocrx_word' id='word_1_102' title='bbox 231 1247 296 1310; x_wconf 90' lang='lat' dir='ltr'>Hic</span> <span class='ocrx_word' id='word_1_103' title='bbox 311 1247 376 1311; x_wconf 90' lang='lat' dir='ltr'>illic</span> <span class='ocrx_word' id='word_1_104' title='bbox 393 1250 488 1312; x_wconf 90' lang='lat' dir='ltr'>etiam</span> <span class='ocrx_word' id='word_1_105' title='bbox 505 1250 663 1313; x_wconf 89' lang='lat' dir='ltr'>adverbia</span> <span class='ocrx_word' id='word_1_106' title='bbox 678 1250 858 1335; x_wconf 90' lang='lat' dir='ltr'>praedicati</span> <span class='ocrx_word' id='word_1_107' title='bbox 874 1261 983 1335; x_wconf 86' lang='lat' dir='ltr'>partes</span> <span class='ocrx_word' id='word_1_108' title='bbox 1000 1251 1154 1315; x_wconf 82' lang='lat' dir='ltr'>obtinent.</span> <span class='ocrx_word' id='word_1_109' title='bbox 1183 1261 1279 1336; x_wconf 87' lang='lat' dir='ltr'>atque</span> <span class='ocrx_word' id='word_1_110' title='bbox 1295 1250 1453 1314; x_wconf 89' lang='lat' dir='ltr'>adverbia</span> <span class='ocrx_word' id='word_1_111' title='bbox 1468 1251 1529 1314; x_wconf 88' lang='lat' dir='ltr'>loci</span> 
     </span>
     <span class='ocr_line' id='line_1_11' title="bbox 124 1351 1528 1441; baseline 0.003 -29"><span class='ocrx_word' id='word_1_112' title='bbox 124 1352 279 1435; x_wconf 89' lang='lat' dir='ltr'>reperies·</span> <span class='ocrx_word' id='word_1_113' title='bbox 292 1351 436 1435; x_wconf 85' lang='lat' dir='ltr'>Theogn.</span> <span class='ocrx_word' id='word_1_114' title='bbox 459 1351 522 1415; x_wconf 80' lang='lat'>843</span> <span class='ocrx_word' id='word_1_115' title='bbox 545 1354 612 1417; x_wconf 81' lang='grc' dir='ltr'><em>ἀλλ’</em></span> <span class='ocrx_word' id='word_1_116' title='bbox 626 1354 749 1419; x_wconf 81' lang='grc' dir='ltr'><em>ὁπόταν</em></span> <span class='ocrx_word' id='word_1_117' title='bbox 767 1360 977 1440; x_wconf 68' lang='grc' dir='ltr'><em>καθύπερθεν</em></span> <span class='ocrx_word' id='word_1_118' title='bbox 996 1356 1057 1420; x_wconf 78' lang='grc' dir='ltr'><em>’έὼν</em></span> <span class='ocrx_word' id='word_1_119' title='bbox 1079 1354 1236 1440; x_wconf 77' lang='grc' dir='ltr'><em>ὑπένερθε</em></span> <span class='ocrx_word' id='word_1_120' title='bbox 1259 1352 1385 1441; x_wconf 81' lang='grc' dir='ltr'><em>γένηται</em></span> <span class='ocrx_word' id='word_1_121' title='bbox 1408 1364 1439 1419; x_wconf 90' lang='lat' dir='ltr'>et</span> <span class='ocrx_word' id='word_1_122' title='bbox 1454 1354 1528 1439; x_wconf 90' lang='grc'><strong>910,</strong></span> 
     </span>
     <span class='ocr_line' id='line_1_12' title="bbox 125 1454 1526 1543; baseline 0.004 -26"><span class='ocrx_word' id='word_1_123' title='bbox 125 1454 182 1517; x_wconf 90' lang='lat' dir='ltr'>ubi</span> <span class='ocrx_word' id='word_1_124' title='bbox 203 1454 277 1537; x_wconf 90' lang='grc' dir='ltr'><em>δίχα</em></span> <span class='ocrx_word' id='word_1_125' title='bbox 297 1456 519 1540; x_wconf 83' lang='lat' dir='ltr'>praedicative</span> <span class='ocrx_word' id='word_1_126' title='bbox 541 1457 664 1520; x_wconf 90' lang='lat' dir='ltr'>dictum</span> <span class='ocrx_word' id='word_1_127' title='bbox 684 1459 726 1521; x_wconf 88' lang='lat' dir='ltr'>ad</span> <span class='ocrx_word' id='word_1_128' title='bbox 747 1461 971 1522; x_wconf 83' lang='lat' dir='ltr'>accusativum</span> <span class='ocrx_word' id='word_1_129' title='bbox 993 1460 1146 1543; x_wconf 85' lang='lat' dir='ltr'>pertinet:</span> <span class='ocrx_word' id='word_1_130' title='bbox 1170 1457 1224 1523; x_wconf 87' lang='grc' dir='ltr'>καί</span> <span class='ocrx_word' id='word_1_131' title='bbox 1240 1456 1314 1539; x_wconf 85' lang='grc' dir='ltr'><em>δίχα</em></span> <span class='ocrx_word' id='word_1_132' title='bbox 1331 1462 1437 1540; x_wconf 79' lang='grc' dir='ltr'><em>θυμὸν</em></span> <span class='ocrx_word' id='word_1_133' title='bbox 1451 1454 1526 1539; x_wconf 72' lang='grc' dir='ltr'><em>έχω,</em></span> 
     </span>
     <span class='ocr_line' id='line_1_13' title="bbox 126 1556 1526 1651; baseline 0.004 -30"><span class='ocrx_word' id='word_1_134' title='bbox 126 1560 167 1622; x_wconf 90' lang='lat' dir='ltr'>cf.</span> <span class='ocrx_word' id='word_1_135' title='bbox 190 1558 312 1623; x_wconf 86' lang='lat' dir='ltr'>Herod.</span> <span class='ocrx_word' id='word_1_136' title='bbox 330 1560 377 1623; x_wconf 93' lang='lat' dir='ltr'>VI</span> <span class='ocrx_word' id='word_1_137' title='bbox 395 1560 456 1622; x_wconf 84' lang='lat'>109</span> <span class='ocrx_word' id='word_1_138' title='bbox 479 1562 620 1634; x_wconf 77' lang='grc' dir='ltr'><em>τοῖσιδε</em></span> <span class='ocrx_word' id='word_1_139' title='bbox 643 1558 828 1649; x_wconf 85' lang='grc' dir='ltr'><em>Ἀθηναίων</em></span> <span class='ocrx_word' id='word_1_140' title='bbox 851 1570 1056 1651; x_wconf 77' lang='grc' dir='ltr'><em>στρατηγοῖσι</em></span> <span class='ocrx_word' id='word_1_141' title='bbox 1080 1561 1220 1646; x_wconf 74' lang='grc' dir='ltr'><em>ἐγίνοντο</em></span> <span class='ocrx_word' id='word_1_142' title='bbox 1245 1560 1319 1643; x_wconf 86' lang='grc' dir='ltr'><em>δίχα</em></span> <span class='ocrx_word' id='word_1_143' title='bbox 1345 1556 1377 1625; x_wconf 81' lang='grc' dir='ltr'>αὶ</span> <span class='ocrx_word' id='word_1_144' title='bbox 1397 1572 1526 1645; x_wconf 82' lang='grc' dir='ltr'><em>γνῶμαι.</em></span> 
     </span>
     <span class='ocr_line' id='line_1_14' title="bbox 125 1664 1527 1753; baseline 0.004 -28"><span class='ocrx_word' id='word_1_145' title='bbox 125 1664 284 1728; x_wconf 88' lang='lat' dir='ltr'>adverbia</span> <span class='ocrx_word' id='word_1_146' title='bbox 306 1666 459 1749; x_wconf 88' lang='lat' dir='ltr'>temporis</span> <span class='ocrx_word' id='word_1_147' title='bbox 484 1675 596 1729; x_wconf 84' lang='lat' dir='ltr'>extant</span> <span class='ocrx_word' id='word_1_148' title='bbox 620 1666 729 1731; x_wconf 84' lang='lat' dir='ltr'>lllimn.</span> <span class='ocrx_word' id='word_1_149' title='bbox 749 1667 778 1751; x_wconf 80' lang='lat'>2,</span> <span class='ocrx_word' id='word_1_150' title='bbox 797 1667 869 1753; x_wconf 77' lang='lat' dir='ltr'>lsq.</span> <span class='ocrx_word' id='word_1_151' title='bbox 894 1667 1033 1752; x_wconf 71' lang='lat' dir='ltr'>pirardo</span> <span class='ocrx_word' id='word_1_152' title='bbox 1056 1667 1091 1733; x_wconf 89' lang='grc' dir='ltr'>δέ</span> <span class='ocrx_word' id='word_1_153' title='bbox 1113 1666 1251 1751; x_wconf 74' lang='grc' dir='ltr'><em>γίγνεται</em></span> <span class='ocrx_word' id='word_1_154' title='bbox 1273 1669 1352 1753; x_wconf 74' lang='grc' dir='ltr'><em>ἥβης</em></span> <span class='ocrx_word' id='word_1_155' title='bbox 1372 1676 1376 1750; x_wconf 75' lang='lat' dir='ltr'>l</span> <span class='ocrx_word' id='word_1_156' title='bbox 1396 1668 1527 1752; x_wconf 89' lang='grc' dir='ltr'><em>καρπός,</em></span> 
     </span>
     <span class='ocr_line' id='line_1_15' title="bbox 126 1766 1529 1857; baseline 0.004 -27"><span class='ocrx_word' id='word_1_157' title='bbox 126 1770 178 1830; x_wconf 90' lang='lat' dir='ltr'>cui</span> <span class='ocrx_word' id='word_1_158' title='bbox 198 1770 268 1831; x_wconf 88' lang='lat' dir='ltr'>loco</span> <span class='ocrx_word' id='word_1_159' title='bbox 284 1768 366 1832; x_wconf 89' lang='lat' dir='ltr'>alter</span> <span class='ocrx_word' id='word_1_160' title='bbox 383 1769 526 1833; x_wconf 88' lang='lat' dir='ltr'>eiusdem</span> <span class='ocrx_word' id='word_1_161' title='bbox 546 1781 660 1854; x_wconf 89' lang='lat' dir='ltr'>poetae</span> <span class='ocrx_word' id='word_1_162' title='bbox 677 1771 707 1851; x_wconf 82' lang='lat'>5,</span> <span class='ocrx_word' id='word_1_163' title='bbox 723 1773 800 1856; x_wconf 84' lang='lat' dir='ltr'>4sq.</span> <span class='ocrx_word' id='word_1_164' title='bbox 818 1772 1029 1857; x_wconf 88' lang='lat' dir='ltr'>opponendus</span> <span class='ocrx_word' id='word_1_165' title='bbox 1047 1783 1104 1855; x_wconf 77' lang='lat' dir='ltr'>est,</span> <span class='ocrx_word' id='word_1_166' title='bbox 1121 1766 1189 1835; x_wconf 75' lang='grc' dir='ltr'><em>ἀλλ’</em></span> <span class='ocrx_word' id='word_1_167' title='bbox 1198 1771 1414 1855; x_wconf 75' lang='grc' dir='ltr'><em>ὀλιγοχρόνιον</em></span> <span class='ocrx_word' id='word_1_168' title='bbox 1428 1767 1529 1855; x_wconf 77' lang='grc' dir='ltr'><em>γίγνε-</em></span> 
     </span>
     <span class='ocr_line' id='line_1_16' title="bbox 124 1873 1529 1965; baseline 0.003 -29"><span class='ocrx_word' id='word_1_169' title='bbox 124 1896 179 1937; x_wconf 96' lang='grc' dir='ltr'><em>ται</em></span> <span class='ocrx_word' id='word_1_170' title='bbox 194 1874 304 1956; x_wconf 84' lang='grc' dir='ltr'><em>ὥσπερ</em></span> <span class='ocrx_word' id='word_1_171' title='bbox 320 1873 395 1958; x_wconf 82' lang='grc' dir='ltr'><em>όναρ</em></span> <span class='ocrx_word' id='word_1_172' title='bbox 409 1873 413 1956; x_wconf 81' lang='lat' dir='ltr'>l</span> <span class='ocrx_word' id='word_1_173' title='bbox 428 1877 490 1962; x_wconf 78' lang='grc' dir='ltr'>η’βη</span> <span class='ocrx_word' id='word_1_174' title='bbox 505 1877 671 1963; x_wconf 81' lang='grc' dir='ltr'><em>τιμήεσσα.</em></span> <span class='ocrx_word' id='word_1_175' title='bbox 697 1876 810 1939; x_wconf 91' lang='lat' dir='ltr'>eodem</span> <span class='ocrx_word' id='word_1_176' title='bbox 831 1876 1102 1965; x_wconf 87' lang='lat' dir='ltr'>modoHomerus</span> <span class='ocrx_word' id='word_1_177' title='bbox 1124 1886 1155 1938; x_wconf 90' lang='lat' dir='ltr'>et</span> <span class='ocrx_word' id='word_1_178' title='bbox 1170 1873 1309 1959; x_wconf 89' lang='grc' dir='ltr'><em>μίνυνθα</em></span> <span class='ocrx_word' id='word_1_179' title='bbox 1322 1884 1357 1949; x_wconf 85' lang='lat' dir='ltr'>¹et</span> <span class='ocrx_word' id='word_1_180' title='bbox 1372 1880 1529 1958; x_wconf 85' lang='grc' dir='ltr'><em>μινυνθά-</em></span> 
     </span>
     <span class='ocr_line' id='line_1_17' title="bbox 126 1973 1528 2069; baseline 0.002 -28"><span class='ocrx_word' id='word_1_181' title='bbox 126 1977 196 2054; x_wconf 87' lang='grc' dir='ltr'><em>διος</em></span> <span class='ocrx_word' id='word_1_182' title='bbox 217 1981 395 2062; x_wconf 75' lang='lat' dir='ltr'>usurpavit,</span> <span class='ocrx_word' id='word_1_183' title='bbox 419 1979 508 2042; x_wconf 89' lang='lat' dir='ltr'>velut</span> <span class='ocrx_word' id='word_1_184' title='bbox 523 1978 552 2039; x_wconf 88' lang='lat' dir='ltr'><strong><em>A</em></strong></span> <span class='ocrx_word' id='word_1_185' title='bbox 568 1979 632 2041; x_wconf 86' lang='grc'>416</span> <span class='ocrx_word' id='word_1_186' title='bbox 655 1976 727 2045; x_wconf 84' lang='grc' dir='ltr'><em>ἐπεί</em></span> <span class='ocrx_word' id='word_1_187' title='bbox 747 1986 782 2045; x_wconf 85' lang='grc' dir='ltr'><em>νύ</em></span> <span class='ocrx_word' id='word_1_188' title='bbox 798 2006 850 2046; x_wconf 92' lang='grc' dir='ltr'><em>τοι</em></span> <span class='ocrx_word' id='word_1_189' title='bbox 871 1973 947 2045; x_wconf 82' lang='grc' dir='ltr'><em>αίσα</em></span> <span class='ocrx_word' id='word_1_190' title='bbox 967 1979 1106 2064; x_wconf 81' lang='grc' dir='ltr'><em>μίνυνθά</em></span> <span class='ocrx_word' id='word_1_191' title='bbox 1121 2004 1191 2066; x_wconf 89' lang='grc' dir='ltr'><em>περ,</em></span> <span class='ocrx_word' id='word_1_192' title='bbox 1217 1982 1286 2045; x_wconf 78' lang='grc' dir='ltr'><em>οίίτι</em></span> <span class='ocrx_word' id='word_1_193' title='bbox 1306 1980 1391 2063; x_wconf 91' lang='grc' dir='ltr'><em>μάλα</em></span> <span class='ocrx_word' id='word_1_194' title='bbox 1413 1983 1469 2069; x_wconf 78' lang='grc' dir='ltr'><em>δήν</em></span> <span class='ocrx_word' id='word_1_195' title='bbox 1497 1992 1528 2044; x_wconf 90' lang='lat' dir='ltr'>et</span> 
     </span>
     <span class='ocr_line' id='line_1_18' title="bbox 126 2078 1530 2171; baseline 0.001 -26"><span class='ocrx_word' id='word_1_196' title='bbox 126 2085 157 2145; x_wconf 76' lang='lat' dir='ltr'><em>A</em></span> <span class='ocrx_word' id='word_1_197' title='bbox 177 2080 240 2143; x_wconf 86' lang='grc'>478</span> <span class='ocrx_word' id='word_1_198' title='bbox 251 2104 297 2167; x_wconf 93' lang='lat' dir='ltr'>sq.</span> <span class='ocrx_word' id='word_1_199' title='bbox 326 2083 537 2167; x_wconf 77' lang='grc' dir='ltr'><em>μινυνθάδιος</em></span> <span class='ocrx_word' id='word_1_200' title='bbox 563 2082 599 2149; x_wconf 92' lang='grc' dir='ltr'>δέ</span> <span class='ocrx_word' id='word_1_201' title='bbox 621 2078 651 2148; x_wconf 77' lang='grc' dir='ltr'>οἱ</span> <span class='ocrx_word' id='word_1_202' title='bbox 674 2086 753 2150; x_wconf 87' lang='grc' dir='ltr'><em>αἰὼν</em></span> <span class='ocrx_word' id='word_1_203' title='bbox 772 2089 776 2164; x_wconf 80' lang='lat' dir='ltr'>l</span> <span class='ocrx_word' id='word_1_204' title='bbox 797 2082 922 2150; x_wconf 68' lang='grc' dir='ltr'><em>ἔπλεθ’.</em></span> <span class='ocrx_word' id='word_1_205' title='bbox 959 2084 1085 2148; x_wconf 88' lang='lat' dir='ltr'>accedit</span> <span class='ocrx_word' id='word_1_206' title='bbox 1109 2084 1172 2149; x_wconf 82' lang='lat' dir='ltr'>Sol.</span> <span class='ocrx_word' id='word_1_207' title='bbox 1200 2084 1307 2167; x_wconf 86' lang='grc'><strong>13,16</strong></span> <span class='ocrx_word' id='word_1_208' title='bbox 1331 2088 1376 2149; x_wconf 82' lang='grc' dir='ltr'>οὐ.</span> <span class='ocrx_word' id='word_1_209' title='bbox 1391 2088 1448 2168; x_wconf 78' lang='grc' dir='ltr'>γάρ</span> <span class='ocrx_word' id='word_1_210' title='bbox 1472 2085 1530 2171; x_wconf 81' lang='grc' dir='ltr'><em>δην</em></span> 
     </span>
     <span class='ocr_line' id='line_1_19' title="bbox 126 2182 1527 2273; baseline 0.002 -25"><span class='ocrx_word' id='word_1_211' title='bbox 126 2189 259 2271; x_wconf 83' lang='grc' dir='ltr'><em>θνητοῖς</em></span> <span class='ocrx_word' id='word_1_212' title='bbox 281 2190 391 2270; x_wconf 74' lang='grc' dir='ltr'><em>ὕβριος</em></span> <span class='ocrx_word' id='word_1_213' title='bbox 414 2182 487 2269; x_wconf 72' lang='grc' dir='ltr'><em>ἔργα</em></span> <span class='ocrx_word' id='word_1_214' title='bbox 510 2186 610 2252; x_wconf 87' lang='grc' dir='ltr'><em>πέλει.</em></span> <span class='ocrx_word' id='word_1_215' title='bbox 650 2197 772 2251; x_wconf 87' lang='lat' dir='ltr'>restant</span> <span class='ocrx_word' id='word_1_216' title='bbox 793 2188 950 2252; x_wconf 90' lang='lat' dir='ltr'>adverbia</span> <span class='ocrx_word' id='word_1_217' title='bbox 970 2188 1066 2272; x_wconf 82' lang='lat' dir='ltr'>modi,</span> <span class='ocrx_word' id='word_1_218' title='bbox 1089 2210 1171 2273; x_wconf 89' lang='lat' dir='ltr'>quae</span> <span class='ocrx_word' id='word_1_219' title='bbox 1193 2188 1241 2251; x_wconf 90' lang='lat' dir='ltr'>his</span> <span class='ocrx_word' id='word_1_220' title='bbox 1263 2188 1341 2252; x_wconf 89' lang='lat' dir='ltr'>locis</span> <span class='ocrx_word' id='word_1_221' title='bbox 1362 2189 1527 2271; x_wconf 80' lang='lat' dir='ltr'>leguntur:</span> 
     </span>
     <span class='ocr_line' id='line_1_20' title="bbox 126 2282 1528 2379; baseline 0.005 -28"><span class='ocrx_word' id='word_1_222' title='bbox 126 2288 271 2372; x_wconf 82' lang='lat' dir='ltr'>Theogu.</span> <span class='ocrx_word' id='word_1_223' title='bbox 297 2290 360 2352; x_wconf 80' lang='lat'>345</span> <span class='ocrx_word' id='word_1_224' title='bbox 390 2282 467 2354; x_wconf 76' lang='grc' dir='ltr'><em>αίσα</em></span> <span class='ocrx_word' id='word_1_225' title='bbox 495 2295 551 2375; x_wconf 79' lang='grc' dir='ltr'>γὰρ</span> <span class='ocrx_word' id='word_1_226' title='bbox 579 2296 678 2369; x_wconf 71' lang='grc' dir='ltr'><em>οὕτως</em></span> <span class='ocrx_word' id='word_1_227' title='bbox 704 2290 783 2370; x_wconf 85' lang='grc' dir='ltr'><em>έστί,</em></span> <span class='ocrx_word' id='word_1_228' title='bbox 813 2292 876 2355; x_wconf 89' lang='grc'>716</span> <span class='ocrx_word' id='word_1_229' title='bbox 904 2302 967 2356; x_wconf 86' lang='grc' dir='ltr'>τῶν</span> <span class='ocrx_word' id='word_1_230' title='bbox 995 2294 1080 2379; x_wconf 87' lang='grc' dir='ltr'><em>δίφαρ</em></span> <span class='ocrx_word' id='word_1_231' title='bbox 1103 2292 1167 2357; x_wconf 83' lang='grc' dir='ltr'><em>εἰσί</em></span> <span class='ocrx_word' id='word_1_232' title='bbox 1190 2294 1297 2372; x_wconf 89' lang='grc' dir='ltr'><em>πόδες,</em></span> <span class='ocrx_word' id='word_1_233' title='bbox 1327 2292 1391 2355; x_wconf 83' lang='grc'>884</span> <span class='ocrx_word' id='word_1_234' title='bbox 1418 2298 1528 2379; x_wconf 84' lang='grc' dir='ltr'><em>θωρη-</em></span> 
     </span>
     <span class='ocr_line' id='line_1_21' title="bbox 126 2390 1528 2483; baseline 0.002 -26"><span class='ocrx_word' id='word_1_235' title='bbox 126 2391 219 2474; x_wconf 84' lang='grc' dir='ltr'><em>χθείς</em></span> <span class='ocrx_word' id='word_1_236' title='bbox 246 2390 375 2459; x_wconf 78' lang='grc' dir='ltr'><em>δέ’σεαι</em></span> <span class='ocrx_word' id='word_1_237' title='bbox 402 2396 524 2460; x_wconf 89' lang='grc' dir='ltr'><em>πολλδν</em></span> <span class='ocrx_word' id='word_1_238' title='bbox 553 2395 779 2483; x_wconf 78' lang='grc' dir='ltr'><em>ἐλαφροτέρας.</em></span> <span class='ocrx_word' id='word_1_239' title='bbox 804 2398 908 2460; x_wconf 66' lang='lat' dir='ltr'>&#39;haec</span> <span class='ocrx_word' id='word_1_240' title='bbox 932 2400 1029 2480; x_wconf 88' lang='lat' dir='ltr'>igitur</span> <span class='ocrx_word' id='word_1_241' title='bbox 1054 2400 1120 2459; x_wconf 89' lang='lat' dir='ltr'>cius</span> <span class='ocrx_word' id='word_1_242' title='bbox 1144 2419 1219 2460; x_wconf 89' lang='lat' dir='ltr'>usus</span> <span class='ocrx_word' id='word_1_243' title='bbox 1243 2407 1355 2460; x_wconf 89' lang='lat' dir='ltr'>extant</span> <span class='ocrx_word' id='word_1_244' title='bbox 1378 2397 1528 2482; x_wconf 90' lang='lat' dir='ltr'>exempla</span> 
     </span>
     <span class='ocr_line' id='line_1_22' title="bbox 126 2499 1529 2585; baseline 0.004 -27"><span class='ocrx_word' id='word_1_245' title='bbox 126 2519 231 2581; x_wconf 87' lang='lat' dir='ltr'>neque</span> <span class='ocrx_word' id='word_1_246' title='bbox 256 2500 301 2561; x_wconf 89' lang='lat' dir='ltr'>ita</span> <span class='ocrx_word' id='word_1_247' title='bbox 324 2499 424 2561; x_wconf 90' lang='lat' dir='ltr'>multa</span> <span class='ocrx_word' id='word_1_248' title='bbox 452 2521 557 2583; x_wconf 89' lang='lat' dir='ltr'>neque</span> <span class='ocrx_word' id='word_1_249' title='bbox 586 2503 742 2585; x_wconf 71' lang='lat' dir='ltr'>speciosa,</span> <span class='ocrx_word' id='word_1_250' title='bbox 774 2524 848 2565; x_wconf 90' lang='lat' dir='ltr'>cum</span> <span class='ocrx_word' id='word_1_251' title='bbox 877 2502 992 2565; x_wconf 86' lang='lat' dir='ltr'>similia</span> <span class='ocrx_word' id='word_1_252' title='bbox 1020 2512 1051 2564; x_wconf 87' lang='lat' dir='ltr'>et</span> <span class='ocrx_word' id='word_1_253' title='bbox 1074 2501 1160 2585; x_wconf 90' lang='lat' dir='ltr'>apud</span> <span class='ocrx_word' id='word_1_254' title='bbox 1184 2501 1363 2565; x_wconf 87' lang='lat' dir='ltr'>Homerum</span> <span class='ocrx_word' id='word_1_255' title='bbox 1387 2510 1418 2564; x_wconf 88' lang='lat' dir='ltr'>et</span> <span class='ocrx_word' id='word_1_256' title='bbox 1441 2501 1529 2585; x_wconf 87' lang='lat' dir='ltr'>apud</span> 
     </span>
     <span class='ocr_line' id='line_1_23' title="bbox 126 2587 1622 2691; baseline 0.003 -27"><span class='ocrx_word' id='word_1_257' title='bbox 126 2602 205 2665; x_wconf 89' lang='lat' dir='ltr'>alios</span> <span class='ocrx_word' id='word_1_258' title='bbox 232 2612 344 2686; x_wconf 89' lang='lat' dir='ltr'>poetas</span> <span class='ocrx_word' id='word_1_259' title='bbox 372 2605 520 2686; x_wconf 89' lang='lat' dir='ltr'>antiquos</span> <span class='ocrx_word' id='word_1_260' title='bbox 549 2606 760 2688; x_wconf 88' lang='lat' dir='ltr'>reperiantur.</span> <span class='ocrx_word' id='word_1_261' title='bbox 808 2605 1058 2690; x_wconf 85' lang='lat' dir='ltr'>explicationem</span> <span class='ocrx_word' id='word_1_262' title='bbox 1086 2614 1194 2667; x_wconf 92' lang='lat' dir='ltr'>autem</span> <span class='ocrx_word' id='word_1_263' title='bbox 1222 2605 1276 2669; x_wconf 92' lang='lat' dir='ltr'>illa</span> <span class='ocrx_word' id='word_1_264' title='bbox 1302 2607 1419 2691; x_wconf 87' lang='lat' dir='ltr'>partim</span> <span class='ocrx_word' id='word_1_265' title='bbox 1444 2605 1528 2668; x_wconf 91' lang='lat' dir='ltr'>hanc</span> <span class='ocrx_word' id='word_1_266' title='bbox 1608 2587 1622 2675; x_wconf 47' lang='grc'>’,</span> 
     </span>
     <span class='ocr_line' id='line_1_24' title="bbox 126 2706 1528 2796; baseline 0.002 -27"><span class='ocrx_word' id='word_1_267' title='bbox 126 2706 257 2791; x_wconf 74' lang='lat' dir='ltr'>habent,</span> <span class='ocrx_word' id='word_1_268' title='bbox 282 2706 367 2790; x_wconf 90' lang='lat' dir='ltr'>quod</span> <span class='ocrx_word' id='word_1_269' title='bbox 391 2707 529 2771; x_wconf 92' lang='lat' dir='ltr'>verbum</span> <span class='ocrx_word' id='word_1_270' title='bbox 552 2731 615 2772; x_wconf 88' lang='lat' dir='ltr'>non</span> <span class='ocrx_word' id='word_1_271' title='bbox 639 2719 706 2772; x_wconf 92' lang='lat' dir='ltr'>tam</span> <span class='ocrx_word' id='word_1_272' title='bbox 730 2710 865 2796; x_wconf 84' lang='lat' dir='ltr'>copulae</span> <span class='ocrx_word' id='word_1_273' title='bbox 890 2732 987 2794; x_wconf 90' lang='lat' dir='ltr'>quam</span> <span class='ocrx_word' id='word_1_274' title='bbox 1008 2710 1186 2794; x_wconf 90' lang='lat' dir='ltr'>praedicati</span> <span class='ocrx_word' id='word_1_275' title='bbox 1210 2712 1310 2773; x_wconf 86' lang='lat' dir='ltr'>instar</span> <span class='ocrx_word' id='word_1_276' title='bbox 1330 2720 1387 2789; x_wconf 82' lang='lat' dir='ltr'>est,</span> <span class='ocrx_word' id='word_1_277' title='bbox 1411 2713 1528 2795; x_wconf 89' lang='lat' dir='ltr'>partim</span> 
     </span>
     <span class='ocr_line' id='line_1_25' title="bbox 127 2792 1529 2897; baseline 0.001 -24"><span class='ocrx_word' id='word_1_278' title='bbox 127 2810 221 2895; x_wconf 75' lang='lat' dir='ltr'>hanc,</span> <span class='ocrx_word' id='word_1_279' title='bbox 251 2792 346 2894; x_wconf 74' lang='grc' dir='ltr'><em>φοοδ</em></span> <span class='ocrx_word' id='word_1_280' title='bbox 368 2811 563 2874; x_wconf 89' lang='lat' dir='ltr'>adiectivum</span> <span class='ocrx_word' id='word_1_281' title='bbox 593 2812 749 2876; x_wconf 87' lang='lat' dir='ltr'>adverbio</span> <span class='ocrx_word' id='word_1_282' title='bbox 777 2812 977 2897; x_wconf 91' lang='lat' dir='ltr'>respondens</span> <span class='ocrx_word' id='word_1_283' title='bbox 1001 2824 1056 2875; x_wconf 89' lang='lat' dir='ltr'>aut</span> <span class='ocrx_word' id='word_1_284' title='bbox 1079 2815 1209 2894; x_wconf 89' lang='lat' dir='ltr'>omnino</span> <span class='ocrx_word' id='word_1_285' title='bbox 1232 2813 1323 2877; x_wconf 85' lang='lat' dir='ltr'>deest</span> <span class='ocrx_word' id='word_1_286' title='bbox 1346 2816 1529 2877; x_wconf 88' lang='lat' dir='ltr'>autminus</span> 
     </span>
     <span class='ocr_line' id='line_1_26' title="bbox 127 2917 361 2979; baseline 0 -2"><span class='ocrx_word' id='word_1_287' title='bbox 127 2917 280 2979; x_wconf 89' lang='lat' dir='ltr'>usitatum</span> <span class='ocrx_word' id='word_1_288' title='bbox 304 2924 361 2978; x_wconf 88' lang='lat' dir='ltr'>est.</span> 
     </span>
    </p>

    <p class='ocr_par' dir='ltr' id='par_1_4' title="bbox 127 3019 1530 3939">
     <span class='ocr_line' id='line_1_27' title="bbox 232 3019 1526 3106; baseline 0.003 -25"><span class='ocrx_word' id='word_1_289' title='bbox 232 3019 302 3082; x_wconf 91' lang='lat' dir='ltr'>lam</span> <span class='ocrx_word' id='word_1_290' title='bbox 322 3022 347 3082; x_wconf 91' lang='lat' dir='ltr'>si</span> <span class='ocrx_word' id='word_1_291' title='bbox 363 3019 523 3083; x_wconf 88' lang='lat' dir='ltr'>Homerus</span> <span class='ocrx_word' id='word_1_292' title='bbox 543 3042 785 3106; x_wconf 86' lang='lat' dir='ltr'>nonnumquam</span> <span class='ocrx_word' id='word_1_293' title='bbox 805 3045 879 3085; x_wconf 91' lang='lat' dir='ltr'>cum</span> <span class='ocrx_word' id='word_1_294' title='bbox 902 3022 1113 3103; x_wconf 85' lang='lat' dir='ltr'>substantivo,</span> <span class='ocrx_word' id='word_1_295' title='bbox 1136 3022 1220 3106; x_wconf 91' lang='lat' dir='ltr'>quod</span> <span class='ocrx_word' id='word_1_296' title='bbox 1239 3024 1304 3086; x_wconf 92' lang='lat' dir='ltr'>vim</span> <span class='ocrx_word' id='word_1_297' title='bbox 1325 3023 1526 3087; x_wconf 88' lang='lat' dir='ltr'>collectivam</span> 
     </span>
     <span class='ocr_line' id='line_1_28' title="bbox 127 3124 1528 3211; baseline 0.001 -24"><span class='ocrx_word' id='word_1_298' title='bbox 127 3124 235 3205; x_wconf 83' lang='lat' dir='ltr'>habet,</span> <span class='ocrx_word' id='word_1_299' title='bbox 269 3146 365 3207; x_wconf 88' lang='lat' dir='ltr'>saepe</span> <span class='ocrx_word' id='word_1_300' title='bbox 397 3146 472 3187; x_wconf 87' lang='lat' dir='ltr'>cum</span> <span class='ocrx_word' id='word_1_301' title='bbox 504 3125 706 3188; x_wconf 88' lang='lat' dir='ltr'>substantivo</span> <span class='ocrx_word' id='word_1_302' title='bbox 737 3129 862 3189; x_wconf 91' lang='lat' dir='ltr'>numeri</span> <span class='ocrx_word' id='word_1_303' title='bbox 891 3125 1024 3211; x_wconf 87' lang='lat' dir='ltr'>pluralis</span> <span class='ocrx_word' id='word_1_304' title='bbox 1040 3126 1235 3211; x_wconf 83' lang='lat' dir='ltr'>¹eodemque</span> <span class='ocrx_word' id='word_1_305' title='bbox 1266 3129 1393 3209; x_wconf 84' lang='lat' dir='ltr'>generis</span> <span class='ocrx_word' id='word_1_306' title='bbox 1423 3129 1528 3190; x_wconf 89' lang='lat' dir='ltr'>neutri</span> 
     </span>
     <span class='ocr_line' id='line_1_29' title="bbox 127 3228 1529 3317; baseline 0.002 -26"><span class='ocrx_word' id='word_1_307' title='bbox 127 3250 297 3292; x_wconf 90' lang='lat' dir='ltr'>numerum</span> <span class='ocrx_word' id='word_1_308' title='bbox 320 3228 479 3313; x_wconf 89' lang='lat' dir='ltr'>pluralem</span> <span class='ocrx_word' id='word_1_309' title='bbox 503 3228 594 3291; x_wconf 91' lang='lat' dir='ltr'>verbi</span> <span class='ocrx_word' id='word_1_310' title='bbox 620 3232 785 3312; x_wconf 85' lang='lat' dir='ltr'>coniungit</span> <span class='ocrx_word' id='word_1_311' title='bbox 808 3229 866 3314; x_wconf 80' lang='lat' dir='ltr'>(cf.</span> <span class='ocrx_word' id='word_1_312' title='bbox 891 3230 940 3293; x_wconf 90' lang='lat' dir='ltr'>La</span> <span class='ocrx_word' id='word_1_313' title='bbox 956 3230 1066 3293; x_wconf 89' lang='lat' dir='ltr'>Roche</span> <span class='ocrx_word' id='word_1_314' title='bbox 1089 3230 1109 3293; x_wconf 97' lang='lat' dir='ltr'>l.</span> <span class='ocrx_word' id='word_1_315' title='bbox 1133 3251 1160 3294; x_wconf 92' lang='lat' dir='ltr'>c.</span> <span class='ocrx_word' id='word_1_316' title='bbox 1184 3254 1237 3317; x_wconf 88' lang='lat' dir='ltr'>pp.</span> <span class='ocrx_word' id='word_1_317' title='bbox 1257 3230 1320 3293; x_wconf 86' lang='grc'>734</span> <span class='ocrx_word' id='word_1_318' title='bbox 1332 3231 1428 3317; x_wconf 81' lang='lat' dir='ltr'>sqq),</span> <span class='ocrx_word' id='word_1_319' title='bbox 1452 3231 1529 3295; x_wconf 88' lang='lat' dir='ltr'>talia</span> 
     </span>
     <span class='ocr_line' id='line_1_30' title="bbox 128 3331 1528 3419; baseline 0.004 -24"><span class='ocrx_word' id='word_1_320' title='bbox 128 3332 169 3396; x_wconf 91' lang='lat' dir='ltr'>ab</span> <span class='ocrx_word' id='word_1_321' title='bbox 201 3332 321 3416; x_wconf 88' lang='lat' dir='ltr'>elegeis</span> <span class='ocrx_word' id='word_1_322' title='bbox 352 3331 447 3416; x_wconf 89' lang='lat' dir='ltr'>plane</span> <span class='ocrx_word' id='word_1_323' title='bbox 479 3333 583 3396; x_wconf 89' lang='lat' dir='ltr'>aliena</span> <span class='ocrx_word' id='word_1_324' title='bbox 614 3345 696 3397; x_wconf 91' lang='lat' dir='ltr'>sunt.</span> <span class='ocrx_word' id='word_1_325' title='bbox 744 3334 847 3397; x_wconf 90' lang='lat' dir='ltr'>dualis</span> <span class='ocrx_word' id='word_1_326' title='bbox 876 3345 983 3398; x_wconf 84' lang='lat' dir='ltr'>autem</span> <span class='ocrx_word' id='word_1_327' title='bbox 1011 3358 1163 3399; x_wconf 83' lang='lat' dir='ltr'>numerus</span> <span class='ocrx_word' id='word_1_328' title='bbox 1191 3338 1224 3398; x_wconf 90' lang='lat' dir='ltr'>in</span> <span class='ocrx_word' id='word_1_329' title='bbox 1253 3335 1370 3419; x_wconf 86' lang='lat' dir='ltr'>elegeis</span> <span class='ocrx_word' id='word_1_330' title='bbox 1399 3357 1472 3399; x_wconf 92' lang='lat' dir='ltr'>cum</span> <span class='ocrx_word' id='word_1_331' title='bbox 1496 3338 1528 3401; x_wconf 89' lang='lat' dir='ltr'>in</span> 
     </span>
     <span class='ocr_line' id='line_1_31' title="bbox 128 3439 1530 3527; baseline 0.001 -27"><span class='ocrx_word' id='word_1_332' title='bbox 128 3440 314 3501; x_wconf 88' lang='lat' dir='ltr'>universum</span> <span class='ocrx_word' id='word_1_333' title='bbox 344 3439 526 3500; x_wconf 89' lang='lat' dir='ltr'>rarissimus</span> <span class='ocrx_word' id='word_1_334' title='bbox 557 3440 598 3501; x_wconf 92' lang='lat' dir='ltr'>sit</span> <span class='ocrx_word' id='word_1_335' title='bbox 631 3475 671 3485; x_wconf 92' lang='lat'><em>-</em></span> <span class='ocrx_word' id='word_1_336' title='bbox 701 3449 815 3502; x_wconf 87' lang='lat' dir='ltr'>extant</span> <span class='ocrx_word' id='word_1_337' title='bbox 846 3442 931 3502; x_wconf 90' lang='lat' dir='ltr'>enim</span> <span class='ocrx_word' id='word_1_338' title='bbox 961 3450 1087 3504; x_wconf 91' lang='lat' dir='ltr'>tantum</span> <span class='ocrx_word' id='word_1_339' title='bbox 1119 3441 1182 3505; x_wconf 83' lang='lat' dir='ltr'>Sol.</span> <span class='ocrx_word' id='word_1_340' title='bbox 1210 3440 1258 3521; x_wconf 86' lang='lat'>13,</span> <span class='ocrx_word' id='word_1_341' title='bbox 1282 3439 1323 3503; x_wconf 77' lang='lat'>62</span> <span class='ocrx_word' id='word_1_342' title='bbox 1353 3448 1471 3527; x_wconf 85' lang='grc' dir='ltr'><em>χειροῖν</em></span> <span class='ocrx_word' id='word_1_343' title='bbox 1498 3451 1530 3503; x_wconf 90' lang='lat' dir='ltr'>et</span> 
     </span>
     <span class='ocr_line' id='line_1_32' title="bbox 127 3541 1529 3629; baseline 0.002 -25"><span class='ocrx_word' id='word_1_344' title='bbox 127 3541 271 3624; x_wconf 81' lang='lat' dir='ltr'>Theogn.</span> <span class='ocrx_word' id='word_1_345' title='bbox 290 3541 353 3604; x_wconf 83' lang='grc'>995</span> <span class='ocrx_word' id='word_1_346' title='bbox 374 3542 578 3626; x_wconf 87' lang='grc' dir='ltr'><em>δηρισάντοιν</em></span> <span class='ocrx_word' id='word_1_347' title='bbox 593 3541 640 3627; x_wconf 90' lang='lat' dir='ltr'>(at</span> <span class='ocrx_word' id='word_1_348' title='bbox 653 3542 681 3603; x_wconf 90' lang='lat' dir='ltr'><em>A</em></span> <span class='ocrx_word' id='word_1_349' title='bbox 694 3544 903 3629; x_wconf 71' lang='grc' dir='ltr'><em>δηρισάντοιν)</em></span> <span class='ocrx_word' id='word_1_350' title='bbox 920 3582 958 3589; x_wconf 82' lang='lat'>—</span> <span class='ocrx_word' id='word_1_351' title='bbox 988 3554 1057 3607; x_wconf 93' lang='lat' dir='ltr'>tum</span> <span class='ocrx_word' id='word_1_352' title='bbox 1078 3566 1236 3629; x_wconf 90' lang='lat' dir='ltr'>nusquam</span> <span class='ocrx_word' id='word_1_353' title='bbox 1260 3546 1290 3605; x_wconf 92' lang='lat' dir='ltr'>in</span> <span class='ocrx_word' id='word_1_354' title='bbox 1316 3544 1460 3607; x_wconf 87' lang='lat' dir='ltr'>subiecto</span> <span class='ocrx_word' id='word_1_355' title='bbox 1476 3544 1529 3608; x_wconf 90' lang='lat' dir='ltr'>vel</span> 
     </span>
     <span class='ocr_line' id='line_1_33' title="bbox 128 3646 1529 3733; baseline 0.001 -23"><span class='ocrx_word' id='word_1_356' title='bbox 128 3648 315 3731; x_wconf 87' lang='lat' dir='ltr'>praedicato</span> <span class='ocrx_word' id='word_1_357' title='bbox 345 3646 527 3710; x_wconf 87' lang='lat' dir='ltr'>adhibetur.</span> <span class='ocrx_word' id='word_1_358' title='bbox 567 3648 643 3730; x_wconf 93' lang='lat' dir='ltr'>quid</span> <span class='ocrx_word' id='word_1_359' title='bbox 668 3648 753 3730; x_wconf 89' lang='lat' dir='ltr'>quod</span> <span class='ocrx_word' id='word_1_360' title='bbox 778 3670 818 3710; x_wconf 90' lang='lat' dir='ltr'>ne</span> <span class='ocrx_word' id='word_1_361' title='bbox 842 3650 880 3710; x_wconf 90' lang='lat' dir='ltr'>iis</span> <span class='ocrx_word' id='word_1_362' title='bbox 905 3648 1035 3733; x_wconf 88' lang='lat' dir='ltr'>quidem</span> <span class='ocrx_word' id='word_1_363' title='bbox 1059 3649 1147 3732; x_wconf 79' lang='lat' dir='ltr'>locis,</span> <span class='ocrx_word' id='word_1_364' title='bbox 1171 3649 1288 3731; x_wconf 89' lang='lat' dir='ltr'>quibus</span> <span class='ocrx_word' id='word_1_365' title='bbox 1312 3650 1368 3714; x_wconf 83' lang='grc' dir='ltr'>δύο</span> <span class='ocrx_word' id='word_1_366' title='bbox 1391 3649 1529 3730; x_wconf 87' lang='lat' dir='ltr'>accedit,</span> 
     </span>
     <span class='ocr_line' id='line_1_34' title="bbox 127 3745 1529 3837; baseline 0.004 -25"><span class='ocrx_word' id='word_1_367' title='bbox 127 3751 216 3815; x_wconf 86' lang='lat' dir='ltr'>velut</span> <span class='ocrx_word' id='word_1_368' title='bbox 238 3751 382 3834; x_wconf 85' lang='lat' dir='ltr'>Theogn.</span> <span class='ocrx_word' id='word_1_369' title='bbox 405 3750 466 3812; x_wconf 89' lang='grc'>911</span> <span class='ocrx_word' id='word_1_370' title='bbox 493 3745 616 3816; x_wconf 81' lang='grc' dir='ltr'><em>δύέίσί</em></span> <span class='ocrx_word' id='word_1_371' title='bbox 638 3754 785 3835; x_wconf 87' lang='grc' dir='ltr'><em>πρόσθεν</em></span> <span class='ocrx_word' id='word_1_372' title='bbox 808 3751 880 3817; x_wconf 85' lang='grc' dir='ltr'><em>ὁδοί</em></span> <span class='ocrx_word' id='word_1_373' title='bbox 897 3776 961 3837; x_wconf 90' lang='grc' dir='ltr'><em>μοι,</em></span> <span class='ocrx_word' id='word_1_374' title='bbox 987 3753 1089 3816; x_wconf 89' lang='lat' dir='ltr'>dualis</span> <span class='ocrx_word' id='word_1_375' title='bbox 1113 3753 1239 3835; x_wconf 85' lang='lat' dir='ltr'>legitur,</span> <span class='ocrx_word' id='word_1_376' title='bbox 1270 3775 1342 3816; x_wconf 93' lang='lat' dir='ltr'>cum</span> <span class='ocrx_word' id='word_1_377' title='bbox 1367 3754 1529 3817; x_wconf 90' lang='lat' dir='ltr'>Homerus</span> 
     </span>
     <span class='ocr_line' id='line_1_35' title="bbox 127 3855 1071 3939; baseline 0.001 -20"><span class='ocrx_word' id='word_1_378' title='bbox 127 3878 200 3919; x_wconf 89' lang='lat' dir='ltr'>cum</span> <span class='ocrx_word' id='word_1_379' title='bbox 224 3856 286 3919; x_wconf 90' lang='lat' dir='ltr'>hac</span> <span class='ocrx_word' id='word_1_380' title='bbox 310 3855 425 3918; x_wconf 89' lang='lat' dir='ltr'>vocula</span> <span class='ocrx_word' id='word_1_381' title='bbox 450 3876 523 3917; x_wconf 91' lang='lat' dir='ltr'>eum</span> <span class='ocrx_word' id='word_1_382' title='bbox 547 3877 718 3919; x_wconf 92' lang='lat' dir='ltr'>numerum</span> <span class='ocrx_word' id='word_1_383' title='bbox 742 3858 939 3939; x_wconf 82' lang='lat' dir='ltr'>coniungere</span> <span class='ocrx_word' id='word_1_384' title='bbox 965 3858 1071 3920; x_wconf 86' lang='lat' dir='ltr'>soleat.</span> 
     </span>
    </p>

    <p class='ocr_par' dir='ltr' id='par_1_5' title="bbox 125 3959 1531 4677">
     <span class='ocr_line' id='line_1_36' title="bbox 230 3959 1529 4048; baseline 0.004 -27"><span class='ocrx_word' id='word_1_385' title='bbox 230 3959 412 4040; x_wconf 77' lang='lat' dir='ltr'>Vincula,</span> <span class='ocrx_word' id='word_1_386' title='bbox 429 3959 545 4043; x_wconf 87' lang='lat' dir='ltr'>quibus</span> <span class='ocrx_word' id='word_1_387' title='bbox 567 3960 748 4022; x_wconf 88' lang='lat' dir='ltr'>subiectum</span> <span class='ocrx_word' id='word_1_388' title='bbox 774 3972 805 4021; x_wconf 87' lang='lat' dir='ltr'>et</span> <span class='ocrx_word' id='word_1_389' title='bbox 828 3962 1052 4045; x_wconf 89' lang='lat' dir='ltr'>praedicatum</span> <span class='ocrx_word' id='word_1_390' title='bbox 1077 3971 1297 4043; x_wconf 84' lang='lat' dir='ltr'>conectuntur,</span> <span class='ocrx_word' id='word_1_391' title='bbox 1322 3962 1417 4046; x_wconf 86' lang='lat' dir='ltr'>longe</span> <span class='ocrx_word' id='word_1_392' title='bbox 1433 3964 1529 4048; x_wconf 90' lang='lat' dir='ltr'>pluri·</span> 
     </span>
     <span class='ocr_line' id='line_1_37' title="bbox 126 4056 1529 4148; baseline 0.002 -21"><span class='ocrx_word' id='word_1_393' title='bbox 126 4066 187 4127; x_wconf 88' lang='lat' dir='ltr'>mis</span> <span class='ocrx_word' id='word_1_394' title='bbox 219 4064 297 4127; x_wconf 89' lang='lat' dir='ltr'>locis</span> <span class='ocrx_word' id='word_1_395' title='bbox 325 4074 399 4126; x_wconf 90' lang='lat' dir='ltr'>sunt</span> <span class='ocrx_word' id='word_1_396' title='bbox 426 4056 508 4128; x_wconf 88' lang='grc' dir='ltr'><em>είναι</em></span> <span class='ocrx_word' id='word_1_397' title='bbox 536 4074 567 4126; x_wconf 91' lang='lat' dir='ltr'>et</span> <span class='ocrx_word' id='word_1_398' title='bbox 594 4063 772 4148; x_wconf 71' lang='grc' dir='ltr'><em>γίγνεσθαι.</em></span> <span class='ocrx_word' id='word_1_399' title='bbox 819 4066 875 4129; x_wconf 87' lang='lat' dir='ltr'>sed</span> <span class='ocrx_word' id='word_1_400' title='bbox 908 4068 1004 4133; x_wconf 86' lang='lat' dir='ltr'>etiam</span> <span class='ocrx_word' id='word_1_401' title='bbox 1034 4065 1096 4130; x_wconf 89' lang='lat' dir='ltr'>alia</span> <span class='ocrx_word' id='word_1_402' title='bbox 1125 4066 1227 4130; x_wconf 90' lang='lat' dir='ltr'>verba</span> <span class='ocrx_word' id='word_1_403' title='bbox 1256 4065 1369 4129; x_wconf 90' lang='lat' dir='ltr'>codem</span> <span class='ocrx_word' id='word_1_404' title='bbox 1397 4090 1529 4131; x_wconf 90' lang='lat' dir='ltr'>munere</span> 
     </span>
     <span class='ocr_line' id='line_1_38' title="bbox 127 4167 1529 4256; baseline 0.002 -25"><span class='ocrx_word' id='word_1_405' title='bbox 127 4168 315 4253; x_wconf 83' lang='lat' dir='ltr'>funguntur,</span> <span class='ocrx_word' id='word_1_406' title='bbox 348 4168 421 4231; x_wconf 91' lang='lat' dir='ltr'>dico</span> <span class='ocrx_word' id='word_1_407' title='bbox 449 4167 568 4249; x_wconf 86' lang='grc' dir='ltr'><em>πέλειν,</em></span> <span class='ocrx_word' id='word_1_408' title='bbox 596 4168 770 4248; x_wconf 87' lang='grc' dir='ltr'><em>πέλεσθαι,</em></span> <span class='ocrx_word' id='word_1_409' title='bbox 798 4168 952 4249; x_wconf 88' lang='grc' dir='ltr'><em>τελέθειν,</em></span> <span class='ocrx_word' id='word_1_410' title='bbox 981 4182 1086 4256; x_wconf 82' lang='grc' dir='ltr'><em>φῦναι,</em></span> <span class='ocrx_word' id='word_1_411' title='bbox 1116 4168 1301 4254; x_wconf 83' lang='grc' dir='ltr'><em>πεφυκέναι.</em></span> <span class='ocrx_word' id='word_1_412' title='bbox 1349 4194 1390 4234; x_wconf 90' lang='lat' dir='ltr'>ex</span> <span class='ocrx_word' id='word_1_413' title='bbox 1414 4173 1529 4255; x_wconf 89' lang='lat' dir='ltr'>quibus</span> 
     </span>
     <span class='ocr_line' id='line_1_39' title="bbox 125 4272 1530 4360; baseline 0 -23"><span class='ocrx_word' id='word_1_414' title='bbox 125 4272 289 4340; x_wconf 86' lang='grc' dir='ltr'><em>πέλεσθαι</em></span> <span class='ocrx_word' id='word_1_415' title='bbox 321 4284 353 4335; x_wconf 89' lang='lat' dir='ltr'>et</span> <span class='ocrx_word' id='word_1_416' title='bbox 383 4272 491 4338; x_wconf 85' lang='grc' dir='ltr'><em>πέλειν</em></span> <span class='ocrx_word' id='word_1_417' title='bbox 518 4273 648 4358; x_wconf 90' lang='lat' dir='ltr'>reliquis</span> <span class='ocrx_word' id='word_1_418' title='bbox 680 4276 847 4339; x_wconf 87' lang='lat' dir='ltr'>usitatiora</span> <span class='ocrx_word' id='word_1_419' title='bbox 878 4286 961 4355; x_wconf 81' lang='lat' dir='ltr'>sunt,</span> <span class='ocrx_word' id='word_1_420' title='bbox 994 4297 1189 4360; x_wconf 89' lang='lat' dir='ltr'>quamquam</span> <span class='ocrx_word' id='word_1_421' title='bbox 1220 4286 1251 4338; x_wconf 88' lang='lat' dir='ltr'>et</span> <span class='ocrx_word' id='word_1_422' title='bbox 1279 4277 1361 4340; x_wconf 91' lang='lat' dir='ltr'>haec</span> <span class='ocrx_word' id='word_1_423' title='bbox 1391 4297 1455 4339; x_wconf 91' lang='lat' dir='ltr'>non</span> <span class='ocrx_word' id='word_1_424' title='bbox 1485 4278 1530 4337; x_wconf 86' lang='lat' dir='ltr'>ito</span> 
     </span>
     <span class='ocr_line' id='line_1_40' title="bbox 125 4376 1528 4463; baseline 0.001 -22"><span class='ocrx_word' id='word_1_425' title='bbox 125 4401 199 4442; x_wconf 89' lang='lat' dir='ltr'>raro</span> <span class='ocrx_word' id='word_1_426' title='bbox 225 4376 314 4441; x_wconf 86' lang='lat' dir='ltr'>nulla</span> <span class='ocrx_word' id='word_1_427' title='bbox 341 4377 404 4440; x_wconf 88' lang='lat' dir='ltr'>alia</span> <span class='ocrx_word' id='word_1_428' title='bbox 432 4379 472 4441; x_wconf 90' lang='lat' dir='ltr'>de</span> <span class='ocrx_word' id='word_1_429' title='bbox 501 4401 600 4442; x_wconf 89' lang='lat' dir='ltr'>causa</span> <span class='ocrx_word' id='word_1_430' title='bbox 626 4379 822 4442; x_wconf 88' lang='lat' dir='ltr'>adhibentur</span> <span class='ocrx_word' id='word_1_431' title='bbox 850 4401 946 4463; x_wconf 94' lang='lat' dir='ltr'>quam</span> <span class='ocrx_word' id='word_1_432' title='bbox 975 4390 1010 4442; x_wconf 91' lang='lat' dir='ltr'>ut</span> <span class='ocrx_word' id='word_1_433' title='bbox 1038 4383 1138 4443; x_wconf 88' lang='lat' dir='ltr'>oratio</span> <span class='ocrx_word' id='word_1_434' title='bbox 1166 4382 1318 4462; x_wconf 85' lang='lat' dir='ltr'>varietur,</span> <span class='ocrx_word' id='word_1_435' title='bbox 1349 4380 1438 4443; x_wconf 88' lang='lat' dir='ltr'>velut</span> <span class='ocrx_word' id='word_1_436' title='bbox 1465 4378 1528 4443; x_wconf 86' lang='lat' dir='ltr'>Sol.</span> 
     </span>
     <span class='ocr_line' id='line_1_41' title="bbox 129 4477 1531 4571; baseline 0.005 -29"><span class='ocrx_word' id='word_1_437' title='bbox 129 4482 178 4564; x_wconf 85' lang='lat'>13,</span> <span class='ocrx_word' id='word_1_438' title='bbox 206 4482 248 4545; x_wconf 81' lang='lat'>23</span> <span class='ocrx_word' id='word_1_439' title='bbox 263 4503 332 4565; x_wconf 91' lang='lat' dir='ltr'>sqq.</span> <span class='ocrx_word' id='word_1_440' title='bbox 367 4483 488 4566; x_wconf 87' lang='grc' dir='ltr'><em>λάμπει</em></span> <span class='ocrx_word' id='word_1_441' title='bbox 511 4477 540 4547; x_wconf 61' lang='grc' dir='ltr'>δ)</span> <span class='ocrx_word' id='word_1_442' title='bbox 556 4481 677 4568; x_wconf 77' lang='grc' dir='ltr'><em>ἠελίοιο</em></span> <span class='ocrx_word' id='word_1_443' title='bbox 700 4482 793 4567; x_wconf 91' lang='grc' dir='ltr'><em>μένος</em></span> <span class='ocrx_word' id='word_1_444' title='bbox 814 4489 895 4549; x_wconf 88' lang='grc' dir='ltr'><em>κατά</em></span> <span class='ocrx_word' id='word_1_445' title='bbox 918 4483 1016 4549; x_wconf 90' lang='grc' dir='ltr'><em>πίονα</em></span> <span class='ocrx_word' id='word_1_446' title='bbox 1039 4491 1133 4567; x_wconf 78' lang='grc' dir='ltr'><em>γαῖαν</em></span> <span class='ocrx_word' id='word_1_447' title='bbox 1153 4484 1156 4568; x_wconf 77' lang='lat' dir='ltr'>l</span> <span class='ocrx_word' id='word_1_448' title='bbox 1177 4485 1282 4564; x_wconf 87' lang='grc' dir='ltr'><em>καλόν,</em></span> <span class='ocrx_word' id='word_1_449' title='bbox 1310 4488 1388 4570; x_wconf 82' lang='grc' dir='ltr'><em>ατὰρ</em></span> <span class='ocrx_word' id='word_1_450' title='bbox 1411 4482 1531 4571; x_wconf 87' lang='grc' dir='ltr'><em>νεφέων</em></span> 
     </span>
     <span class='ocr_line' id='line_1_42' title="bbox 126 4582 1530 4677; baseline 0.003 -26"><span class='ocrx_word' id='word_1_451' title='bbox 126 4587 217 4652; x_wconf 79' lang='grc' dir='ltr'><em>οὐδέν</em></span> <span class='ocrx_word' id='word_1_452' title='bbox 237 4582 382 4653; x_wconf 66' lang='grc' dir='ltr'><em>ἔτ’ἒστίν</em></span> <span class='ocrx_word' id='word_1_453' title='bbox 403 4588 490 4652; x_wconf 84' lang='grc' dir='ltr'><em>ἰδεῖν</em></span> <span class='ocrx_word' id='word_1_454' title='bbox 512 4587 516 4670; x_wconf 77' lang='lat' dir='ltr'>l</span> <span class='ocrx_word' id='word_1_455' title='bbox 537 4593 668 4674; x_wconf 82' lang='grc' dir='ltr'><em>τοιαύτη</em></span> <span class='ocrx_word' id='word_1_456' title='bbox 692 4594 792 4675; x_wconf 84' lang='grc' dir='ltr'><em>Ζηνός</em></span> <span class='ocrx_word' id='word_1_457' title='bbox 815 4590 947 4655; x_wconf 83' lang='grc' dir='ltr'><em>πέλεται</em></span> <span class='ocrx_word' id='word_1_458' title='bbox 970 4586 1062 4669; x_wconf 88' lang='grc' dir='ltr'><em>τίσις,</em></span> <span class='ocrx_word' id='word_1_459' title='bbox 1088 4584 1218 4676; x_wconf 75' lang='grc' dir='ltr'><em>οὐδ’έφ’</em></span> <span class='ocrx_word' id='word_1_460' title='bbox 1241 4589 1375 4675; x_wconf 82' lang='grc' dir='ltr'><em>ἑκάστφ,</em></span> <span class='ocrx_word' id='word_1_461' title='bbox 1396 4590 1401 4675; x_wconf 83' lang='grc' dir='ltr'>Ι</span> <span class='ocrx_word' id='word_1_462' title='bbox 1421 4592 1530 4677; x_wconf 82' lang='grc' dir='ltr'><em>ὥσπερ</em></span> 
     </span>
    </p>

    <p class='ocr_par' dir='ltr' id='par_1_6' title="bbox 1342 4694 1374 4744">
     <span class='ocr_line' id='line_1_43' title="bbox 1342 4694 1374 4744; baseline 0 -20"><span class='ocrx_word' id='word_1_463' title='bbox 1342 4694 1374 4744; x_wconf 63' lang='grc'>967</span> 
     </span>
    </p>
   </div>
   <div class='ocr_carea' id='block_1_3' title="bbox 0 0 1705 5067">
    <p class='ocr_par' dir='ltr' id='par_1_7' title="bbox 0 0 1705 5067">
     <span class='ocr_line' id='line_1_44' title="bbox 0 0 1705 5067; baseline 0 0"><span class='ocrx_word' id='word_1_464' title='bbox 0 0 1705 5067; x_wconf 95' lang='lat' dir='ltr'> </span> 
     </span>
    </p>
   </div>
  </div>
 </body>
</html>
