3392 5067
30 239 34 250 ,

33 222 271 337 ᾗ80

229 435 287 497 per
310 412 441 477 Ulixem
464 412 542 489 fieri,
570 414 604 475 in
626 412 765 475 Octavia
786 433 865 475 vero
888 412 944 494 eis,
968 433 1051 496 quae
1073 414 1203 476 nuntius
1225 434 1278 475 vv.
1296 413 1361 476 780
1375 434 1444 498 sqq.
1468 416 1642 499 proferat,

229 517 455 601 cogitationem
486 514 526 579 de
557 524 677 579 eventu
699 516 871 601 Poppaeae
899 518 1013 581 somnii
1038 516 1124 579 inici.
1170 515 1287 580 deinde
1315 527 1351 580 ut
1378 519 1410 580 in
1438 516 1643 583 Troadibus

228 620 459 685 Andromacha
493 619 612 683 frustra
638 618 769 684 Ulixem
799 629 877 702 oret,
908 621 954 682 ita
984 621 1018 683 in
1046 618 1184 685 Octavia
1207 619 1379 684 806-819
1411 620 1546 685 chorum
1589 623 1641 686 in-

228 727 346 789 victam
376 719 506 788 Amoris
531 724 708 808 potentiam
735 723 936 809 praedicare,
964 722 1038 786 Tro.
1060 722 1123 786 813
1150 723 1282 788 Ulixem
1310 724 1420 788 iubere
1447 725 1639 810 Argolicae

229 827 338 893 classis
360 850 483 893 moram
506 829 526 891 i.
548 850 575 891 e.
596 828 747 891 Hectoris
769 826 871 891 fflium
893 826 999 912 abripi
1021 848 1125 912 neque
1148 826 1242 892 aliter
1264 829 1426 893 Neronem
1449 833 1637 916 imperare,

227 941 263 996 ut
285 931 425 998 Octavia
446 934 480 995 in
505 940 664 995 remotum
689 930 765 995 litus
789 930 978 998 devehatur.
1023 932 1057 995 in
1080 932 1234 996 extremis
1257 940 1364 996 autem
1388 934 1559 1019 utriusque
1587 936 1637 999 fa-

227 1036 323 1101 bulae
346 1037 493 1122 partibus
516 1036 625 1101 Braun
652 1037 722 1121 ipso
750 1035 919 1121 profitetur
945 1034 1033 1100 haud
1056 1034 1156 1100 multa
1184 1036 1300 1101 similia
1323 1038 1442 1101 inesse:
1466 1038 1543 1102 Tro.
1564 1039 1635 1102 888

228 1140 356 1204 -1009
379 1150 412 1204 ct
435 1139 507 1206 Oct.
529 1138 700 1203 899-923
723 1141 756 1203 in
778 1162 843 1205 una
865 1147 989 1204 tantum
1013 1138 1049 1203 re
1073 1160 1266 1223 congruere3
1294 1163 1370 1205 nam
1393 1151 1426 1204 ct
1449 1142 1633 1207 Hecubam

228 1253 260 1306 et
276 1242 448 1309 Octaviam
466 1246 568 1329 queri,
592 1242 679 1329 qnod
701 1245 735 1307 in
758 1242 892 1308 exilium
915 1243 1119 1328 depellantur
1141 1253 1173 1306 et
1195 1243 1334 1308 navibus
1349 1267 1367 1308 e
1383 1248 1489 1329 patria
1505 1247 1632 1311 vehan-

227 1356 289 1430 tur,
305 1348 379 1412 Tro.
392 1348 475 1411 1009
485 1368 553 1433 sqq.
571 1358 679 1411 autem
695 1358 726 1411 et
742 1347 816 1413 Oct.
830 1347 894 1411 923
904 1368 972 1432 sqq.
989 1347 1126 1411 eandem
1143 1350 1344 1430 sententiam,
1361 1353 1522 1414 communi
1539 1353 1631 1417 malo

228 1452 393 1517 hominum
407 1453 531 1517 animos
547 1452 649 1516 levari
659 1454 749 1516 vario
763 1452 858 1517 modo
874 1450 1039 1533 illustrari3
1057 1461 1224 1538 utramque
1239 1452 1377 1538 denique
1390 1453 1535 1519 fabulam
1550 1478 1629 1541 quc-

229 1555 304 1620 relis
319 1556 404 1620 finiri
425 1566 456 1620 et
476 1558 507 1619 in
528 1566 664 1641 utraque
680 1556 829 1620 mulieres
845 1580 863 1621 e
883 1578 1001 1621 scaena
1017 1555 1186 1641 decedere,
1206 1566 1243 1621 ut
1256 1579 1375 1621 navem
1392 1560 1627 1623 conscendant.

331 1661 424 1725 Haec
454 1661 521 1724 fere
552 1660 662 1724 Braun
692 1659 734 1725 ad
765 1663 956 1725 sententiam
990 1683 1081 1724 suam
1113 1660 1369 1726 confirmandam
1399 1662 1528 1746 adtulit,
1562 1687 1627 1727 nec

227 1775 336 1829 tamen
358 1764 392 1828 id
413 1764 500 1849 quod
523 1764 625 1828 voluit
646 1764 806 1850 probavit.
845 1787 921 1829 nam
944 1787 992 1846 ea,
1016 1786 1080 1850 qua
1102 1764 1154 1828 ille
1177 1789 1255 1829 usus
1278 1775 1335 1842 est,
1364 1768 1488 1831 ratione
1512 1790 1625 1832 omnes

227 1868 424 1952 tragoediae,
453 1890 535 1953 quae
559 1868 702 1934 Senecae
725 1891 843 1934 nomen
870 1891 949 1954 prae
973 1891 1008 1933 se
1035 1870 1152 1954 ferunt,
1182 1892 1255 1934 cum
1279 1869 1418 1935 Octavia
1441 1874 1623 1956 comparari

228 1982 371 2057 possunt.
397 1983 484 2036 certe
504 1971 612 2059 aliqua
635 1996 677 2036 ex
700 1984 792 2059 parte
815 1976 900 2037 inter
923 1996 1033 2037 omnes
1057 1974 1231 2038 similitudo
1254 1973 1415 2060 quaedam
1438 1975 1621 2039 intercedit.

227 2080 261 2142 in
284 2078 430 2143 omnihus
454 2079 541 2142 enim
564 2078 678 2141 eadem
702 2100 753 2141 ars
777 2078 938 2142 rhetorica
961 2080 1167 2163 conspicitur.
1198 2077 1312 2163 quodsi
1335 2079 1369 2141 in
1383 2079 1567 2144 Troadibus
1591 2090 1622 2143 et

228 2184 261 2245 in
285 2182 423 2246 Octavia
446 2182 575 2246 assidue
599 2183 749 2267 querelae
773 2182 993 2266 effunduntur,
1021 2182 1082 2246 hoc
1109 2182 1152 2246 ad
1178 2185 1345 2271 utriusque
1373 2181 1504 2247 fabulae
1527 2206 1620 2268 argn-

228 2295 372 2350 mentum
395 2286 601 2350 referendum
625 2295 682 2349 cst.
714 2286 771 2350 sed
794 2284 879 2349 hanc
895 2286 935 2350 ob
959 2308 1092 2350 causam
1115 2296 1147 2349 et
1169 2296 1351 2371 propterca,
1375 2287 1462 2371 quod
1484 2290 1518 2351 in
1536 2298 1619 2352 utra-

228 2412 291 2475 que
323 2390 435 2454 fabula
463 2390 503 2454 de
532 2392 654 2454 somnio
677 2390 816 2474 quodam
845 2392 964 2455 mentio
987 2390 1032 2472 fit,
1060 2392 1193 2454 minime
1215 2392 1310 2454 statui
1334 2400 1440 2477 potest
1462 2391 1618 2455 Octaviae
1674 2435 1675 2438 =

229 2496 419 2579 scriptorem
441 2496 474 2557 in
492 2494 625 2578 singulis
648 2494 779 2559 fabulae
802 2493 949 2579 partibus
970 2494 1199 2579 componendis
1216 2503 1248 2557 et
1272 2495 1505 2578 coniungendis
1522 2497 1616 2560 Troa·
1674 2479 1675 2492 ¹

228 2598 286 2661 des
309 2600 504 2683 respexisse,
532 2601 723 2684 praesertim
751 2620 825 2663 cum
852 2600 886 2663 in
914 2599 1047 2683 singulis
1068 2598 1167 2663 rebus
1189 2598 1279 2663 nulla
1305 2599 1373 2663 fere
1402 2600 1487 2664 adsit
1514 2600 1615 2666 simili-

226 2702 315 2767 tudo.
361 2700 519 2767 Octaviae
550 2705 636 2767 enim
666 2725 887 2788 personarum,
919 2703 1031 2787 quales
1061 2713 1135 2767 sunt
1163 2703 1258 2780 Nero,
1291 2702 1427 2788 Seneca,
1455 2705 1614 2789 Poppaea,

226 2808 345 2889 nutrix,
372 2806 609 2897 ianroadibus
633 2808 751 2872 similes
773 2830 839 2872 non
862 2808 895 2870 in
918 2829 1071 2871 scaenam
1093 2807 1262 2891 prodeunt.
1298 2817 1331 2871 et
1354 2818 1432 2892 quot
1454 2808 1615 2873 Troadum

226 2911 312 2974 locos
335 2908 492 2974 Octaviae
520 2913 710 2996 scriptorem
737 2911 921 2995 neglexisse
950 2910 1157 2975 statuendum
1183 2920 1279 2993 essct,
1302 2912 1329 2974 si
1356 2912 1487 2997 probari
1510 2925 1616 2997 posset
1673 2923 1674 2968 ἐ

226 3037 299 3080 eum
322 3015 410 3078 illam
433 3014 577 3079 fabulam
600 3015 755 3079 imitando
780 3016 963 3100 exprimere
985 3014 1139 3079 voluisse!
1179 3015 1219 3079 de
1242 3015 1406 3081 Troadum
1430 3018 1527 3099 igitur
1548 3018 1613 3079 imi-

226 3121 347 3183 tatione
379 3141 453 3183 cum
479 3120 621 3183 Braunio
649 3120 784 3203 cogitari
810 3140 881 3183 non
909 3126 1016 3205 potest
1047 3140 1152 3203 neque
1178 3118 1244 3183 ulla
1271 3117 1334 3183 alia
1363 3121 1448 3183 inter
1475 3118 1612 3184 Senecae

227 3221 409 3306 tragoedias
433 3221 591 3287 Octaviae
621 3223 702 3287 adeo
730 3223 841 3287 similis
866 3232 923 3298 est,
954 3232 989 3285 ut
1019 3245 1093 3286 cum
1124 3222 1353 3307 probabilitate
1384 3223 1525 3308 quadam
1552 3224 1612 3287 dici
1672 3227 1673 3274 i

226 3328 326 3412 possit
349 3324 506 3390 Octaviae
530 3328 719 3411 scriptorem
743 3348 814 3390 eam
837 3337 1004 3411 tamquam
1027 3326 1213 3414 exemplum
1235 3337 1383 3391 secutum
1406 3348 1485 3391 esse.
1530 3338 1611 3391 certe
1672 3277 1674 3428 Ι

226 3434 259 3494 in
282 3433 468 3494 universum
499 3430 609 3494 dicere
639 3452 811 3516 possumus
841 3432 875 3493 in
898 3428 1036 3494 Octavia
1065 3416 1220 3516 personas
1247 3451 1311 3495 non
1341 3431 1434 3495 aliter
1463 3439 1555 3515 atque
1581 3433 1611 3495 in

227 3535 369 3600 Senecae
392 3532 512 3598 fabulis
536 3556 570 3597 se
593 3557 717 3619 gerere,
741 3533 800 3599 sed
822 3556 1036 3620 unaquaeque
1059 3557 1198 3619 persona
1221 3544 1324 3599 certos
1340 3534 1498 3619 quosdam
1513 3557 1610 3599 mores

226 3639 339 3722 habet,
370 3638 461 3701 velut
489 3638 577 3702 Nero
608 3660 742 3703 saevum
771 3648 946 3723 tyrannum
979 3660 1013 3703 se
1043 3639 1193 3724 praebet,
1225 3638 1351 3703 Seneca
1379 3638 1608 3725 philosophum3

228 3764 337 3807 omnes
368 3763 446 3805 vero
475 3742 621 3826 rhetoris,
653 3764 717 3807 non
747 3764 855 3807 rerum
885 3744 1050 3827 scriptoris
1079 3764 1169 3807 more
1200 3742 1347 3827 depictae
1377 3751 1459 3807 sunt.
1512 3745 1609 3829 itaque

228 3854 340 3931 aperta
363 3845 524 3930 quaedam
541 3844 686 3910 Senecae
710 3847 844 3911 imitatio
860 3848 893 3910 in
916 3848 1073 3931 personis,
1098 3868 1180 3931 quae
1202 3848 1236 3910 in
1252 3844 1391 3939 Octavia
1413 3846 1608 3925 inducuntur,

227 4055 472 4139 Agamemnone
503 4063 535 4117 et
562 4054 705 4119 Hercule
732 4053 865 4119 Oetaeo.
904 4055 990 4140 quod
1020 4063 1129 4118 autem
1157 4052 1315 4119 Octaviae
1344 4054 1481 4139 scriptor
1513 4057 1608 4120 media

228 4161 260 4222 in
283 4156 393 4222 fabula
416 4158 617 4243 Agrippinae
640 4159 789 4223 umbram
811 4161 845 4222 in
869 4180 1020 4223 scaenam
1042 4158 1180 4240 induxit,
1204 4156 1422 4223 adnotandum
1447 4170 1496 4224 est
1517 4162 1544 4223 in
1560 4160 1606 4224 Se·

228 3949 428 4035 deprehendi
451 3971 514 4014 non
537 3959 652 4035 potest.
699 3950 821 4036 duplex
846 3950 996 4037 chorus¹)
1019 3949 1093 4013 huic
1120 3949 1251 4014 fabulae
1275 3952 1452 4016 communis
1475 3960 1523 4015 est
1544 3974 1607 4016 cum
1670 3937 1671 3990 l

227 4283 328 4326 necac
352 4260 596 4346 Agamemnone
612 4263 764 4348 Thyestis
787 4264 946 4343 umbram,
969 4264 1002 4326 in
1023 4262 1166 4347 Thyeste
1190 4274 1298 4327 autem
1321 4250 1471 4328 umbram
1494 4262 1606 4329 Tantali

333 4420 353 4485 1)
371 4420 439 4469 uam
460 4420 573 4469 eundem
593 4421 711 4483 cnorum,
730 4424 777 4486 qur
794 4438 836 4471 vv.
855 4422 1001 4483 ars-are,
1019 4422 1165 4484 aes-ose,
1184 4422 1330 4483 arr-sss,
1349 4422 1486 4470 era—asa
1504 4436 1604 4486 pronun-
1669 4403 1670 4424 ¹

227 4510 285 4573 tiat,
304 4509 384 4557 stiam
402 4522 445 4555 vv.
464 4508 610 4569 762-779,
633 4509 769 4558 806-819
794 4508 870 4574 loqui
892 4507 1020 4557 credibile
1043 4524 1098 4558 non
1121 4514 1169 4570 est,
1193 4508 1263 4573 quod
1286 4510 1339 4557 iam
1362 4508 1492 4559 Swoboda
1510 4509 1555 4558 vol.
1570 4509 1605 4558 ΠΙ

227 4610 251 4659 p.
266 4596 316 4643 355
335 4594 435 4659 optimo
454 4595 511 4642 iure
529 4594 676 4642 adnotavit.
844 4587 846 4592 ’
