3392 5067
388 185 516 250 306

390 375 830 442 Slothouwero
877 376 1089 440 scribo
1135 378 1238 457 ὡς,
1287 376 1463 462 quod
1494 377 1980 442 Herwerdenus
2029 378 2096 462 (l.
2134 401 2180 443 s.
2219 379 2305 465 c.)
2354 382 2764 444 coniecturae
2803 379 2971 444 illius
3002 382 3178 464 igna-

387 502 497 543 rus
544 481 1041 546 commendavit.

594 584 916 666 Quoniam
972 585 1054 649 de
1108 586 1461 671 particulis,
1522 609 1689 673 quae
1745 586 2232 672 pronominibus
2277 587 2566 652 relativis
2615 588 2944 654 adduntur
2988 599 3052 656 et
3097 589 3182 653 de

388 687 805 753 collocatione
862 691 1111 773 egimus
1167 699 1230 754 et
1282 713 1413 754 una
1465 691 1717 777 reliqua
1763 692 2146 776 pronomina
2191 691 2467 756 relativa
2519 691 2744 777 (ὅστις,
2794 684 2948 776 οἷος,
2996 692 3174 779 ὅσος)

386 801 451 855 et
496 793 812 858 adverbia
858 789 1073 878 (ἓϊθα,
1119 789 1245 881 ἧχι,
1292 791 1385 876 οὗ,
1432 796 1617 882 τόθι)
1650 797 2096 878 tractavimuS,
2122 795 2169 881 ¹)
2216 795 2425 860 modis
2457 806 2649 861 antea
2679 798 2989 863 absolutis
3018 798 3180 862 nihil

384 905 584 960 restat
626 899 745 961 nisi
791 906 864 961 ut
907 899 1268 984 transitum,
1330 900 1439 985 qui
1484 898 1558 963 fit
1602 899 1688 964 ad
1736 899 2264 986 demonstrativa,
2328 899 2757 985 adtingamuS,
2802 904 3180 988 priusquam

384 999 805 1086 disputemuS,
852 1023 1006 1066 num
1051 1002 1395 1067 relativum
1441 1005 1810 1067 inveniatur
1840 1005 1906 1067 in
1940 1004 2811 1089 quaestionibusindirectis.
2872 1010 3179 1071 transitus

386 1113 602 1170 autem
646 1104 752 1169 ille
797 1106 1116 1190 particula
1162 1105 1234 1172 δέ
1279 1107 1711 1191 significatur:
1760 1107 1863 1192 69,
1903 1109 2045 1191 142,
2081 1108 2226 1193 719,
2264 1109 2449 1174 1076.

590 1208 682 1273 Ut
724 1211 793 1272 in
837 1232 1036 1274 unum
1085 1209 1636 1296 comprehendam
1683 1233 1850 1296 quae
1897 1212 1980 1276 de
2028 1213 2516 1298 pronominibus
2564 1213 3082 1279 demonstrativis
3113 1226 3180 1279 et

383 1312 666 1376 relativis
728 1311 1077 1398 disputavi,
1140 1313 1325 1377 vides
1372 1313 1966 1398 Argonauticorum
2026 1318 2407 1403 scriptorem
2461 1316 2623 1382 fines
2668 1340 2821 1382 usus
2866 1319 3178 1384 homerici

382 1416 519 1480 fere
565 1416 960 1503 explevisse3
1006 1417 1205 1483 multo
1254 1421 1465 1482 rarius
1511 1421 1788 1483 inveniri
1835 1441 1912 1483 ea
1958 1424 2337 1506 pronomina
2379 1444 2572 1506 quam
2613 1422 2787 1506 apud
2821 1422 3180 1488 Homerum

385 1521 685 1585 carminis
739 1521 991 1585 ambitu
1042 1531 1345 1608 respecto
1398 1544 1516 1586 nos
1572 1524 1770 1587 miros
1826 1545 1953 1587 non
1999 1524 2288 1589 habebit.
2366 1525 2783 1590 memorabile
2829 1535 2925 1590 est
2976 1531 3179 1614 αὐτὰρ

382 1621 423 1690 δ’
451 1632 516 1687 et
544 1622 585 1691 δ’
610 1647 728 1710 pro
759 1626 831 1704 ὃς
859 1635 1237 1711 usurpatum
1270 1649 1396 1690 non
1428 1627 1579 1710 legi.
1658 1636 1883 1691 contra
1923 1637 2110 1692 extra
2155 1630 2318 1693 fines
2363 1629 2503 1694 illos
2550 1634 2832 1694 excessit
2872 1643 3061 1716 poeta
3108 1633 3178 1695 in

381 1750 505 1792 usu
563 1728 1067 1794 demonstrativo
1131 1752 1399 1795 casuum
1462 1730 1874 1815 obliquorum
1934 1735 2329 1817 pronominis
2390 1733 2644 1797 relativi
2704 1743 2769 1796 et
2829 1736 3178 1799 enuntiatis

380 1831 666 1897 relativis
713 1828 860 1897 cum
905 1833 1274 1898 nominibus
1320 1834 1642 1919 particula
1672 1860 1742 1900 τε
1777 1837 2155 1900 coniunctis.
2234 1847 2500 1924 propter
2533 1839 3018 1902 collocationem
3051 1841 3178 1902 sin-

381 1937 635 2020 gulares
691 1958 832 2001 esse
888 1937 1192 2002 videntur
1249 1961 1357 2001 vv.
1401 1937 1548 2021 381,
1595 1938 1763 2002 1218
1811 1940 2127 2026 simulque
2175 1942 2529 2008 notandum
2574 1951 2673 2007 est
2717 1945 2970 2030 saepius
3015 1943 3181 2008 rela-

379 2041 585 2106 tivum
629 2041 830 2106 altero
881 2044 1031 2127 poni
1076 2045 1388 2106 enuntiati
1434 2042 1595 2107 loco.

509 2292 633 2348 IX.
680 2293 778 2348 De
823 2293 1332 2349 enuntiatorum
1376 2293 1812 2349 relativorum
1856 2298 1925 2351 et
1969 2295 2601 2363 interrogativorum
2645 2299 2957 2375 conflniO.
2975 2293 3023 2372 2)

587 2458 1017 2522 Inveniuntur
1064 2479 1543 2544 nonnumquam
1588 2461 1972 2545 pronomina
2017 2460 2291 2526 relativa
2334 2463 2399 2525 in
2446 2464 2946 2547 quaestionibus»,
3005 2486 3179 2550 quae

380 2560 464 2625 ab
530 2561 730 2625 altero
797 2563 1125 2626 enuntiato
1194 2561 1586 2648 dependent.
1668 2565 1778 2648 qui
1845 2585 1998 2627 usus
2069 2585 2216 2628 cum
2286 2564 2438 2629 inde
2504 2567 2588 2631 ab
2650 2568 2929 2634 Homero
2992 2571 3178 2654 apud

380 2666 725 2750 scriptores
770 2665 1155 2747 inveniatur,
1219 2687 1348 2729 non
1394 2668 1762 2731 accuratius
1811 2688 1953 2730 eam
1998 2690 2136 2731 rem
2184 2690 2627 2755 persequerer,
2690 2674 2810 2735 nisi
2857 2673 3183 2738 Kuehner

377 2768 447 2832 II
486 2773 525 2850 ξ
566 2768 711 2850 562,
744 2769 788 2831 4
832 2767 1197 2854 praefracte
1243 2779 1546 2853 negasset
1592 2770 1938 2834 relativum
1985 2794 2261 2857 usquam
2308 2794 2378 2837 re
2428 2796 2582 2838 vera
2628 2798 2746 2860 pro
2794 2778 3179 2859 pronomine

379 2873 838 2956 interrogativo
884 2874 1164 2958 positum
1200 2895 1360 2938 esse.
1438 2874 1756 2938 Hentzius
1789 2874 1939 2939 olim
1971 2874 2040 2961 (l.
2077 2898 2132 2940 c.
2166 2899 2229 2961 p.
2266 2877 2346 2940 27
2381 2877 2551 2964 sqq.)
2583 2881 2718 2943 vim
2747 2881 3180 2966 principalem

380 2963 773 3062 pronominis
835 2977 923 3057 ὃς,
978 2981 1037 3064 ἥ,
1093 2978 1135 3042 δ’
1182 2979 1713 3063 interrogativam
1773 2978 1970 3042 fuisse
2034 2980 2476 3065 contenderat,
2537 3005 2731 3067 quam
2791 2988 3181 3050 sententiam

378 3090 605 3165 postea
652 3080 765 3166 (cf.
801 3080 1080 3166 append.
1116 3080 1268 3146 edit.
1303 3080 1547 3145 Ameis.
1582 3080 1666 3146 ad
1713 3087 1788 3147 H
1831 3083 1984 3167 171)
2029 3108 2068 3147 a
2114 3085 2519 3150 Windischio
2551 3096 2632 3153 ‚et
2677 3086 2900 3152 Curtio
2947 3086 3028 3152 de
3073 3091 3180 3172 iis,

381 3206 547 3269 quae
592 3183 957 3269 linguarum
1006 3188 1488 3271 comparatione
1521 3188 1928 3268 evincuntur,
1979 3188 2247 3253 edoctus
2280 3188 2536 3253 abiecit.
2629 3189 2744 3254 sed
2783 3192 2953 3274 inde,
2997 3194 3178 3279 quod

381 3311 461 3353 ea
503 3311 630 3353 non
677 3298 818 3352 erat
860 3291 959 3352 vis
1004 3289 1399 3374 principaliS,
1460 3311 1586 3353 non
1644 3292 1934 3375 sequitur
1978 3314 2333 3377 numquam
2377 3294 2622 3358 factum
2669 3317 2830 3378 esse,
2885 3305 2957 3359 ut
3008 3297 3180 3361 falsa

381 3413 577 3479 quam
624 3390 849 3456 dicunt
894 3391 1191 3476 analogia
1208 3393 1259 3478 3)
1322 3392 1597 3478 simplex
1658 3416 2010 3478 pronomen
2057 3395 2398 3461 relativum
2443 3399 2508 3460 in
2561 3399 3179 3483 interrogationibus

379 3497 709 3560 indirectis
754 3517 873 3580 pro
918 3496 1226 3581 relativis,
1290 3506 1362 3559 ut
1404 3499 1494 3560 ita
1541 3496 1778 3579 dicam,
1844 3500 2230 3584 compositiS,
2295 3522 2461 3586 quae
2514 3501 2604 3565 ibi
2658 3501 2871 3567 locum
2925 3503 3178 3567 obtine—

588 3688 628 3752 1)
665 3688 727 3736 Id
763 3703 932 3737 unum
970 3688 1161 3738 addam
1202 3687 1359 3737 valde
1396 3689 1529 3737 mihi
1564 3688 1808 3739 adridere
1832 3689 2136 3741 Ludwichii
2174 3695 2538 3742 coniecturam
2578 3693 2737 3758 (Ann.
2765 3694 2893 3760 phil.
2921 3695 3180 3744 CXXXV

379 3791 429 3839 p.
457 3773 598 3837 648),
637 3775 725 3838 qui
764 3776 822 3822 in
858 3790 908 3822 v.
943 3775 1076 3823 1184
1111 3790 1206 3839 pro
1234 3774 1383 3824 codd.
1413 3776 1675 3839 scriptura
1703 3775 1767 3824 οὐ
1794 3775 1863 3840 δή
1888 3794 1968 3833 τις
1995 3776 2219 3834 ἐσαῦθις
2245 3778 2688 3830 ἀναπλεύσεσθαι
2713 3781 2946 3849 ὀλέθρου
2974 3783 3183 3846 ἤλπετο

379 3863 678 3926 proposuit:
719 3857 837 3909 οὐδ’
864 3859 931 3924 ἦν
967 3877 1063 3924 τις,
1102 3861 1159 3916 ὃς
1196 3851 1348 3916 αὖτις
1382 3861 1491 3911 κτλ.
1554 3862 1900 3912 Hermannus
1926 3869 1980 3913 et
2005 3864 2225 3914 Abelius
2253 3867 2494 3915 scribunt
2531 3863 2650 3916 οὐδ’
2676 3867 2744 3934 ἄρ
2781 3884 2862 3922 τις
2897 3864 2973 3917 ἔτ’
3003 3858 3180 3924 αὖτις.

587 3946 631 4012 2)
659 3946 738 3996 cf.
765 3946 822 3996 C.
850 3948 1161 4010 Burchardi,
1200 3948 1379 3998 Ueber
1416 3948 1464 3998 d.
1492 3948 1651 3998 Gebr.
1679 3949 1772 3998 des
1797 3950 1956 3999 Pron.
1996 3944 2109 4006 οἷος
2145 3951 2233 4001 bei
2269 3953 2425 4002 Hom.
2454 3969 2628 4018 progr.
2656 3953 2977 4005 Duderstad.
3010 3956 3172 4016 1881,

377 4031 439 4082 E.
468 4031 691 4095 Goebel,
744 4033 828 4082 De
864 4035 1365 4099 interrogativorum
1403 4034 1860 4100 relativorumque
1897 4042 2080 4087 enunt.
2120 4037 2352 4087 confinio
2391 4039 2532 4104 apud
2568 4040 2766 4088 Herod.
2806 4055 2979 4105 progr.
3006 4041 3177 4091 Fuld.

382 4120 532 4182 1864,
586 4119 647 4168 Ρ.
682 4119 903 4182 Polack,
949 4122 1032 4170 De
1079 4126 1260 4170 enunt.
1295 4122 1549 4186 interrog.
1588 4123 1731 4188 apud
1766 4122 2153 4188 Antiphontem
2192 4130 2246 4174 et
2283 4123 2611 4174 Andocidem
2649 4141 2764 4175 usu.
2811 4126 2988 4176 Halae
3016 4129 3178 4190 1886,

378 4222 429 4271 p.
456 4207 525 4254 64
548 4221 625 4270 sq.
664 4206 730 4255 cf.
756 4206 1015 4257 addenda.
1493 4212 1497 4216 '

588 4292 629 4359 ³)
667 4292 745 4342 cf.
785 4308 923 4357 quae
961 4294 1023 4345 G.
1058 4294 1331 4345 Deeckius
1376 4296 1433 4344 in
1477 4311 1649 4361 progr.
1684 4296 2065 4346 Buchsweiler.
2100 4313 2147 4346 a.
2180 4299 2329 4360 1887,
2367 4298 2455 4346 cui
2489 4297 2676 4347 libello
2713 4299 3008 4364 inscripsit:
3047 4300 3179 4348 ‘Die

378 4379 578 4443 griech.
606 4380 716 4428 und
752 4379 844 4430 lat.
872 4381 1209 4430 Nebensatze
1246 4381 1345 4430 auf
1376 4382 1780 4433 wissenschaftl.
1809 4381 2121 4449 Grundlage
2146 4398 2252 4432 neu
2278 4384 2556 4448 geordnet'
2581 4385 2658 4433 ait
2693 4400 2742 4448 p.
2770 4385 2852 4432 33:
2891 4385 3014 4434 ‘Die
3036 4384 3180 4435 Ver-

379 4465 648 4530 wendung
674 4465 766 4515 des
791 4465 1005 4516 blossen
1030 4467 1270 4517 Relativs
1295 4469 1368 4516 im
1395 4468 1694 4518 indirecten
1720 4469 2026 4534 Fragesatz,
2067 4470 2153 4519 die
2191 4470 2483 4533 bisweilen,
2521 4471 2807 4520 besonders
2844 4471 3183 4522 dichterisch

379 4551 697 4613 vorkemmt,
734 4551 928 4602 beruht
963 4553 1060 4602 auf
1091 4554 1239 4603 einer
1274 4553 1687 4620 Verwechslung
1725 4555 1824 4604 mit
1862 4554 1982 4604 dem
2019 4555 2385 4605 Relativsatz'.
