3392 5067
190 250 231 314 38

191 442 346 507 confiteor
370 462 422 507 me
446 442 531 505 hanc
554 440 833 504 ratiocinationem
857 438 986 501 omnino
1010 458 1073 505 non
1096 435 1298 520 intellegere,
1321 456 1398 500 nam
1419 434 1507 521 apud
1533 433 1606 497 Ta-

192 550 292 611 citum
317 556 471 610 secuntur
493 545 609 609 verba:
647 543 734 607 Nero
759 592 765 604 .
787 592 798 612 ,.
825 592 831 603 .
860 596 865 606 .
890 541 1049 624 conicpem
1070 540 1236 604 revocavit.
1282 538 1316 602 hi
1339 548 1471 624 questus
1493 540 1605 623 igitur

191 650 349 717 Octaviae
372 673 435 714 non
458 650 615 734 perniciei
638 648 778 729 fuerunt,
802 647 860 711 sed
882 668 1002 728 rumor,
1026 648 1081 731 qui
1104 653 1218 730 postea
1240 647 1406 708 insecutus
1429 654 1486 708 est.

294 754 452 819 Octaviae
468 753 577 817 verbis
594 775 648 815 vv.
666 751 729 813 899
741 773 798 837 sq:
821 773 879 835 qao
902 774 948 812 nie
972 750 1098 813 traditis
1120 748 1239 833 quodve
1261 759 1416 830 tyrcanus
1436 749 1441 831 Ι
1460 757 1516 810 out
1533 750 1604 811 erci-

191 861 269 923 tiam
291 859 401 945 rapina
423 858 505 921 iubat
520 857 663 923 Braunio
680 856 721 919 ad
738 856 911 941 Poppaeae
928 856 1115 935 orationem,
1140 875 1222 938 quae
1239 853 1316 917 Tac.
1333 852 1419 916 Ann.
1434 852 1542 917 XIIII
1555 852 1600 916 61

189 966 318 1049 legitur,
342 964 460 1050 respici
484 962 621 1025 videtur.
670 960 727 1023 scd
752 959 913 1024 Octaviae
938 962 1137 1044 scriptorem,
1166 960 1194 1021 si
1216 958 1304 1021 illam
1326 958 1501 1043 Poppaeae
1525 979 1599 1021 ora-

190 1072 311 1134 tionem
335 1069 497 1152 cognitam
519 1066 695 1144 habuisset,
719 1064 776 1129 tali
797 1064 894 1129 modo
917 1066 987 1127 eius
1009 1064 1167 1127 rationem
1189 1065 1384 1127 iniecturum
1406 1062 1505 1126 fuisse
1521 1063 1599 1147 quis

191 1182 240 1237 θεῖ
262 1174 318 1258 qui
342 1171 478 1236 eredat?

295 1277 348 1341 Ad
372 1274 531 1340 Octaviae
554 1273 658 1338 verba
681 1294 735 1335 vv.
752 1270 815 1335 908
835 1294 916 1357 sqq:
933 1271 1053 1357 fratris
1074 1294 1165 1335 carto
1192 1271 1374 1335 miseranda
1395 1282 1492 1335 ratem
1512 1270 1517 1356 Ι
1537 1272 1599 1334 lrac

190 1404 227 1445 en
249 1382 336 1444 cuius
362 1391 448 1444 aeota
471 1380 582 1442 carina
607 1379 612 1461 1
636 1377 792 1461 quondam
815 1375 966 1462 punctatur,
995 1399 1077 1438 nanc
1100 1386 1128 1439 et
1155 1375 1299 1439 thalamis
1323 1377 1328 1461 l
1352 1375 1483 1461 empulae
1505 1398 1599 1439 soror

190 1485 371 1549 irriseranda
394 1486 486 1548 θεῖεν
509 1483 622 1547 Braun
632 1480 654 1569 ¹)
683 1481 817 1545 adnotat
840 1482 910 1544 veri
934 1481 1036 1544 simile
1059 1502 1130 1544 esse
1154 1482 1345 1566 scriptorem
1368 1503 1407 1545 ea
1431 1480 1471 1545 de
1495 1502 1598 1544 causa

191 1590 365 1655 Octaviam
396 1597 514 1653 sortem
545 1588 657 1651 matris
689 1595 887 1649 metuentem
917 1584 1065 1669 finxisse,
1099 1587 1176 1670 quia
1206 1585 1294 1671 apud
1324 1586 1476 1649 Tacitum
1504 1584 1595 1649 Nero

190 1695 364 1777 Anicetum
397 1692 600 1778 Agrippinae
631 1691 712 1755 trecis
736 1699 931 1775 patratorem
940 1690 965 1774 Ἰ)
996 1699 1151 1771 arcessat,
1182 1698 1217 1752 ut
1246 1689 1407 1775 infensam
1435 1692 1595 1772 coniugem

191 1799 335 1883 depellat.
364 1797 422 1863 sed
445 1796 595 1882 equidem
618 1818 683 1860 non
705 1795 811 1876 vide0,
837 1794 1011 1880 quomodo
1034 1795 1098 1859 tale
1122 1795 1200 1879 quid
1223 1796 1359 1879 cogitari
1381 1797 1493 1880 possit,
1518 1816 1595 1859 cum

191 1903 232 1967 de
255 1901 393 1966 Aniceto
417 1904 449 1964 in
473 1900 641 1983 tragoedia
663 1898 742 1963 nihil
757 1900 888 1963 omnino
904 1898 1039 1963 dicatur.
1071 1901 1213 1984 itemque
1235 1921 1300 1963 non
1322 1898 1483 1983 intellego,
1508 1920 1593 1985 quae

191 2006 366 2070 similitudo
389 2004 570 2069 intercedat
592 2006 676 2067 inter
691 2001 764 2067 Oct.
782 2002 846 2067 914
859 2022 922 2087 sq.:·
941 2003 1009 2089 qais
1031 2026 1099 2066 mec
1122 2002 1214 2089 dique
1234 2004 1344 2085 deflare
1362 2014 1461 2089 potest
1481 2002 1487 2089 Ι
1505 2003 1592 2066 mala

191 2121 223 2175 et
238 2110 341 2175 verba
356 2109 435 2175 Tac.
453 2110 539 2174 Ann.
558 2108 661 2173 XIIII
677 2106 732 2171 63:
756 2130 819 2172 non
842 2107 909 2171 alia
931 2107 1004 2171 exul
1027 2107 1190 2171 visentium
1213 2107 1315 2171 oculos
1335 2110 1453 2172 maiore
1474 2108 1591 2171 mmeri-

191 2216 301 2279 cordt‘c
320 2213 447 2300 adfecit.

294 2319 375 2383 Inde
400 2342 419 2382 a
442 2341 472 2383 v.
490 2317 553 2381 925
577 2318 694 2381 chorus
716 2318 869 2381 miseram
893 2325 1012 2381 sortem
1034 2317 1237 2400 feminarum,
1261 2339 1345 2402 quae
1368 2340 1386 2381 e
1410 2318 1504 2381 domo
1526 2316 1590 2381 Au·

191 2424 277 2507 gusti
294 2434 383 2487 ortae
401 2430 484 2503 sunt,
501 2424 534 2484 in
551 2420 709 2486 Octaviae
726 2422 882 2486 solacium
900 2430 1130 2486 commemorat
1145 2431 1177 2486 et
1192 2430 1363 2507 postquam
1378 2444 1433 2488 vv.
1443 2421 1508 2485 932
1520 2442 1588 2507 sqq.
1681 2481 1682 2484 ,

190 2528 407 2612 Agrippinam
431 2526 614 2613 (Agrippae
638 2535 670 2589 et
692 2525 796 2589 Iuliae
812 2526 922 2608 ffliam,
947 2524 1136 2590 Germanici
1153 2527 1304 2613 uxorem)
1328 2536 1360 2590 et
1376 2549 1429 2591 vv.
1443 2526 1504 2589 941
1519 2547 1587 2611 sqq.

191 2632 320 2695 Liviam
344 2631 459 2716 (Drusi
481 2629 632 2714 uxorem)
659 2631 840 2693 nominavit
863 2652 1039 2715 earumque
1064 2640 1183 2696 sortem
1211 2632 1324 2718 paucis
1347 2631 1457 2696 verbis
1480 2632 1588 2695 rectis-

191 2737 270 2799 sime
287 2737 447 2819 exposuit,
472 2736 578 2820 pergit
594 2756 648 2797 vv.
665 2733 729 2798 944
742 2756 822 2820 sqq:
845 2734 931 2797 Iulia
945 2736 1056 2826 pratris
1076 2736 1157 2822 fata
1172 2747 1275 2800 secata
1298 2748 1357 2819 est;
1376 2736 1381 2823 Ι
1404 2746 1474 2821 post
1496 2735 1587 2820 loppa

191 2851 293 2904 tomen
317 2850 455 2925 lantpero
470 2838 564 2923 ferro
585 2842 589 2919 1
609 2860 700 2901 caeso
728 2849 784 2921 est,
813 2840 952 2923 quamvis
979 2839 1106 2903 crimine
1133 2840 1229 2905 nulle.
1281 2840 1369 2927 apud
1400 2838 1588 2905 Suetonium
1680 2823 1681 2832 ¹

190 2955 299 3008 autem
323 2943 436 3009 Claud.
458 2942 500 3006 29
509 2940 534 3029 3)
557 2942 695 3026 legimus
719 2942 799 3006 duas
827 2943 926 3008 Iulias
949 2968 968 3009 a
993 2943 1127 3009 Claudio
1151 2944 1312 3030 supplicio
1340 2968 1410 3009 esse
1433 2945 1585 3022 adfectas,

190 3050 223 3113 id
247 3048 333 3135 quod
356 3071 398 3111 ex
422 3048 567 3112 Senecae
591 3058 701 3111 satura
723 3069 862 3133 quoque,
890 3070 974 3133 quae
997 3050 1095 3135 vulgo
1119 3051 1237 3114 dicitur
1259 3049 1586 3136 Apocolooyntosis,⁴)
1679 3135 1680 3138 Ἴ

190 3162 391 3237 compertum
413 3152 582 3216 habemus,
612 3150 751 3235 legimus
776 3154 862 3216 enim
884 3153 929 3217 ibi
952 3154 985 3217 X
1004 3154 1039 3216 4:
1074 3154 1162 3238 (tono
1185 3154 1278 3218 divas
1301 3154 1462 3241 Augustas
1483 3176 1585 3217 surre—

189 3260 236 3319 mit
254 3309 260 3319 .
280 3310 284 3317 .
305 3308 310 3318 .
331 3308 335 3318 .
353 3266 382 3319 et
397 3280 517 3319 summo
532 3255 698 3342 facundia
716 3257 893 3339 disseruit:)
920 3308 926 3320 .
946 3308 951 3320 .
971 3309 977 3321 .
996 3308 1002 3322 .
1020 3260 1086 3337 iste,
1110 3280 1196 3342 quern
1211 3260 1332 3339 vidctis,
1349 3282 1410 3343 per
1430 3269 1474 3324 tot
1489 3281 1584 3321 cocos
1679 3267 1680 3278 ¹

190 3402 310 3419 .---.-.’-.-
321 3412 349 3416 --

294 3486 315 3552 ¹)
334 3485 374 3537 Of.
394 3504 419 3552 p.
432 3489 474 3536 47.

294 3574 315 3639 2)
334 3574 374 3624 ef.
393 3574 613 3624 anamiim:
632 3576 751 3624 ‘etvisus
770 3574 882 3625 idoneus
900 3582 1038 3626 maternae
1057 3578 1130 3625 necis
1148 3581 1268 3643 patrator
1285 3576 1414 3625 Anicetus
1431 3613 1437 3625 .
1457 3614 1462 3624 .
1482 3613 1487 3624 .
1505 3575 1582 3639 igitur
1678 3585 1679 3622 1

188 3663 303 3712 accitum
322 3676 384 3711 eum
403 3661 502 3711 Caesar
520 3675 617 3726 operae
640 3662 734 3727 prioris
753 3661 892 3711 admonet:
915 3663 1001 3713 solum
1024 3664 1205 3713 incolumitati
1227 3664 1356 3729 principis
1379 3663 1506 3712 adversus
1522 3663 1581 3710 insi-

188 3748 306 3797 diantem
325 3752 437 3797 matrem
460 3748 628 3797 subvenisse:
653 3748 743 3798 locum
765 3748 838 3798 haud
857 3751 966 3799 minoris
988 3752 1091 3817 gratiae
1115 3752 1224 3813 instare,
1247 3752 1270 3799 si
1288 3752 1431 3815 coniugem
1454 3748 1580 3797 infensam

188 3834 350 3899 depelleret'.
1677 3889 1678 3896 ἵ

292 3920 314 3986 ³)
334 3920 456 3971 Suetonii
468 3921 551 3971 verba
568 3927 631 3971 sunt
649 3922 728 3971 haec:
748 3922 872 3988 ‘Appium
886 3923 1007 3974 Silanum
1026 3939 1199 3974 consocerum
1218 3940 1296 3973 suum
1309 3924 1455 3989 Iuliasque,
1473 3923 1580 3974 alteram
1677 3915 1678 3978 J

187 4008 277 4070 Drusi,
300 4008 413 4058 alteram
437 4006 590 4058 Germanici
614 4008 705 4071 filiam,
730 4010 841 4060 crimine
864 4012 967 4061 incerto
985 4026 1036 4061 nec
1055 4011 1211 4061 defensione
1236 4010 1293 4061 ulla
1311 4012 1373 4061 data
1392 4011 1497 4074 occidit,
1519 4013 1579 4060 itam

187 4095 235 4144 Cn.
245 4096 403 4160 Pompeium
422 4095 530 4145 maioris
548 4095 620 4145 filiae
633 4098 720 4145 virum
733 4102 761 4146 et
772 4098 798 4147 S.
809 4098 930 4149 Silanum
949 4100 1060 4147 minoris
1077 4099 1222 4163 sponsum'

290 4180 312 4246 4)
332 4183 413 4231 Hunc
431 4182 561 4246 libellum,
580 4185 625 4232 cui
642 4184 671 4232 in
690 4185 875 4249 antiquissimo
889 4185 1060 4250 sangallensi
1078 4185 1170 4235 codice
1187 4186 1345 4251 inscriptum
1363 4192 1404 4235 θεῖ
1422 4186 1495 4235 ‘Divi
1507 4185 1578 4234 Clau·
1676 4225 1677 4246 .

187 4269 224 4318 dii
237 4266 419 4327 ΑΠΟΘΗΟΣΙΣ
431 4268 537 4318 Annaei
551 4269 669 4319 Senecae
688 4286 735 4335 per
747 4272 873 4321 saturam’
892 4271 932 4337 (in
946 4272 1041 4321 ceteris
1054 4272 1150 4321 titulus
1168 4277 1209 4322 est
1228 4273 1316 4322 ‘ludus
1334 4275 1362 4322 in
1380 4260 1492 4323 mortem
1506 4272 1577 4322 Clau·
1676 4277 1677 4336 ξ

187 4354 244 4419 dii')
265 4384 296 4391 -
316 4352 532 4413 ἀποκολοκΰντωσις
552 4362 659 4422 propter
677 4372 710 4407 ea
728 4360 890 4421 nominatur,
909 4374 979 4424 quae
996 4359 1069 4422 apud
1081 4359 1160 4408 Dion.
1174 4360 1223 4409 LX
1235 4362 1268 4410 35
1287 4366 1430 4409 extant-
1449 4375 1466 4409 a
1484 4358 1578 4409 Seneca

188 4443 367 4506 conscriptum
388 4458 446 4492 esse
465 4449 599 4508 negarunt
617 4448 707 4493 nostra
725 4450 814 4495 aetate
833 4445 912 4495 Stahr
923 4447 1033 4510 Agripp.
1045 4447 1059 4494 Ι
1071 4462 1096 4510 p.
1111 4448 1161 4495 338
1174 4462 1231 4511 sqq.
1251 4451 1278 4497 θῖ
1295 4447 1375 4496 Riese
1393 4446 1462 4496 Phil.
1482 4446 1577 4495 XXVII

186 4545 211 4593 p.
225 4529 320 4593 3⁶21sq.
344 4535 372 4579 at
390 4544 561 4594 nequaquam
580 4530 656 4580 firma
673 4531 707 4581 ad
725 4532 794 4581 hanc
813 4534 974 4582 sententiam
994 4533 1219 4597 comprobandam
1237 4535 1409 4600 protulerunt
1425 4539 1576 4599 argumenta

186 4614 392 4667 cf.Teuffeliunr
412 4618 439 4665 in
459 4618 523 4667 Litt.
542 4616 588 4667 lat.
607 4618 668 4667 hist.
689 4618 741 4682 (ed.
755 4619 781 4681 4)
801 4635 825 4685 p.
840 4620 890 4668 649
900 4635 937 4684 sq.
958 4618 984 4684 (ἓ
997 4621 1056 4682 289,
1071 4620 1103 4686 7),
