3392 5067
186 186 249 250 202

186 384 318 463 ἀγαθῶν
345 375 459 463 ἔλαβες
488 383 597 461 κακόν,
627 381 670 459 ὣς
698 382 731 446 ula*
762 380 817 445 καὶ
854 378 943 459 αὖτις
962 381 966 466 l
987 382 1115 447 ἐκδῦναι
1137 392 1250 465 πειρῶ,
1277 383 1358 446 1097
1376 406 1422 470 sq.
1446 386 1506 475 ἤδη
1529 387 1582 452 καὶ

185 490 391 568 πτερύγεσσιν
413 483 590 570 ἐπαίρομαι
612 488 694 551 ὥστε
717 489 863 551 πετεινὸν
883 486 888 571 Ι
907 487 942 549 ἐι
965 484 1075 573 λίμνης
1098 488 1242 574 μεγάλης.

289 590 410 669 Restat,
435 598 469 652 ut
492 591 604 673 paucis
628 592 855 674 perstringam,
880 611 962 674 quac
985 591 1163 676 particulae
1186 593 1218 654 in
1242 591 1360 676 elegeis
1376 615 1450 657 cum
1467 596 1582 659 vocula

185 693 240 758 καί
263 697 452 758 coniunctae
479 694 695 758 inveniantur.
741 694 803 758 loci
827 705 936 758 autem
959 697 1004 759 ita
1028 698 1207 780 comparati
1230 706 1304 760 sunt
1325 700 1496 783 perpauci3
1520 699 1581 762 hae

186 801 270 862 cuim
286 798 463 883 particulae
479 808 608 883 praetor
626 797 752 885 καίπερ,
769 800 809 863 (10
826 822 890 885 quo
906 822 1005 884 supra
1020 809 1130 864 actum
1146 810 1204 883 est,
1229 801 1396 885 copulatae
1416 802 1580 886 leguntur:

184 901 237 967 καί
268 927 302 966 τε
332 901 476 985 Theogn.
505 903 565 965 138
597 913 628 966 01
660 903 723 966 662
752 904 806 989 (cf.
831 902 872 968 G.
898 902 1028 967 Christii
1052 907 1279 969 commentatio
1304 906 1383 969 ‘Der
1406 905 1581 971 Gcbrauch

186 1006 245 1069 der
268 1006 490 1089 griechischen
514 1006 659 1071 Partikel
682 1006 737 1090 aa‘’;
760 1018 822 1072 act.
840 1007 933 1071 acad.
951 1009 1078 1073 Monac.
1094 1033 1123 1073 a.
1144 1008 1226 1072 1880
1248 1032 1279 1094 p.
1296 1010 1362 1095 42),
1386 1009 1443 1074 ubi
1465 1011 1498 1076 hi
1520 1012 1581 1075 loci

185 1112 324 1173 citantur
352 1119 383 1174 et
410 1114 455 1176 ita
483 1111 696 1196 explicantur,
725 1120 760 1175 ut
791 1114 965 1194 genuinam
997 1113 1063 1176 vim
1091 1113 1168 1177 ‘und
1198 1113 1291 1176 auch’
1320 1116 1385 1178 iam
1412 1117 1581 1179 evanuisse

184 1238 289 1300 neque
313 1216 415 1281 verba
435 1216 489 1281 καί
511 1241 546 1281 σε
570 1216 699 1281 differre
723 1214 825 1280 asola
847 1217 1008 1302 particula
1029 1215 1083 1281 καί
1104 1226 1273 1299 statuatur,
1296 1216 1351 1283 aul
1373 1220 1412 1309 δή
1436 1220 1581 1303 Theogn.

188 1321 279 1402 1107,
303 1320 358 1386 καὶ
381 1323 420 1408 (1η
442 1331 495 1387 νῦν
519 1320 612 1402 1316,
640 1319 695 1386 καὶ
716 1373 723 1385 .
746 1319 819 1401 .(1έ,
848 1343 907 1405 pro
931 1321 1048 1406 quibus
1070 1322 1233 1385 Homerus
1256 1322 1342 1387 nullo
1366 1324 1466 1389 verbo
1488 1328 1583 1389 inter·

185 1427 269 1488 10010
292 1424 346 1491 καί
369 1424 405 1492 δέ
428 1427 516 1508 (11011,
540 1425 679 1489 Demod.
697 1425 727 1507 2,
744 1426 774 1508 2,
798 1424 932 1512 καὶγὰρ
956 1425 1104 1512 (etenim)
1128 1427 1272 1511 Theogn.
1296 1428 1367 1509 177,
1383 1429 1464 1513 040,
1490 1429 1582 1510 1311,

185 1528 238 1593 καὶ
262 1534 319 1616 γὰρ
337 1584 344 1596 .
361 1582 368 1595 .
385 1526 436 1616 ἄρ’
459 1530 531 1605 966,
565 1528 619 1595 καὶ
648 1534 706 1615 γάρ
735 1554 786 1595 τοι
810 1528 885 1593 525.
930 1530 1015 1594 adde
1046 1532 1113 1612 κόίν,
1146 1530 1187 1595 (10
1218 1554 1282 1617 quo
1312 1532 1412 1597 verbo
1444 1533 1583 1619 elliptice

185 1635 281 1716 dicto,
311 1636 401 1699 cuius
428 1638 475 1699 rei
502 1637 642 1720 primum
670 1635 856 1719 exemplum
884 1644 933 1699 001
960 1635 1023 1700 Sol.
1047 1635 1099 1720 20,
1123 1636 1138 1697 1
1164 1631 1235 1701 ἀλλ)
1253 1636 1287 1702 εἴ
1304 1661 1359 1722 μοι
1382 1638 1441 1701 κᾶν
1461 1645 1514 1702 νῦν
1536 1633 1585 1703 ἔτι

184 1737 323 1823 πείσεαι,
353 1735 438 1816 ἐξελε
460 1749 565 1821 τοῦτο,
590 1739 634 1803 Μ.
657 1739 791 1802 Devarii
820 1738 902 1803 liber
934 1741 989 1825 qui
1012 1750 1060 1804 est
1092 1740 1133 1803 (10
1165 1762 1302 1825 graecae
1334 1741 1463 1824 liuguae
1487 1742 1584 1827 parti-

186 1843 265 1907 culis
290 1844 355 1930 (ed.
380 1845 417 1909 R.
435 1844 546 1929 Klotz)
570 1844 587 1907 Ι
609 1867 640 1929 p.
658 1843 722 1907 655
746 1854 776 1908 01
799 1844 833 1908 II
856 1867 910 1930 pp.
930 1846 992 1908 116
1008 1867 1077 1930 sqq.
1102 1845 1295 1910 conferatur.

288 1949 471 2013 Particulae
494 1947 538 2014 σε’
559 1971 623 2013 non
639 1948 788 2013 omnibus
811 1949 1012 2033 temporibus
1035 1971 1141 2035 neque
1164 1951 1251 2035 apud
1275 1973 1386 2015 omnes
1410 1952 1584 2034 scriptores

185 2056 323 2119 cundem
349 2056 448 2119 fuisse
476 2076 570 2117 usum
598 2057 681 2117 inter
708 2075 817 2117 omues
845 2063 980 2118 constat.
1026 2053 1114 2139 apud
1137 2054 1315 2120 Homerum
1342 2057 1428 2121 enim
1456 2076 1495 2118 ea
1521 2054 1583 2117 fre-

185 2161 394 2245 quentissima
417 2168 465 2223 est
489 2169 586 2243 atquc
609 2159 654 2222 ita
676 2167 860 2243 usurpatur,
884 2168 920 2221 ut
943 2167 998 2221 aut
1015 2160 1082 2222 vim
1104 2160 1200 2243 plane
1223 2158 1442 2245 copulativam
1463 2158 1585 2223 habeat

184 2277 239 2329 aut
263 2265 447 2329 oblitterata
469 2265 503 2325 vi
526 2264 667 2347 genuina
691 2260 859 2327 vocabulis
883 2262 1078 2348 quibusdam
1102 2263 1305 2346 adiungatur.
1352 2262 1583 2349 posterioribus

185 2380 293 2433 autem
320 2367 521 2454 temporibus
547 2368 601 2431 hic
629 2367 760 2452 quidem
787 2358 866 2430 usus
893 2368 997 2450 magis
1024 2368 1193 2452 magisque
1212 2369 1368 2452 evanuit,
1396 2378 1431 2430 ut
1457 2376 1582 2431 tantum

185 2477 251 2539 eius
281 2476 372 2560 quasi
400 2475 539 2557 vestigia
567 2473 753 2537 manserint.
799 2471 852 2535 ille
879 2480 987 2535 autem
1014 2493 1091 2535 usus
1118 2472 1214 2535 valde
1242 2473 1430 2536 imminutus
1457 2481 1506 2536 est
1534 2494 1582 2554 eo,

184 2581 269 2664 quod
290 2579 468 2665 particulae
483 2576 519 2643 ιε’
534 2578 633 2641 semel
648 2578 772 2662 positae
788 2576 945 2661 paulatim
960 2577 1077 2640 vocula
1099 2574 1155 2642 καί
1176 2576 1334 2662 praeferri
1357 2586 1472 2663 coepta
1488 2585 1585 2640 estet

184 2684 416 2769 particularum
432 2681 556 2749 τὲ-ιέ
577 2683 683 2746 locum
698 2679 841 2757 ιὲ-ιιαί
864 2681 917 2744 vel
931 2676 1092 2747 καὶ-καί
1114 2681 1331 2746 obtinuerrmt.
1371 2703 1454 2767 quae
1478 2683 1585 2744 omnia

184 2791 247 2854 iam
275 2792 307 2853 in
332 2789 450 2871 elegeis
475 2788 724 2872 conspiciuntur.
770 2808 846 2848 nam
871 2786 931 2848 etsi
954 2784 1069 2850 vocula
1092 2784 1129 2851 σε’
1151 2785 1251 2850 semel
1274 2788 1379 2871 posita
1402 2795 1434 2850 01
1457 2784 1584 2868 singula

184 2900 286 2961 verba
310 2906 342 2960 et
367 2904 434 2959 tota
458 2894 623 2957 enuntiata
646 2890 848 2975 copulantur,
876 2900 985 2955 tamen
1012 2891 1046 2954 id
1074 2912 1146 2954 raro
1169 2892 1214 2953 tit.
1260 2899 1359 2975 atque
1381 2898 1497 2974 poetae
1519 2888 1589 2951 01οι

184 3006 268 3087 giaci
291 3004 413 3065 evitare
438 2998 639 3079 studuerunt,
662 3019 704 3060 ne
727 2996 830 3061 verba
853 2994 1013 3079 particula
1040 2994 1076 3059 ιε’
1099 2998 1269 3059 coniuncta
1292 2997 1376 3058 inter
1399 3016 1433 3057 se
1456 2996 1583 3078 excipe-

184 3117 269 3186 rent,
293 3128 368 3169 nam
391 3104 476 3189 quod
496 3102 628 3188 quidem
643 3101 685 3165 ad
709 3100 913 3164 substantiva
936 3099 1069 3181 adtinet,
1094 3109 1150 3163 aut
1172 3100 1286 3182 prioris
1310 3098 1504 3162 substantivi
1527 3098 1582 3161 ad·

185 3213 305 3276 tributo
328 3211 504 3295 postposito
528 3216 583 3271 aut
605 3207 736 3271 alterius
759 3205 936 3291 praemisso
960 3225 1136 3267 concursus
1159 3202 1211 3266 ille
1235 3205 1384 3267 evitatur.
1424 3205 1451 3266 01
1473 3213 1584 3267 autem

187 3317 390 3379 substantiva
413 3312 577 3379 adtributo
601 3318 723 3391 carent,
752 3308 815 3373 alia
836 3308 939 3371 verba
963 3309 1218 3391 interponuntur,
1249 3308 1332 3392 quod
1359 3309 1456 3371 etiam
1480 3307 1520 3370 (10
1543 3308 1583 3370 110

185 3423 262 3485 10010
286 3420 381 3497 valet,
411 3418 528 3505 quibus
551 3408 715 3479 adiectiva
736 3414 902 3497 leguntur;
932 3411 972 3474 cf.
997 3411 1088 3496 Tyrt.
1116 3410 1164 3495 10,
1185 3411 1228 3474 23
1250 3412 1311 3499 ἤδη
1338 3412 1446 3476 λευκὸν
1469 3407 1585 3493 ἔχοντα

186 3532 264 3613 κάρη
281 3526 396 3591 πολιόν
418 3548 452 3588 ιε
475 3521 601 3607 γένειον,
627 3518 738 3609 Solfl,
758 3517 797 3580 19
819 3517 969 3605 ἢστάσιν
991 3512 1130 3602 ἔμφυλον
1152 3517 1293 3599 πόλεμόν
1316 3512 1353 3582 θ’
1369 3509 1490 3581 είίόονι)
1508 3516 1585 3579 ἒπε-

185 3629 290 3715 γείρει,
314 3629 391 3693 ibid.
413 3629 462 3712 13,
480 3626 519 3689 61
543 3629 599 3692 τὸν
622 3626 657 3691 aa
678 3629 791 3701 κακαῖς
813 3622 956 3687 νούσοισι
978 3626 1170 3704 κακούμενον
1193 3618 1360 3705 ἀργαλέοις
1381 3643 1425 3685 τε.
1451 3642 1584 3684 concur-

186 3760 238 3797 sus
267 3738 378 3819 igitur,
407 3754 504 3819 quern
532 3731 692 3794 Homerus
720 3727 851 3812 quidem
879 3747 942 3788 non
971 3735 1176 3810 aspernatur,
1204 3726 1368 3787 rarissime
1395 3724 1445 3803 fit,
1473 3724 1523 3788 bis
1548 3726 1584 3787 in

186 3842 403 3921 substantivis,
427 3837 572 3918 Theogn.
599 3832 680 3897 1297
699 3853 756 3915 sq,
781 3830 836 3894 ubi
860 3830 997 3894 alterum
1021 3851 1137 3892 nomen
1160 3830 1193 3891 in
1216 3830 1364 3913 proximo
1386 3851 1484 3892 versu
1506 3828 1585 3912 legi-

186 3957 246 4029 tur,
272 3951 357 4011 0οῶν
381 3940 409 4010 δ’
424 3939 580 4021 ἐποπίζεο
603 3946 694 4027 μῆνιν
713 3938 717 4015 l
736 3935 831 4019 βάξιν
852 3940 880 3999 τ’
897 3939 1080 4021 ἀνθρώπων
1103 3933 1213 3996 01302
1235 3934 1361 4020 λάτρισι
1383 3932 1438 3999 καὶ
1460 3931 1586 4019 δμωσὶν

185 4048 307 4135 γείιοσί
320 4046 350 4114 τ’
367 4052 561 4132 ἀγχιθύροις,
586 4043 642 4107 ubi
659 4042 862 4105 substantiva
878 4061 1013 4104 caesura
1029 4039 1231 4102 dirimuntur.
1262 4038 1347 4121 quod
1364 4040 1390 4101 si
1413 4037 1507 4122 plura
1529 4058 1584 4101 110-

186 4160 274 4220 mina
297 4155 457 4237 leguntur,
480 4170 639 4234 nusquam
661 4144 697 4212 τὲ
718 4147 763 4210 110
777 4155 961 4229 usurpatur,
984 4151 1021 4206 ut
1036 4143 1128 4207 alteri
1148 4150 1180 4203 01
1200 4144 1356 4226 proximis
1378 4142 1583 4224 adnectatur,

186 4285 249 4324 uon
273 4263 350 4323 item
373 4258 487 4343 primo,
512 4263 650 4337 excepto
667 4273 731 4315 uno
753 4250 832 4325 loco,
859 4271 922 4334 quo
938 4249 1024 4331 ὁμῶς
1046 4248 1148 4332 primo
1164 4246 1265 4310 verbo
1288 4247 1465 4331 praecedit,
1489 4245 1583 4330 Tyrt.

188 4367 237 4446 12,
262 4366 366 4448 41sq.
398 4360 541 4445 (repetiti
571 4357 715 4440 Theogn.
741 4354 804 4418 935
832 4353 896 4439 sq.)
923 4357 1042 4430 πάντες
1069 4345 1133 4417 (1ον
1160 4355 1319 4415 θώκοισιν
1345 4351 1431 4435 ὁμῶς
1457 4348 1524 4415 νέοι
1550 4352 1587 4415 οἵ

186 4496 220 4534 ιε
248 4464 319 4534 κατ’
343 4470 437 4533 αὐτὸν
457 4466 461 4551 l
481 4463 648 4529 01100σο
676 4464 777 4547 χώρης
800 4460 833 4525 o‘t'
854 4482 888 4522 ιε
915 4458 1135 4542 παλαιότεροι.
1176 4478 1260 4540 quae
1288 4477 1362 4518 cum
1388 4458 1434 4518 ita
1461 4458 1523 4518 siut
1550 4466 1586 4517 et

187 4584 301 4659 poetae
326 4572 459 4655 elegiaci
485 4588 676 4633 concursum
693 4564 969 4629 substantivorum
992 4571 1157 4646 tamquam
1174 4560 1342 4645 scopulum
1365 4560 1501 4644 fugiant,
1525 4560 1585 4623 vix
1693 4631 1694 4636 .
