3392 5067
1481 232 1545 297 259

247 422 293 486 Ut
314 422 379 486 iam
402 420 442 485 de
458 421 536 485 locis
559 421 666 485 dubiis
690 442 863 505 exponam,
886 422 921 484 in
942 443 975 485 v.
990 419 1055 485 290
1070 422 1207 506 ἄροισθε
1230 420 1291 509 (sie
1307 422 1405 502 RSV,
1430 424 1544 511 reliqui

143 525 281 612 ἄρησθε)
313 525 563 611 praeferendum
593 547 663 589 esse
687 525 826 607 videtur,
859 546 934 588 cum
957 525 1174 610 praecedente
1202 534 1347 613 tempore
1370 531 1570 613 praeterito*

128 653 219 695 -cum
249 631 414 716 particulis
443 654 497 695 κεν
530 628 583 693 vel
613 632 652 695 tu
681 627 873 715 plerumque
904 631 1066 715 optativus
1094 632 1316 715 coniungatur.
1362 633 1396 696 in
1425 655 1456 696 v.
1481 632 1543 697 647

144 734 237 802 πέλοι
265 735 472 800 scribendum
502 756 573 799 esse
596 736 804 800 Hermannus
827 734 906 798 mihi
934 736 1095 828 persuasit
1118 735 1167 799 bis
1190 734 1314 800 verbis:
1354 736 1427 823 ‘clip
1459 737 1545 823 quod

144 864 161 905 e
186 841 256 905 cod.
276 840 406 905 Ruhnk.
427 840 551 925 recepit
574 838 802 920 Schneiderus,
833 838 1008 903 manifesta
1029 841 1250 925 interpretatio
1273 850 1331 923 est,
1355 863 1438 926 quae
1461 841 1546 907 hanc

145 952 232 1007 certe
256 945 426 1009 utilitatem
450 944 558 1027 habet,
586 953 621 1007 ut
643 943 720 1007 inde
747 942 840 1008 πέλοι
865 944 1023 1029 scriptum
1046 943 1144 1007 fuisse
1167 967 1186 1008 a
1217 954 1314 1029 poeta
1338 947 1544 1011 coniciamus’

145 1118 210 1204 (Vo
241 1118 341 1183 habet
370 1068 485 1205 artui).
532 1118 659 1183 accedit
689 1118 774 1202 quod
805 1139 934 1203 semper
965 1119 1190 1181 coniunctivae
1220 1119 1329 1182 aoristi
1359 1131 1544 1207 usurpatur,

144 1232 257 1287 contra
279 1224 459 1308 praesentis
482 1244 609 1308 quoque
632 1224 817 1309 optativus3·
834 1222 876 1287 ef.
895 1221 967 1305 191,
983 1221 1058 1300 449,
1075 1222 1178 1308 (691),
1197 1221 1269 1306 796,
1289 1222 1382 1305 1303,
1406 1226 1545 1311 denique

144 1326 217 1410 603,
241 1329 303 1392 nisi
318 1326 363 1391 ibi
386 1326 516 1391 lectioni
539 1327 696 1392 librorum
712 1327 786 1391 svo
810 1324 955 1392 ἀλέοιντο
978 1336 1113 1412 propter
1127 1328 1328 1411 praecedens
1350 1327 1545 1412 μειλίξαιπο

143 1433 394 1519 praeferendum
418 1429 466 1496 es‘t
489 1432 575 1518 quod
598 1432 660 1497 RV
682 1432 841 1519 praebent
864 1430 1020 1499 ἀλέαιντο.

250 1537 398 1623 Adparet
427 1560 470 1600 ex
500 1536 562 1601 hac
593 1536 705 1601 tabula
734 1537 1030 1621 Argonautieorum
1061 1538 1253 1621 scriptorem
1283 1538 1384 1602 multo
1416 1541 1544 1625 saepius

145 1664 243 1728 quam
274 1642 415 1727 reliquos
446 1643 555 1727 epicos
585 1644 778 1727 posteriores
809 1640 998 1706 adhibuisse
1027 1666 1080 1706 κεν
1102 1641 1155 1705 vel
1185 1641 1232 1706 ἄν.
1278 1643 1337 1707 sed
1367 1643 1546 1709 Homerum

144 1749 286 1812 imitatus
308 1746 390 1811 adeo
414 1748 447 1811 in
471 1756 606 1810 externa
629 1769 737 1811 rerum
761 1748 871 1832 specie
892 1746 1006 1828 haesit,
1037 1756 1074 1810 ut
1096 1746 1196 1811 multo
1220 1749 1349 1831 saepius
1372 1769 1469 1833 qnam
1492 1749 1545 1813 ille

146 1874 200 1915 eas
223 1851 399 1937 particulas
426 1852 644 1937 praecedente
675 1859 820 1937 tempore
842 1852 1017 1937 praeterito
1040 1859 1173 1936 poneret
1195 1874 1235 1915 ac
1258 1850 1448 1938 plerumque
1472 1876 1545 1917 eum

144 1958 288 2041 optativo
313 1957 533 2039 coniungeret,
566 1954 652 2040 quod
675 1957 837 2019 rarissime
861 1956 899 2019 fit
921 1954 1010 2040 apud
1034 1954 1221 2021 Homerum.
1268 1978 1346 2020 num
1368 1958 1467 2042 igitur
1490 1957 1546 2021 du·

144 2060 329 2143 bitabimus,
354 2061 431 2146 quin
451 2058 525 2123 talis
541 2070 638 2145 poeta
653 2063 857 2124 coniunctivo
873 2069 905 2123 et
920 2061 1063 2145 optativo
1078 2061 1261 2145 promiscue
1277 2084 1355 2125 usus
1378 2063 1428 2143 sit,
1451 2063 1496 2125 ita
1511 2072 1548 2126 ut

95 2246 97 2253 Α
145 2165 329 2229 discrimine
345 2163 432 2228 nullo
449 2164 620 2229 observato
637 2167 816 2249 optativum
831 2164 974 2228 Homero
991 2164 1190 2228 usitatiorem
1206 2167 1334 2251 saepius
1357 2187 1454 2250 quam
1470 2188 1497 2231 e.
1513 2190 1545 2251 g.

145 2270 284 2349 Quintus
300 2269 494 2333 admitteret.
513 2278 544 2332 et
559 2292 594 2333 re
610 2291 689 2333 vera
706 2290 944 2354 quamcumque
961 2270 1157 2333 coniunctivi
1174 2268 1423 2354 explicationem
1438 2274 1546 2335 aviris

146 2372 248 2437 doctis
265 2381 417 2437 statutam
434 2372 489 2459 (of.
507 2373 631 2437 Weber
654 2372 670 2435 I
685 2372 726 2437 51
745 2396 825 2459 sqq,
850 2374 993 2457 Vogrinz
1015 2372 1035 2437 l.
1053 2396 1077 2436 s.
1096 2395 1123 2436 c.
1139 2396 1171 2459 p.
1189 2372 1250 2436 317
1268 2373 1353 2459 sqq.)
1376 2375 1546 2461 amplexus

145 2480 217 2561 eris,
241 2477 363 2541 nullam
379 2477 527 2542 omnibus
550 2478 645 2542 huius
662 2480 813 2542 carminis
836 2476 916 2541 locis
933 2479 1107 2541 convenire
1130 2476 1225 2541 facile
1240 2478 1299 2542 tibi
1322 2480 1545 2564 persuadebis.

248 2583 358 2647 Unum
380 2592 551 2668 praeterea
574 2605 828 2647 commemorare
850 2583 958 2647 liceat.
991 2583 1216 2646 coniunctivus
1239 2593 1313 2668 post
1334 2587 1547 2669 praeteritum

145 2688 309 2751 invenitur
339 2687 426 2773 apud
457 2687 646 2769 Homerum,
676 2687 866 2769 Hesiodum,
897 2687 1086 2768 Pindarum,
1117 2697 1230 2773 poetas
1260 2690 1412 2773 tragicos,
1443 2692 1547 2754 rarius

145 2802 254 2856 tamen
284 2813 343 2877 pro
365 2813 499 2855 numero
529 2792 683 2873 locorum,
716 2792 834 2878 quibus
857 2794 1019 2877 optativus
1049 2791 1175 2874 legitur.
1222 2789 1381 2856 fluctuant
1404 2802 1546 2867 oratores

146 2898 246 2980 attici,
262 2897 358 2961 ita-ut
375 2905 553 2981 aequentur
568 2895 636 2959 fere
652 2898 736 2959 inter
752 2918 786 2959 se
799 2897 1022 2960 coniunctivus
1038 2904 1071 2958 et
1086 2898 1259 2981 optativus.
1283 2896 1376 2961 Plato
1393 2906 1424 2960 et
1439 2898 1546 2962 Xeno-

146 3000 233 3085 phon
256 3002 436 3086 optativum
458 3000 663 3086 praeferunt3
698 3000 787 3086 apud
808 3000 1012 3065 Herodotum
1035 3008 1143 3064 autem
1167 3010 1199 3064 et
1222 3000 1450 3087 Thucydidem
1473 3025 1546 3066 oon-

145 3106 307 3169 iunctivus
324 3107 504 3189 optativum
520 3115 652 3191 superat
667 3105 724 3191 (cf.
741 3104 867 3171 Weber
882 3105 915 3170 ΙΙ
933 3105 994 3168 103
1011 3106 1110 3191 sqq.);
1132 3106 1322 3170 Aristoteles
1339 3128 1466 3193 semper
1479 3108 1547 3171 fere

148 3209 513 3276 coniunctivum‘habet
536 3210 676 3297 (Weber
697 3233 728 3296 p.
746 3210 817 3297 25);
856 3210 1013 3296 Polybius
1043 3213 1076 3274 in
1099 3212 1242 3296 quinque
1272 3211 1434 3297 prioribus
1456 3211 1547 3276 libris

148 3313 248 3379 semel
275 3317 464 3401 optativum,
488 3317 597 3379 tricies
622 3314 722 3379 semel
746 3316 991 3379 coniunctivum
1014 3317 1184 3400 usurpavit
1218 3315 1380 3402 (Kaelker
1409 3339 1440 3401 p.
1457 3316 1545 3402 288).

147 3420 255 3483 nescio
271 3442 312 3483 an
333 3418 419 3502 inde,
444 3420 530 3505 quod
546 3420 690 3484 historici
706 3420 803 3505 primi
819 3421 1060 3484 coniunctivum
1082 3421 1210 3505 saepius
1227 3420 1427 3486 admiserunt
1449 3444 1547 3507 quam

26 3527 29 3533 '
148 3524 338 3608 optativum,
361 3523 484 3611 aliquid
504 3524 665 3589 redundet
688 3524 730 3587 ad
753 3524 988 3589 aestimandam
1011 3526 1222 3609 posteriorum
1246 3528 1411 3612 epicorum
1433 3536 1546 3593 artem.

148 3649 191 3690 ex
205 3627 268 3691 567
287 3629 458 3692 enuntiatis
474 3628 625 3693 finalibus
639 3628 821 3693 Homericis
836 3629 897 3692 116
913 3629 981 3693 fere
998 3638 1127 3714 tempus
1143 3631 1353 3715 praeteritum
1370 3642 1548 3716 sequuntur

149 3730 288 3816 (Weber
302 3732 319 3795 Ι
334 3731 401 3818 50),
427 3754 468 3795 ex
487 3732 548 3796 193
563 3732 758 3796 Herodoteis
783 3732 837 3818 (ef.
855 3732 979 3798 Weber
1001 3732 1017 3795 I
1034 3733 1111 3820 134)
1137 3734 1208 3815 133,
1233 3756 1275 3798 ex
1296 3735 1358 3798 211
1384 3735 1548 3821 Thucydi-

149 3835 217 3899 deis
241 3835 305 3901 225
329 3836 385 3922 (cf.
407 3836 530 3901 Weber
558 3836 592 3900 ΙΙ
615 3836 724 3923 9sq.).
770 3840 803 3901 in
827 3840 981 3919 carmine,
1005 3838 1093 3922 quod
1116 3847 1308 3920 tractamus,
1332 3862 1375 3904 ex
1401 3840 1439 3903 3]
1467 3843 1548 3904 eius-

148 3940 237 4004 modi
265 3942 438 4013 enuntiatis
465 3950 594 4026 tempus
622 3943 832 4028 praeteritum
860 3944 1028 4029 excipiunt
1050 3942 1102 4006 27.
1141 3941 1234 4006 vides
1262 3947 1395 4030 periisse
1419 3947 1549 4029 epicum

147 4043 238 4109 illum
262 4044 415 4127 colorem3
454 4068 517 4111 non
544 4047 609 4111 iam
635 4056 702 4111 tam
726 4068 822 4133 saepe
846 4070 898 4111 res
920 4055 1107 4131 praesentes
1131 4046 1357 4131 narrabantur,
1388 4070 1547 4134 personae

148 4151 249 4235 ipsae,
278 4149 357 4234 quid
379 4150 509 4233 vellent,
534 4150 681 4215 dicentes
704 4151 952 4217 inducebantur.
1010 4173 1074 4236 quo
1098 4152 1226 4237 saepius
1249 4162 1358 4217 autem
1382 4174 1434 4217 res
1458 4177 1548 4240 prae·

148 4255 262 4319 teritae
284 4254 512 4338 narrabantur,
537 4277 574 4319 eo
590 4258 693 4339 magis
710 4278 807 4321 causa
830 4256 928 4320 fuisse
945 4256 1083 4337 videtur,
1101 4279 1160 4320 cur
1176 4258 1380 4322 coniunctivo
1403 4256 1549 4324 adhibito

149 4358 298 4424 voluntas
320 4360 393 4445 ipsa
415 4362 690 4446 exprimeretur.¹)

255 4535 276 4599 ¹)
296 4534 424 4585 conferas
452 4550 551 4601 quaeso
580 4551 649 4601 quae
668 4537 768 4587 Weber
794 4538 914 4603 disputat
941 4553 966 4602 p.
980 4538 1014 4586 28
1036 4535 1093 4603 (ubi
1111 4537 1244 4603 Madvigii
1262 4544 1435 4605 praeceptum
1455 4541 1550 4607 probat

148 4620 290 4687 paululum
314 4624 497 4674 immutatum:
529 4624 588 4674 ‘Oft
611 4624 682 4675 steht
702 4625 803 4689 jedoch
828 4624 899 4676 nach
922 4626 1011 4675 einem
1034 4626 1213 4676 Praeteritum
1237 4624 1284 4675 der
1306 4626 1487 4678 Absiehtssata
1512 4630 1549 4679 im

1346 4712 1394 4763 17*
