3392 5067
323 198 444 260 168

526 388 1034 453 Constructionis
1090 411 1238 453 611111
1288 389 1507 453 11611νο
1564 410 1764 452 unum
1820 397 2002 452 extat
2057 387 2427 472 exemplum
2484 387 2665 472 Tyrt.
2718 387 2827 469 10,
2875 388 2916 451 2
2960 387 3109 474 περὶ

317 490 357 580 ᾗ
418 490 684 579 πατρίδι
751 497 1164 579 μαρνάμενον,
1235 492 1406 576 quod
1472 493 1587 555 vix
1657 492 1872 556 differt
1933 514 1973 555 a
2033 491 2221 575 10618,
2291 490 2523 575 quibus
2592 490 2744 578 περί
2807 495 3109 576 genetivo

318 597 696 662 adiunctum
742 596 995 681 legitur.
1090 606 1313 661 eontra
1357 598 1770 660 accusativus
1831 597 1984 659 satis
2029 597 2302 659 usitatus
2363 604 2501 659 est.·
2565 616 2757 680 quem
2823 619 3010 661 usum
3057 599 3108 660 si

320 725 468 767 eum
512 724 634 765 usu
678 703 949 765 Homeri
1011 704 1469 785 componimus,
1533 701 1708 765 idem
1765 700 2086 784 oolligitur
2145 699 2317 784 quod
2373 702 2499 764 iam
2555 722 2751 786 saepe
2804 701 3104 766 vidimus.

318 806 493 892 apud
560 807 917 871 Homerum
988 807 1159 870 enim
1227 807 1519 891 exeeptis
1585 807 1932 892 perpaucis
2005 806 2189 888 loeis,
2267 804 2501 890 quibus
2567 803 2889 872 πένεσθαι
2960 804 3110 891 περὶ

320 913 581 977 δεῖπνον
625 909 983 995 similiaque
1036 910 1336 994 leguntur
1383 949 1464 957 ——
1513 931 1905 995 quamquam
1958 916 2040 972 1ie
2094 909 2332 975 talibus
2379 909 2642 996 quidem
2686 912 2786 973 vis
2831 912 3110 994 genuina

320 1017 585 1080 evanuit
627 1053 713 1063 —
756 1012 907 1101 περί
948 1040 1013 1080 τι
1062 1038 1317 1102 semper
1362 1014 1444 1079 de
1490 1016 1630 1080 loeo
1678 1015 1934 1099 dieitur,
1982 1016 2048 1078 in
2095 1014 2332 1098 elegeis
2379 1014 2544 1079 aliae
2589 1016 2871 1078 rationes
2922 1015 3108 1099 signi-

318 1120 613 1185 ficantur.
705 1128 899 1204 atque
951 1141 1098 1183 oum
1145 1119 1367 1183 verbis
1420 1118 1742 1185 πένεσθαι
1786 1117 1938 1204 περὶ
1983 1119 2243 1185 δεῖπνον
2288 1118 2578 1203 Theogn.
2627 1141 2688 1182 v.
2742 1116 2908 1182 1359
2961 1116 3112 1204 περὶ

318 1225 526 1290 παῖδα
570 1227 965 1308 πονούμενον
1020 1223 1297 1288 conferri
1353 1231 1581 1308 potest.
1673 1223 1773 1286 his
1819 1232 2036 1286 autem
2081 1222 2258 1304 loeis,
2309 1244 2466 1307 quos
2521 1223 2651 1288 iam
2697 1222 3109 1303 enumerabO,

319 1327 557 1392 similes
618 1328 857 1391 frustra
916 1328 1090 1414 apud
1150 1327 1332 1392 illum
1393 1350 1694 1413 quaeras:
1771 1327 2060 1411 Theogn.
2116 1327 2282 1390 1144
2339 1326 2650 1409 εὐσεβέων
2706 1326 2856 1413 περὶ
2910 1331 3106 1406 θεούς

321 1430 433 1516 (of.
482 1431 645 1495 Plat.
695 1430 895 1497 ConV.
950 1432 1072 1495 193
1105 1431 1198 1518 b),
1248 1431 1376 1497 Sol.
1425 1431 1528 1507 27,
1583 1432 1657 1494 11
1706 1430 1858 1517 περὶ
1915 1435 2129 1497 πάντα
2187 1432 2607 1515 καταρτύεται
2667 1434 2814 1512 νόος
2870 1433 3113 1517 ἀνδρός,

319 1534 431 1599 ubi
475 1545 547 1599 ut
594 1534 720 1599 Sol.
759 1536 857 1618 13,
893 1535 975 1599 69
1008 1557 1101 1621 sq.
1146 1537 1282 1622 (vv.
1316 1538 1571 1622 repetiti
1611 1536 1901 1619 Theogn.
1935 1534 2061 1599 589
2095 1534 2219 1622 sq.)
2267 1539 2426 1614 θεὸς
2467 1534 2618 1622 περὶ
2660 1539 2873 1602 πάντα
2918 1533 3115 1602 δίδω-

320 1662 423 1705 σιν
458 1639 467 1725 Ι
509 1638 839 1729 συντυχίην
882 1641 1018 1704 fere
1064 1639 1360 1705 adverbii
1404 1641 1607 1705 instar
1649 1638 1800 1726 περὶ
1842 1643 2057 1705 πάντα
2103 1648 2218 1723 681,
2282 1638 2409 1705 801.
2459 1638 2518 1722 9,
2564 1640 2607 1703 6
2661 1638 2801 1707 ἀλλ’
2830 1641 2950 1729 ἤδη
2996 1646 3110 1731 χρὴ

319 1742 471 1829 περὶ
527 1749 744 1811 πάντα
788 1752 971 1812 νοεῖν.

531 1852 764 1936 Πρός,
826 1850 1219 1935 ubicumque
1287 1851 1586 1934 genetivo
1654 1848 2018 1935 praeeedit,
2082 1849 2168 1914 ad
2227 1848 2517 1914 homines
2576 1848 2855 1913 refertur
2921 1859 3114 1936 atque

321 1952 496 2017 idem
568 1954 703 2018 fere
779 1955 1102 2039 signifieat
1176 1955 1348 2041 quod
1422 1954 1692 2020 latinum
1761 1958 1855 2039 ‘a,
1913 1955 2048 2019 ex'.
2147 1977 2277 2019 11011
2351 1957 2562 2019 minus
2637 1964 2886 2040 septem
2958 1956 3115 2019 loeis

322 2057 573 2143 (Mimn.
622 2058 683 2137 2,
727 2060 789 2144 4,
850 2058 973 2124 801.
1028 2060 1127 2142 13,
1175 2060 1235 2141 3,
1292 2060 1580 2145 Theogn.
1628 2059 1778 2143 556,
1825 2059 1971 2138 810,
2022 2059 2208 2143 1010,
2260 2058 2446 2144 1182,
2498 2058 2691 2144 1280)
2749 2062 2912 2146 πρός
2971 2082 3115 2124 611111

321 2163 626 2247 genetivo
682 2163 945 2249 pluralis
1001 2162 1186 2228 verbi
1233 2166 1389 2242 θεός
1435 2166 1862 2248 coniungitur,
1925 2163 2009 2227 ad
2066 2186 2224 2249 quos
2285 2163 2576 2248 Theogn.
2639 2163 2761 2227 381
2854 2162 3002 2230 οὐδέ
3052 2188 3119 2230 τι

320 2266 683 2353 κεκριμένον
726 2271 888 2354 πρὸς
933 2266 1235 2354 δαίμονός
1276 2269 1416 2335 ἐστι
1457 2261 1790 2354 βροτοῖσιν
1843 2278 1907 2333 61
1956 2268 2121 2332 1339
2175 2266 2510 2352 ἑκλέλυμαι
2563 2268 2633 2334 δὲ
2686 2269 2909 2334 πόθου
2954 2272 3116 2354 πρὸς

320 2371 705 2458 ἐυστεφάνου
749 2371 1126 2462 Κυθερείης,
1174 2373 1286 2439 ubi
1334 2372 1681 2438 verborum
1725 2373 1970 2437 formae
2001 2382 2149 2437 sunt
2187 2374 2505 2458 passivae,
2540 2394 2739 2459 prope
2770 2372 3111 2437 accedunt.

321 2476 534 2538 minus
578 2477 886 2541 usitatum
915 2478 1077 2563 πρός
1104 2502 1229 2543 τινι
1274 2486 1389 2541 681.
1435 2499 1586 2541 116111
1634 2486 1893 2562 praeter
1924 2476 2212 2561 Theogn.
2247 2475 2375 2541 215
2407 2499 2500 2562 sq.
2535 2475 2607 2556 ὃς
2649 2476 2805 2544 ποτὶ
2849 2475 3069 2567 πέτρῃ,
3102 2478 3110 2563 Ι

320 2589 400 2669 τῇ
444 2582 915 2670 προσομιλήσῃ,
976 2588 1152 2661 τοῖος
1212 2582 1372 2648 ἰδεῖν
1415 2582 1615 2669 ἐφάνη
1680 2582 1740 2666 (ε
1784 2580 1913 2645 415
1966 2582 2131 2672 βάλῃ
2176 2579 2403 2649 λίθακι
2454 2580 2615 2647 ποτὶ
2667 2581 2920 2672 πέτρῃ),
2989 2604 3115 2668 quo

319 2683 459 2750 loco
506 2683 713 2750 forma
756 2684 914 2752 ποτί
960 2695 1159 2769 extat,
1207 2707 1373 2771 quae
1420 2685 1648 2751 eadem
1688 2686 1872 2771 Tyrt.
1911 2685 2010 2768 16,
2049 2686 2080 2747 1
2118 2684 2366 2773 (anap.)
2412 2685 2667 2770 legitur,
2716 2695 2780 2749 et
2814 2686 3114 2772 Xenoph.

325 2788 384 2874 7,
431 2789 471 2852 3
531 2788 765 2857 ἐείκοσι
819 2789 1011 2857 πέντε
1055 2815 1124 2856 τε
1178 2794 1340 2877 πρὸς
1391 2797 1529 2869 τοῖς
1596 2789 1844 2854 nullum
1912 2792 2048 2855 eius
2114 2812 2269 2854 usus
2331 2790 2705 2875 exemplum
2771 2791 3114 2855 invenitur.

325 2895 497 2979 quod
552 2896 606 2958 si
660 2898 727 2959 in
771 2895 994 2960 ultimo
1042 2918 1233 2960 versu
1279 2897 1441 2982 πρός
1484 2898 1617 2960 vim
1662 2896 1846 2961 latini
1893 2895 2188 2982 ‘praeter'
2237 2894 2464 2978 habet,
2522 2886 2750 2960 eadem
2793 2917 2922 2960 uno
2975 2896 3119 2959 1060

323 2997 612 3082 Homeri,
671 3024 710 3063 κ
748 2999 829 3063 68
884 2998 1100 3087 ἕταροί
1141 3025 1211 3065 τε
1262 2998 1475 3082 κακοί,
1537 3004 1701 3087 πρὸς
1751 2999 1924 3067 τοῖσί
1964 3024 2034 3065 τε
2089 3004 2282 3078 ὕπνος
2342 2999 2686 3064 statuenda
2740 3008 2864 3083 est,
2922 3021 3116 3084 saepe

324 3101 500 3188 apud
562 3103 995 3188 Herodotum,
1058 3107 1167 3190 qui
1228 3114 1292 3169 et
1348 3108 1511 3190 πρὸς
1564 3110 1816 3184 τούτοις
1865 3103 2127 3191 (τούτῳ)
2191 3113 2256 3167 61
2314 3106 2476 3188 πρὸς
2529 3102 2602 3170 δέ
2661 3103 2835 3168 dicit.
2926 3126 3115 3189 porro

324 3213 487 3293 πρός
529 3230 613 3288 τι,
667 3208 839 3292 quod
900 3209 1074 3293 apud
1129 3209 1489 3273 Homerum
1549 3208 1633 3274 ad
1688 3230 1810 3291 res,
1869 3230 2032 3293 quae
2089 3215 2462 3289 cernuntur,
2517 3206 2744 3272 referri
2800 3207 2978 3291 solet,
3035 3209 3119 3272 ad

326 3309 618 3375 homines
672 3320 923 3378 tantum
973 3336 1120 3377 611111
1166 3313 1384 3379 verbis
1429 3312 1765 3399 pugnandi
1821 3320 1886 3375 et
1929 3311 2233 3396 loquendi
2289 3312 2721 3394 coniunctum,
2767 3312 2833 3375 in
2879 3312 3124 3395 elegeis

327 3437 583 3501 semper
637 3425 747 3481 aut
801 3417 885 3482 ad
940 3418 1228 3483 homines
1283 3428 1395 3482 aut
1447 3417 1530 3482 ad
1580 3440 1683 3481 res
1731 3415 2088 3481 abstractas
2143 3424 2414 3500 spectat,
2460 3416 2662 3480 veluti
2707 3415 2836 3482 801.
2885 3416 2989 3500 27,
3040 3416 3119 3480 16

328 3523 489 3607 πρὸς
532 3522 807 3611 μεγάλην
851 3526 1093 3611 ἀρετήν,
1128 3523 1429 3607 ''1¹heogn.
1481 3523 1606 3587 379
1652 3526 1816 3608 πρὸς
1858 3525 2056 3609 ὕβριν.

535 3626 763 3690 Restat
792 3629 958 3692 ὑπό.
1037 3648 1202 3711 quae
1239 3629 1629 3713 praepositio
1665 3649 1811 3690 oum
1849 3628 2152 3711 genetivo
2191 3628 2531 3691 coniuncta
2569 3634 2635 3689 et
2666 3625 2748 3690 de
2780 3626 2920 3690 1060
2943 3648 3124 3690 usur-

328 3738 540 3813 patur,
574 3727 731 3794 Call.
772 3731 826 3812 1,
866 3731 947 3795 10
978 3752 1068 3816 sq.
1102 3728 1214 3795 ὑπ’
1238 3730 1621 3810 ἀσπίδος...
1666 3731 1673 3815 Ι
1715 3726 1921 3814 ἔλσας,
1955 3731 2137 3817 Tyrt.
2177 3730 2276 3809 11,
2310 3729 2393 3795 35
2425 3752 2521 3815 sq.
2553 3724 2665 3795 ὑπ’
2690 3729 2968 3808 ἀσπίδος
2992 3782 3006 3795 .
3027 3780 3040 3795 .
3063 3782 3078 3795 .
3112 3730 3119 3815 Ι

330 3833 753 3915 πτώσσοντες,
801 3833 957 3899 ibid.
1009 3834 1110 3919 12,
1157 3835 1241 3898 32
1284 3836 1410 3900 ὑπὸ
1454 3844 1563 3924 γῆς
1606 3859 1729 3919 περ
1771 3835 1912 3917 ἐών,
1961 3842 2025 3897 61
2069 3835 2150 3899 116
2199 3857 2394 3899 661186
2438 3856 2643 3919 eaque
2695 3836 2947 3899 interna
2995 3834 3122 3899 801.

336 3937 435 4018 13,
486 3938 565 4000 11
611 3933 722 4025 ὑφ’
759 3943 1005 4026 ὕβριος,
1063 3948 1334 4004 externa
1380 3940 1562 4025 Tyrt.
1613 3940 1670 4017 6,
1721 3938 1763 4003 2
1807 3937 2150 4026 ἀναγκαίης
2192 3942 2319 4006 ὕπο
2365 3939 2611 4029 λυγρῆς,
2661 3939 2949 4023 Theogn.
2998 3938 3121 4002 387

329 4050 629 4130 κρατερῆς
671 4037 783 4107 ὑπ’
814 4045 1102 4129 ἀνάγκης.
1200 4043 1370 4107 adde
1421 4043 1585 4108 1203
1640 4040 1753 4109 ὑπ’
1797 4044 1954 4129 ἐμοῦ
1996 4044 2387 4130 κεκλήσεται,
2444 4065 2569 4128 quo
2624 4064 2748 4106 uno
2803 4043 2944 4108 loco
2996 4045 3126 4109 ὑπό

332 4146 419 4211 611
481 4149 808 4232 passivam
868 4146 1056 4211 verbi
1116 4146 1389 4211 formam
1460 4148 1734 4213 aceedit.
1826 4170 1993 4232 quae
2054 4170 2205 4211 usus
2266 4168 2508 4231 genera
2567 4157 2794 4232 poetae
2856 4148 3126 4231 elegiaci

336 4274 483 4316 eum
558 4252 844 4316 Homero
922 4254 1286 4318 eommunia
1360 4252 1619 4317 habent.
1742 4253 1894 4317 talia
1969 4262 2185 4316 autem
2259 4249 2583 4337 exempla,
2655 4251 2872 4335 qualia
2947 4260 3124 4315 sunt:

335 4355 624 4439 Theogn.
673 4356 801 4420 533
844 4351 957 4422 ὑπ’
988 4350 1330 4445 αὖλητῆρος
1375 4353 1606 4422 ἀείδων
1652 4356 1872 4442 (unter
1903 4355 2318 4441 Begleitung)
2368 4363 2432 4419 et
2470 4354 2596 4419 825
2640 4352 2753 4421 ὑπ’
2783 4356 3130 4443 αὖλητῆρος

334 4458 591 4541 ἀείδειν,
647 4459 714 4523 111
772 4460 978 4525 Iliade
1026 4470 1090 4525 et
1134 4460 1417 4548 Odyssia
1469 4484 1597 4526 non
1644 4470 1889 4526 extant.
1981 4461 2098 4526 sed
2144 4485 2292 4526 eum
2337 4461 2494 4526 10618
2540 4462 2770 4545 6116118,
2816 4470 2886 4523 ut
2933 4461 3129 4544 serip-

335 4573 505 4628 tores
549 4568 935 4650 posteriores
990 4575 1412 4653 praeteream,
1463 4589 1770 4652 compara
1815 4567 1973 4631 Hes‚
2024 4568 2128 4633 80.
2177 4566 2303 4631 278
2347 4569 2476 4633 ὑπὸ
2521 4567 2784 4653 λιγυρῶν
2827 4564 3132 4651 συρίγγων
