3392 5067
1443 195 1506 260 303

105 390 219 477 κούρην
246 387 251 474 Ι
278 387 487 475 Περσεφόνην
513 383 589 470 περί
610 386 733 470 πατρὸς
755 381 975 467 ἀμαιμακέτου
998 370 1193 468 Κρονίωνος·
1232 385 1427 468 explicanda
1451 395 1506 448 aut

107 492 302 576 corrigenda
324 500 400 555 sunt
420 529 464 537 —
486 489 625 554 Wielius
647 488 664 550 I
686 486 739 572 35,
767 497 803 551 ut
830 497 1012 551 structurae
1039 487 1306 572 impeditissimae
1329 487 1507 577 μῃτίεσθαί

105 595 139 662 τί
160 621 232 663 τινα
254 595 331 681 περί
350 619 438 674 τινος
464 594 658 675 mederetur,
689 593 779 656 initio
809 593 951 676 proximi
981 614 1096 655 versus
1126 599 1318 680 μηχανόωσα
1349 614 1507 678 reponere

107 699 222 783 voluit3
247 699 443 765 Schenkelio
460 701 492 762 in
509 706 650 761 mentem
671 698 774 760 venit:
798 697 893 783 κούρῃ
910 697 1101 785 Περσεφόνῃ
1123 734 1164 742 -
1189 706 1290 762 restat
1306 707 1394 762 certe
1411 721 1508 762 enun-

106 807 222 869 tiatum
245 805 419 869 relativum
443 805 514 888 pari
536 805 606 865 iure
630 802 838 865 coniunctum
864 821 938 864 curn
962 800 1185 880 substantiviS,
1211 823 1293 885 quae
1309 802 1507 867 antecedunt

106 919 139 974 et
154 918 343 994 sequuntur.
368 908 409 972 de
426 930 456 972 v.
474 905 580 991 *1010
602 908 706 994 θῆράς
727 899 757 968 τ’
772 905 904 982 οἰωνούς
922 928 967 985 τε,
991 908 1084 968 κάτε
1108 903 1183 984 ζώει
1205 929 1240 970 τε
1262 904 1316 970 καί
1339 905 1430 992 έρπει
1453 907 1506 972 ad·
1553 951 1555 958 -

107 1017 226 1078 sentior
258 1012 456 1078 Schneidero
487 1020 626 1097 poetam,
659 1031 733 1074 cum
764 1010 874 1073 dicere
905 1009 1003 1074 vellet
1032 1007 1088 1074 καί
1117 1008 1193 1096 ζῷα,
1224 1008 1245 1073 ἃ
1275 1009 1380 1094 έρπει,
1411 1011 1505 1075 simili

107 1119 202 1182 modo
227 1128 325 1203 atque
349 1125 514 1180 auctorem
538 1115 651 1200 hymni
673 1115 706 1176 in
731 1113 884 1178 Cererem
908 1113 972 1177 360
1003 1114 1090 1177 haud
1119 1123 1195 1198 apte
1226 1136 1319 1178 usum
1342 1137 1413 1180 esse
1435 1117 1506 1182 loco

107 1224 270 1287 homerico
299 1227 329 1286 P
353 1219 419 1285 447
449 1225 486 1286 οὐ
515 1221 573 1304 μὲν
602 1223 660 1304 γάρ
689 1216 723 1284 τί
752 1222 817 1283 πού
846 1218 935 1282 ἐστιν
961 1217 1167 1304 ὀιζυρώτερον
1196 1220 1309 1304 ἀνδρὸς
1335 1219 1340 1304 Ι
1366 1225 1506 1300 πάντων,

107 1328 189 1392 ὅσσα
211 1349 247 1392 τε
268 1333 361 1409 γαῖαν
383 1320 440 1390 tta
462 1321 567 1389 πνείει
588 1348 623 1388 τε
643 1321 699 1388 καί
713 1320 813 1408 ἕρπει.
854 1343 917 1406 qua
932 1323 964 1384 in
981 1343 1016 1385 re
1032 1322 1197 1407 discrepat
1213 1324 1508 1407 Argonauticorum

109 1429 248 1515 scriptor
270 1429 312 1494 ab
329 1430 482 1509 Homero,
506 1429 562 1513 qui
584 1448 762 1512 numquam
786 1426 955 1489 enuntiata
977 1425 1114 1489 relativa
1137 1448 1209 1490 cum
1232 1427 1416 1492 nominibus
1437 1451 1508 1513 par-

110 1534 210 1598 ticula
233 1559 268 1599 τε
292 1535 458 1616 coniungit
480 1531 536 1619 (cf.
553 1531 645 1596 Ebel.
664 1554 688 1594 s.
706 1554 735 1594 v.
754 1532 828 1595 ὅστε
851 1529 868 1593 Ι
890 1529 918 1592 Β
942 1553 973 1615 p.
992 1529 1058 1615 91),
1085 1531 1142 1594 sed
1164 1531 1299 1596 adhibet
1313 1532 1367 1598 καί
1382 1533 1436 1596 vel
1451 1532 1509 1619 ἠδέ

110 1638 168 1724 (of.
184 1637 265 1722 Arg.
282 1637 334 1719 35,
351 1638 425 1721 334,
441 1636 531 1720 391),
577 1635 664 1720 apud
688 1633 897 1720 Apollonium
920 1634 1051 1698 fortuito
1074 1657 1173 1698 unum
1195 1635 1301 1700 locum
1324 1636 1401 1700 121
1428 1640 1507 1722 (πό-

109 1768 182 1828 ρους
197 1744 280 1823 δίδς,
303 1743 384 1808 ὅσσα
399 1738 428 1806 τ’
443 1737 578 1826 ἔρεξαν),
596 1737 685 1824 apud
701 1737 937 1803 Callimachum
953 1748 984 1802 et
998 1739 1201 1804 Nicandrum
1216 1739 1313 1806 talem
1329 1743 1506 1826 particulae

109 1871 144 1911 τε
174 1869 270 1910 usum
300 1868 364 1910 non
394 1847 514 1909 inveni.
561 1853 704 1908 ceterum
733 1841 768 1922 ὅς
789 1867 824 1907 τε
852 1844 930 1906 satis
956 1844 1142 1928 frequenter
1173 1845 1260 1930 apud
1292 1867 1345 1908 eos
1376 1844 1506 1929 legitur,

111 1951 151 2013 cf.
173 1950 253 2015 Call.
274 1949 291 2013 I
318 1952 370 2033 51,
397 1948 449 2013 III
474 1950 523 2032 16,
547 1949 618 2030 133,
642 1947 713 2031 140,
742 1947 810 2011 IIII
833 1946 906 2028 229,
931 1947 979 2010 VI
1002 1947 1031 2034 8,
1056 1947 1162 2032 Apoll.
1187 1948 1203 2010 Ι
1227 1948 1299 2030 799,
1321 1948 1507 2034 8031027,

109 2054 142 2117 Π
170 2054 201 2139 5,
221 2053 274 2139 26,
296 2054 370 2136 498,
399 2052 450 2118 ΙΙΙ
477 2052 550 2134 868,
573 2051 646 2133 892,
675 2050 744 2115 IIII
769 2050 840 2132 133,
862 2049 936 2131 628,
953 2049 1026 2132 829,
1045 2051 1139 2133 1376,
1162 2051 1234 2116 Nic.
1251 2053 1348 2118 Ther.
1365 2053 1417 2136 68,
1435 2054 1507 2135 283,

110 2157 183 2235 568,
201 2158 274 2239 672,
299 2159 409 2239 Quint.
426 2157 443 2219 I
460 2156 532 2241 169,
549 2156 623 2240 207,
638 2155 711 2219 249.
749 2157 782 2218 iu
798 2155 1039 2238 Argonautieis,
1063 2164 1098 2218 ut
1117 2156 1150 2219 id
1167 2156 1313 2221 hocloco
1330 2157 1508 2240 absolvam,

111 2259 147 2341 δς
167 2287 202 2327 τε
226 2265 366 2326 occurrit
390 2261 461 2342 311,
479 2261 544 2325 660
574 2259 645 2345 (ubi
668 2262 737 2324 sine
769 2258 868 2324 dubio
898 2269 973 2323 ante
1001 2259 1111 2323 oculos
1139 2269 1207 2324 erat
1231 2261 1393 2346 Apollonii
1420 2262 1510 2326 loeus

112 2366 152 2430 de
176 2367 291 2432 eadem
313 2389 349 2430 re
374 2368 575 2450 conscriptus
598 2365 633 2428 ΙΙ
652 2365 672 2430 5
695 2362 730 2442 ὅς
751 2367 779 2427 τ’
796 2362 852 2429 ἐπὶ
867 2362 922 2429 καί
937 2363 1087 2441 ξείνοισιν
1102 2363 1209 2430 ἀεικέα
1225 2369 1352 2449 θεσμὸν
1366 2362 1509 2454 έθηκεν),

111 2471 275 2555 901.1)ἰο
304 2494 332 2534 v.
350 2471 410 2536 607
444 2492 502 2554 pro
526 2492 562 2532 eo
586 2469 672 2555 quod
696 2478 744 2532 est
766 2471 799 2532 in
829 2467 921 2532 libris
953 2470 996 2548 ὥς
1022 2493 1057 2534 κε
1085 2470 1293 2533 scribendum
1321 2492 1391 2533 esse
1418 2468 1453 2549 ὅς
1474 2495 1508 2535 τε

112 2575 325 2640 Schenhelius
348 2596 400 2638 me
425 2574 568 2654 edocuit3
591 2574 800 2636 Hermannus
821 2582 854 2636 et
869 2572 1005 2637 Abelius
1028 2574 1064 2652 ὅς
1086 2579 1126 2657 ῥα
1149 2573 1305 2637 scribunt.
1340 2584 1509 2660 praeterea

112 2679 214 2743 addas
238 2702 291 2742 vv.
309 2679 382 2762 846,
414 2678 454 2741 de
478 2699 540 2762 quo
563 2676 605 2741 ab
629 2676 814 2740 Hermanno
838 2677 1009 2741 emendato
1040 2700 1139 2762 supra
1166 2677 1268 2741 verba
1299 2677 1445 2762 semmua,
1477 2687 1509 2741 et

112 2782 187 2865 425,
215 2804 312 2868 quem
340 2785 388 2847 sic
416 2781 530 2846 scribit
552 2780 690 2844 Wielius
718 2780 769 2844 ΙΙΙ
795 2780 816 2842 4
839 2784 882 2859 ὥς
909 2776 946 2845 θ’
967 2776 1018 2845 ἅτ’
1038 2777 1153 2868 ἔφυσεν
1180 2785 1317 2860 ἅπαντα,
1346 2781 1509 2867 διέκριθεν

112 2888 191 2953 etto
221 2891 302 2973 πρὸς
332 2888 443 2968 ἄλλους
475 2884 569 2949 codd.
593 2883 716 2949 habent
746 2885 828 2950 ὅσσα
859 2881 888 2948 τ’
912 2882 1027 2972 ἔφυσεν
1050 2888 1178 2951 ἅπαντα
1201 2884 1363 2971 διέκριθεν
1386 2883 1415 2952 δ)
1431 2887 1509 2952 ἄλλο

114 2990 180 3075 (vel
203 2989 314 3075 ἄλλον)
338 2984 397 3055 ἀπ’
412 2990 553 3073 ἄλλουιῖ)
598 3009 663 3073 qua
693 2990 879 3052 coniectura
910 2989 1004 3052 simul
1027 2988 1114 3053 aliud
1137 2990 1282 3074 infertur,
1314 2990 1399 3074 quod
1432 2993 1509 3054 satis

112 3117 220 3158 rarum
244 3104 302 3175 est,
331 3094 575 3158 correlationem
597 3095 761 3157 inversam
784 3090 868 3173 dico,
900 3095 990 3158 ouius
1018 3116 1119 3157 unum
1143 3094 1327 3179 exemplum
1351 3093 1508 3158 hahemus

114 3199 263 3263 codicum
291 3199 482 3262 auctoritate
510 3195 672 3260 firmatum
694 3197 727 3259 in
750 3218 780 3259 r.
799 3196 863 3260 350
890 3195 926 3275 ὃς
949 3194 985 3262 δέ
1006 3222 1041 3262 κε
1064 3196 1236 3277 συνθεσίας
1259 3199 1429 3287 δηλήσεται
1455 3203 1510 3263 οίκ

114 3301 264 3386 ἀλεγίζων
288 3305 292 3384 l
317 3301 410 3387 ὅρκον
439 3299 627 3387 ὑπερβασίῃ,
656 3304 770 3365 τούτου
803 3295 832 3365 δ’
855 3301 1066 3386 έπιμάρτυροι
1096 3297 1205 3368 ἔστων,
1251 3304 1328 3365 satis
1358 3303 1509 3387 frequens

114 3406 195 3470 haec
223 3407 380 3471 enuntiati
406 3406 533 3469 relativi
560 3404 664 3467 forma
691 3403 778 3489 apud
802 3402 1041 3469 Callimachum
1068 3416 1130 3483 ουκ,
1155 3405 1196 3468 cf.
1217 3405 1250 3468 Il
1276 3406 1324 3488 10,
1342 3407 1393 3490 26,
1409 3405 1509 3484 40,V

115 3510 329 3595 35,131,V1
356 3509 425 3574 138.
471 3509 611 3593 denique
640 3508 909 3592 significationem
940 3510 1032 3593 talia,
1061 3509 1183 3594 qualis',
1216 3532 1298 3595 quae
1330 3512 1418 3595 apud
1445 3510 1509 3574 Ho-

114 3637 240 3690 merum
266 3617 440 3695 invenitur,
468 3613 605 3699 praebet
627 3635 658 3676 v.
681 3611 742 3675 831
767 3608 830 3697 ἔργ’
851 3609 937 3678 ἄδικ’
953 3616 1143 3700 ἀνθρώπων,
1167 3615 1188 3678 ἃ
1212 3615 1249 3700 δν)
1272 3613 1386 3692 πολέες
1407 3618 1509 3698 μεμά-

115 3741 188 3783 ασιν
208 3718 213 3803 l
232 3719 386 3802 ciclopes
415 3718 449 3783 ἑν
477 3723 571 3804 βιοτῇ
600 3715 730 3801 κέρδους
758 3714 849 3783 ἕνεκα
879 3716 1057 3804 σφετέροιο,
1089 3719 1130 3783 cf.
1155 3717 1299 3804 Apolli
1326 3717 1389 3781 479
1417 3718 1511 3784 ἄλλοι

220 3965 239 4028 ¹)
267 3961 360 4014 Ἔνθα
385 3979 413 4013 τε
436 3962 550 4012 traditur
573 3962 632 4022 236,
653 3963 701 4010 749
725 3966 753 4010 et
776 3963 932 4012 coniectura
954 3965 1107 4012 restitutum
1132 3967 1172 4011 est
1194 3968 1321 4028 quattuor
1343 3963 1417 4025 locis,
1445 3979 1512 4028 quos

114 4068 140 4116 p.
153 4053 203 4100 299
222 4053 276 4100 n.2
295 4051 416 4100 tractavi.
442 4040 489 4115 ἷῃί
505 4063 532 4098 τε
550 4046 679 4097 habemus
699 4048 756 4097 744.
779 4050 887 4098 omnino
907 4049 940 4099 de
959 4051 1017 4104 ὅςτε
1036 4049 1069 4099 cf.
1083 4055 1188 4113 praeter
1207 4049 1334 4100 Ottonem
1353 4051 1379 4099 11
1398 4052 1428 4098 21
1444 4065 1510 4115 sqq,

115 4140 147 4186 25
161 4153 199 4202 sq.
219 4137 251 4188 G.
265 4137 410 4186 Christium
428 4137 456 4184 in
469 4135 608 4186 Sita-Ber.
621 4133 645 4184 d.
658 4133 748 4198 bayer.
763 4134 857 4196 Aliam,
877 4135 1017 4201 phil-hist.
1031 4135 1080 4198 Cl.,
1099 4151 1121 4185 a.
1137 4137 1203 4184 1880
1216 4153 1241 4201 p.
1255 4137 1288 4186 50
1301 4153 1357 4202 sqq.
1371 4137 1447 4202 (‘Der
1460 4137 1510 4186 Ge·

115 4224 216 4274 brauch
235 4224 258 4274 d.
273 4224 373 4290 griech.
387 4221 509 4272 Paitike]
527 4220 555 4271 vl
562 4223 585 4282 ).

219 4311 240 4374 2)
260 4310 426 4360 Guttmauno
445 4315 514 4358 teste
532 4308 556 4356 R
574 4307 684 4357 exhibet
702 4305 841 4375 διέκριθεν
861 4309 939 4370 ἄλλο,
962 4309 1075 4374 quodsi
1094 4324 1187 4359 verum
1207 4316 1255 4371 est,
1273 4309 1340 4358 illud
1360 4307 1393 4371 δ’,
1417 4311 1469 4369 cui,
1488 4311 1510 4358 si

115 4399 245 4447 bonorum
265 4398 386 4446 codicum
405 4410 538 4445 consensu
556 4394 714 4454 traderetur,
737 4395 840 4460 aliquid
859 4397 1030 4445 tribuendum
1050 4403 1126 4461 esset,
1150 4413 1204 4445 non
1227 4397 1314 4444 obstat
1333 4395 1425 4444 Wielii
1450 4411 1510 4444 con-

115 4487 242 4534 iecturae.
274 4492 392 4533 ceterum
412 4484 502 4533 nescio
521 4496 555 4530 an
575 4482 684 4546 propius
702 4483 861 4532 accedamus
879 4484 914 4532 ad
933 4483 1054 4532 codicum
1073 4486 1227 4533 memoriam
1245 4483 1397 4532 scribendo:
1417 4483 1451 4538 ὡς
1469 4479 1510 4532 δι’

116 4568 227 4638 ἔφυσεν,
247 4571 286 4620 ita
302 4576 334 4619 ut
351 4569 481 4636 prolepsis
499 4573 632 4616 statuatur
650 4569 725 4616 vocis
743 4564 860 4636 Ἔρωτα.
