3392 5067
1437 207 1500 271 333

104 396 242 483 γράφων,
264 393 343 476 278,
362 397 399 458 τδ
422 397 479 479 μὲν
500 398 665 483 ἀτυχῆσαι,
686 393 862 459 Anaxand.
882 395 939 476 17,
959 396 1069 479 τὸμὲν
1091 395 1249 480 ὑγιαίνειν,
1271 395 1367 459 Alex.
1389 396 1443 477 15,
1468 395 1502 462 τί

104 503 161 585 γὰρ
188 501 340 584 ἐβοῶμεν,
371 497 452 580 214,
476 498 494 563 ὁ
517 500 552 565 δὲ
574 501 738 580 Διόνυσος,
769 499 851 582 278,
879 499 896 564 δ
924 501 981 585 μὲν
1008 502 1249 589 ἀπογηράσκων,
1281 500 1417 564 Philem.
1441 500 1501 583 46,

104 606 141 669 τό
164 598 242 668 καθ’
262 601 325 682 ἕνα,
346 601 433 667 Men.
458 601 536 684 249,
563 606 600 669 τό
624 607 681 690 γὰρ
704 602 905 692 ύποληφθίν,
930 603 994 668 350
1016 602 1036 670 ii
1056 628 1091 669 τε
1115 602 1321 694 Πολυνείκης,
1345 605 1442 688 531,,
1464 609 1502 670 τὸ

81 705 142 771 ’δὲ
171 708 354 800 κεφάλαιον,
384 706 462 788 537,
498 707 515 772 δ
546 708 603 791 μὲν
625 704 832 794 Ἐπίχαρμος,
864 707 942 790 696,
977 706 995 774 ὁ
1025 712 1082 794 γὰρ
1112 707 1240 789 ἀδίκως,
1273 709 1353 792 706,
1381 711 1403 774 ἃ
1432 705 1502 794 μετ’

105 811 225 897 ὀδύνης,
256 811 431 897 Philippid.
459 810 516 894 25,
548 811 566 876 δ
592 815 648 877 τὸν
674 812 826 893 ἐνιαυτόν,
858 811 918 893 25,
948 807 990 878 δι’
1018 810 1055 877 ὃν
1084 811 1272 894 ἀπέκαυσεν,
1305 813 1363 894 25,
1393 810 1435 880 δι’
1465 811 1502 878 ὃν

105 911 288 997 ἀσεβοῦνθ’,
313 915 492 1002 Hegesipp.
518 916 568 998 1,,
597 915 616 981 ὁ
643 917 678 982 δὲ
705 923 839 1004 παριών.
887 919 1016 981 omnino
1043 916 1127 980 hanc
1151 916 1316 981 solutionis
1339 918 1501 981 licentiam

105 1018 291 1103 Aeschylus
314 1019 377 1083 sibi
399 1042 463 1084 non
486 1023 633 1106 sumpsit,
662 1020 836 1106 Sophocles
861 1021 1020 1085 easemel
1044 1020 1139 1106 (Phil.
1168 1021 1229 1084 601
1253 1017 1303 1100 τίς
1325 1021 1343 1086 ὁ
1365 1020 1500 1108 πόθος),

105 1123 277 1209 Euripides
299 1133 349 1187 ter
371 1146 447 1187 usus
471 1133 528 1188 est.

209 1244 311 1310 Vides
340 1244 389 1310 his
419 1245 498 1310 locis
528 1246 676 1311 omnibus
704 1256 796 1310 terna
824 1245 926 1311 verba
956 1247 1115 1310 artissime
1143 1247 1288 1310 inter‘sc
1318 1249 1503 1311 consociata

105 1371 186 1415 esse.
225 1360 337 1414 contra
352 1350 527 1437 Philippid.
545 1350 603 1431 25,
621 1349 727 1431 ε125,
745 1350 823 1414 bina
842 1361 969 1414 tantum
984 1350 1209 1434 monosyllaba
1225 1353 1398 1415 coniuncta
1413 1362 1501 1416 sunt:

106 1451 149 1520 δι’
170 1453 215 1535 ὃν,
239 1476 303 1539 qua
326 1477 361 1517 re
384 1454 421 1517 fit
442 1464 479 1518 ut
501 1456 689 1519 incisionem
713 1454 800 1518 illam
823 1455 1038 1519 molestiorem
1061 1455 1143 1517 adeo
1169 1457 1353 1520 sentiamus.

209 1577 247 1640 Β.
286 1576 378 1640 Idem
401 1576 610 1641 statuendum
633 1585 682 1641 est
705 1576 747 1640 de
769 1577 874 1641 tribus
897 1576 985 1658 locis,
1017 1577 1134 1661 quibus
1158 1575 1313 1640 tribrachi
1337 1579 1502 1640 externis

105 1679 335 1763 monosyllabis
359 1690 516 1745 constant.
562 1680 681 1745 Eubul.
705 1680 763 1764 60,
787 1676 838 1747 όσ’
857 1683 896 1746 ἀν
918 1682 936 1746 ὁ
958 1685 1116 1765 μάγειρος,
1144 1679 1263 1766 Amph.
1289 1681 1346 1762 33,
1371 1677 1404 1745 τί
1426 1676 1502 1746 ποτ’

106 1779 164 1870 ἀφ’
186 1783 334 1864 ἑκάστου,
357 1785 443 1848 Men.
467 1784 548 1866 540,
573 1788 609 1850 σὲ
632 1787 727 1851 δὲτὸ
750 1790 911 1850 κάκιστον.

208 1904 279 1969 Iam
306 1915 342 1968 ut
369 1927 408 1968 ea
435 1927 518 1990 quae
545 1907 680 1993 exposui
709 1906 853 1970 breviter
881 1905 1087 1990 complectar,
1113 1905 1194 1968 haec
1217 1927 1376 1989 propono:
1407 1908 1502 1991 primi

65 2032 68 2037 ’
106 2007 199 2092 pedis
226 2008 384 2073 tribrachi
412 2009 597 2073 efficiuntur
619 2010 672 2074 vel
702 2010 836 2095 singulis
859 2010 968 2074 verbis
993 2009 1205 2093 complurium
1230 2008 1428 2093 syllabarum
1451 2010 1502 2074 vel

107 2112 327 2199 compluribus
350 2112 461 2178 verbis
485 2125 553 2178 arte
576 2117 660 2178 inter
683 2137 717 2178 se
741 2117 884 2180 conexis.

494 2409 522 2470 b.
567 2418 617 2472 Do
638 2416 817 2473 tribrachis
840 2416 979 2473 alterius
1001 2417 1106 2483 pedis.

401 2600 428 2661 1.
474 2598 712 2664 'l'ribrachus
750 2622 823 2663 uno
858 2599 977 2664 verbo
1014 2600 1210 2664 formatur.

209 2754 251 2818 A.
290 2755 487 2839 Saepissime
517 2756 679 2841 prioribus
710 2755 860 2820 vocabuli
891 2754 1025 2840 syllabis
1055 2756 1202 2819 efficitur.
1248 2745 1333 2819 banc
1367 2757 1503 2821 formam
1604 2777 1607 2780 ·

105 2860 170 2922 iam
185 2857 396 2945 Aristophani
416 2861 660 2925 usitatissimam
679 2859 778 2924 fuisse
789 2859 812 2944 ¹)
837 2881 911 2922 cum
934 2861 1135 2940 notissimum
1158 2862 1207 2941 sit,
1235 2859 1322 2923 locos
1345 2860 1415 2924 illos
1438 2864 1503 2945 qui-

105 2964 167 3027 bus
197 2985 235 3028 ea
265 2964 382 3044 legitur
404 2966 438 3027 in
470 2974 639 3049 poetarum
670 2963 855 3028 comoediae
884 2963 1009 3027 mediae
1044 2973 1075 3024 et
1105 2985 1210 3027 novas
1240 2963 1430 3047 fragmentis
1464 3005 1500 3012 -

107 3079 182 3131 sunt
203 3078 311 3132 autem
328 3067 541 3132 OLXXXXI
566 3108 604 3116 -—
629 3069 758 3134 adferre
781 3071 902 3132 omitto.
948 3068 981 3131 id
1004 3090 1104 3132 unum
1124 3069 1231 3132 dicam
1254 3068 1332 3132 locis
1356 3068 1416 3132 illis
1440 3069 1521 3133 σαι-1

106 3171 201 3236 nibus
232 3171 433 3236 tribrachum
464 3173 550 3236 effici
574 3195 654 3236 voce
686 3171 940 3258 quadrisyllaba,
971 3173 1016 3234 ita
1043 3182 1078 3234 ut
1108 3172 1198 3236 locus
1227 3173 1322 3236 detur
1349 3195 1503 3237 caesurae

107 3278 289 3360 primariae,
319 3298 401 3361 quae
430 3276 702 3361 penthemimeres
730 3285 873 3357 vocatur,
906 3277 1053 3359 exceptis
1081 3297 1139 3338 sex
1167 3275 1259 3339 locis:
1299 3277 1439 3362 Ephipp.
1464 3277 1500 3360 8,

106 3381 366 3464 παραμασύντας,
389 3380 510 3465 Sophil.
527 3381 565 3463 4,
581 3383 761 3469 ἀνεβόησεν,
784 3379 879 3444 Alex.
897 3378 976 3460 222,
994 3383 1252 3467 παραμασύντην,
1268 3380 1403 3445 Philem.
1424 3380 1501 3462 138,

106 3485 339 3571 ἐπεθεώρησεν,
369 3484 455 3549 Men.
481 3484 561 3567 235,
586 3482 875 3571 προσαποτίνουσι,
904 3482 983 3565 573,
1009 3485 1258 3569 παραλογισμός.
1304 3484 1398 3548 huius
1422 3486 1502 3549 solu·

106 3589 200 3652 tionis
223 3588 375 3672 exempla
396 3589 484 3676 apud
506 3587 708 3674 Aeschylum
730 3610 793 3651 non
817 3589 1035 3668 inveniuntur,
1064 3597 1177 3651 extant
1199 3588 1286 3673 apud
1309 3588 1502 3674 Sophoclem

108 3702 141 3755 ct
163 3692 361 3777 Euripidem.

211 3812 249 3876 B.
288 3813 341 3876 Ex
360 3812 469 3878 verbis
490 3815 625 3897 integris
649 3822 774 3878 constat
796 3812 982 3878 tribrachus
1002 3812 1080 3877 locis
1103 3813 1253 3877 XXXII:
1293 3813 1425 3899 Antiph.
1443 3814 1499 3896 34,

108 3913 249 4001 σπυρίσι,
283 3916 362 3999 122,
399 3920 565 4002 πρότερον,
598 3917 675 3999 124,
711 3916 811 3998 ἕνεκα,
838 3916 918 3998 183,
949 3918 1096 4003 σκόροδα,
1132 3916 1304 3982 Anaxand.
1339 3918 1391 4000 17,
1427 3919 1502 3983 σκό-

107 4021 187 4100 λιον,
207 4019 266 4102 52,
289 4021 383 4102 διότι,
404 4020 521 4086 Eubul.
540 4020 613 4105 75,,
629 4023 822 4108 πρόδρομον,
847 4021 927 4102 110,
948 4021 1047 4100 ἕνεκα,
1070 4020 1148 4102 110,
1165 4022 1267 4106 χόρια,
1288 4019 1447 4084 Henioch.
1464 4022 1499 4104 5,

108 4123 220 4209 ὄνομα,
251 4123 472 4210 Aristophont.
497 4124 533 4208 98
558 4130 717 4212 παράθες,
751 4124 808 4206 11,
831 4122 998 4210 πτέρυγας,
1030 4122 1150 4209 Amph.
1176 4123 1212 4206 9,
1238 4123 1405 4212 στέφανος,
1430 4125 1503 4211 Epi-

109 4234 187 4293 crat.
211 4226 249 4310 5,
273 4226 386 4312 ἀμίδα,
408 4227 543 4294 Timocl.
569 4230 641 4312 111³
666 4229 821 4314 Κόρυδος,
844 4227 1014 4313 Theophil.
1039 4227 1059 4288 9
1082 4231 1206 4314 χάρακι,
1230 4226 1326 4291 Alex.
1346 4229 1415 4309 lb¹⁷
1441 4252 1503 4293 πυ-

108 4332 208 4416 ρετός,
240 4330 318 4414 107,
345 4334 491 4419 προσιόν,
524 4331 616 4415 172,,
649 4332 786 4417 μέλιτος,
817 4331 915 4413 220,,
945 4332 1099 4416 καθαρός,
1128 4330 1229 4418 Diph.
1261 4332 1313 4413 14,
1345 4327 1502 4419 φερόμεν’,

215 4576 232 4636 ¹)
252 4575 291 4624 cf.
311 4574 433 4639 Rumpel.
453 4575 522 4624 Phil.
542 4575 667 4637 XXVIII,
686 4576 744 4625 606.
