3392 5067
1445 195 1509 259 219

108 385 249 464 πλοῦτος
279 394 378 466 extat,
407 408 604 471 quamquam
626 410 668 452 ne
695 386 757 451 hoc
781 388 913 473 quidem
937 387 1053 452 crebro
1075 390 1248 470 invenitur,
1278 374 1366 474 apud
1397 389 1509 454 Hesio-

110 492 189 555 dum
212 490 313 554 semel
335 492 488 570 πλούσιος
511 490 588 577 (Op.
606 491 673 578 22),
697 491 796 556 semel
818 493 968 557 πλουτεῖν
991 492 1068 578 (Op.
1086 492 1174 577 313),
1199 492 1345 557 crebrius
1360 493 1508 573 πλοῦτος.

109 604 212 660 restat
234 618 272 659 ea
295 598 401 681 stirps,
426 600 508 681 quae
531 596 640 660 verbis
663 595 774 685 σοφία,
807 604 917 683 σοφός,
941 598 1074 685 ἄσοφος,
1098 596 1294 684 σοφίζεσθαι
1318 599 1508 661 continetur.

109 722 193 785 quae
217 702 323 765 omnia
346 701 433 786 apud
448 699 673 785 Theognidem
694 701 861 785 leguntur3
884 724 961 767 nam
983 700 1180 789 σοφίζεσθαι
1203 711 1292 767 extat
1307 724 1339 765 v.
1356 701 1407 783 19,
1430 702 1509 767 doo-

109 828 172 893 φος
194 827 226 870 v.
250 805 322 888 370,
352 808 453 893 σοφός
474 828 603 891 novem,
634 804 735 893 σοφία
757 806 872 871 decem
898 806 986 871 locis.
1032 828 1074 869 ex
1097 806 1213 891 quibus
1236 829 1347 891 unum,
1377 807 1508 895 ὀίσοφος,

109 917 184 973 ante
200 906 425 993 Theognidem
440 931 503 974 non
526 912 690 974 invenitur
711 912 853 995 itemque
875 909 1071 998 σοφίζεσθαι
1087 932 1125 976 eo
1147 909 1228 990 loco,
1251 932 1348 995 quem
1373 931 1509 974 comme-

108 1016 315 1095 moravimus,
338 1016 478 1099 primum
495 1016 701 1100 conspicitur.
731 1016 808 1080 nam
830 1016 916 1101 quod
939 1016 1017 1079 Hes.
1034 1014 1096 1101 Op.
1117 1013 1179 1078 649
1203 1016 1275 1082 οίίτε
1296 1040 1329 1080 τι
1351 1014 1511 1103 ναυτιλίης

108 1116 341 1205 σεσοφισμένος
364 1120 435 1186 οὔτε
458 1144 490 1183 τι
512 1127 594 1209 νηῶν
616 1119 765 1202 traditur,
796 1142 910 1183 versus
934 1119 1115 1183 646-662
1136 1142 1203 1184 non
1225 1140 1296 1185 esse
1319 1120 1455 1183 Hesiodi
1478 1129 1509 1183 et

107 1222 288 1287 Pausanias
305 1225 416 1287 statuit
438 1233 470 1287 et
492 1223 727 1288 recentioribus
743 1224 821 1288 viris
838 1224 941 1288 doctis
963 1246 1155 1309 persuasum
1173 1232 1236 1302 est3
1261 1224 1301 1288 cf.
1319 1222 1509 1307 Goettlingii

109 1326 184 1391 adn.
199 1328 256 1391 sed
279 1350 319 1391 ne
336 1326 436 1415 σοφία
459 1328 589 1414 quidem
605 1338 735 1415 praeter
756 1329 853 1394 Hom.
874 1328 981 1395 0412
1003 1338 1037 1392 ct
1058 1327 1169 1415 hymn.
1185 1328 1287 1392 Mero.
1304 1327 1368 1392 483
1391 1338 1424 1393 et
1445 1328 1506 1391 511

110 1440 186 1495 ante
210 1430 369 1517 Solonem,
401 1435 515 1518 quiec
539 1434 641 1497 verbo
666 1432 717 1514 13,
740 1432 783 1496 52
805 1455 883 1496 usus
907 1443 956 1496 est
986 1431 1043 1517 (cf.
1067 1434 1164 1496 etiam
1187 1432 1336 1517 Xenoph.
1360 1432 1390 1509 2,
1415 1431 1455 1495 12
1478 1440 1511 1494 et

112 1534 175 1618 14),
207 1545 298 1600 extat
319 1538 461 1623 itemque
484 1540 585 1626 σοφός
614 1547 689 1602 ante
711 1536 909 1621 Theognidis
940 1544 1080 1602 aetatem
1109 1545 1235 1601 tantum
1264 1538 1298 1599 in
1328 1537 1509 1621 fragmento

111 1640 252 1726 quodam
281 1640 451 1725 Margitae,
476 1642 562 1727 quod
587 1642 720 1706 Aristot.
748 1640 823 1705 Eth.
840 1642 967 1706 Nicom.
984 1640 1063 1705 vlt
1080 1664 1112 1726 p.
1128 1640 1237 1705 1141a
1259 1649 1360 1722 extat,
1384 1639 1507 1707 Archil.

109 1743 162 1825 45,
187 1744 292 1810 Alcm.
317 1746 337 1809 9
360 1748 533 1812 invenitur.

214 1846 279 1914 Sed
316 1850 378 1914 hoc
413 1873 540 1937 quoque
571 1852 689 1933 evenit,
723 1860 759 1915 ut
788 1850 905 1931 verba,
940 1872 1023 1935 quae
1053 1848 1142 1936 apud
1175 1850 1359 1915 Homerum
1388 1851 1509 1934 passim

109 1953 271 2039 leguntur,
302 1956 334 2018 in
358 1954 476 2038 elegeis
507 1964 563 2019 aut
592 1976 751 2040 nusquam
774 1949 830 2019 aut
860 1976 933 2018 raro
964 1956 1178 2018 inveniantur.
1228 1975 1267 2018 ac
1297 1953 1403 2035 facile,
1435 1955 1510 2038 quia

109 2058 253 2123 obsoleta
269 2068 369 2141 erant,
387 2060 489 2124 vitata
506 2058 667 2145 quaedam
687 2082 758 2124 esse
774 2058 980 2142 intellegitur,
1003 2058 1104 2122 veluti
1120 2050 1197 2141 οἶος,
1213 2059 1285 2141 dyo,
1302 2055 1508 2142 πτολίεθρον,

111 2159 194 2249 quae
227 2184 401 2247 nusquam,
448 2174 479 2227 et
516 2165 667 2251 ὀπηδεῖν,
706 2166 792 2251 φώς,
830 2186 967 2250 quorum
1004 2162 1065 2227 hoc
1103 2172 1228 2228 tantum
1260 2163 1373 2228 Mimn.
1407 2161 1461 2243 14,
1488 2163 1510 2225 4

113 2269 221 2355 (φῶτα
244 2266 468 2358 φερεμμελίην)
495 2268 761 2354 et14,9extat,
799 2269 878 2333 illud
908 2268 1054 2352 Theogn.
1071 2266 1134 2332 933
1164 2269 1299 2353 παύροις
1328 2270 1511 2351 ἀνθρώπων

110 2377 204 2459 epar>
225 2372 281 2439 καί
302 2373 417 2452 κάλλος
443 2374 573 2460 ὀπηδεῖ,
613 2373 665 2436 cui
692 2371 761 2437 loco
789 2394 862 2435 cum
885 2373 964 2436 Hes.
988 2371 1050 2457 Op.
1074 2394 1106 2436 v.
1128 2372 1192 2435 313
1214 2372 1342 2458 πλοίντῳ
1370 2364 1400 2436 d'
1415 2373 1509 2459 ἂρετι)

109 2475 165 2542 καί
186 2478 282 2556 κῦδος
300 2478 419 2565 ὀπηδεῖ
438 2486 529 2541 tanta
545 2476 717 2541 similitudo
736 2486 786 2539 est
807 2515 851 2523 —
872 2477 968 2555 κῦδος
991 2497 1128 2561 quoque,
1153 2474 1239 2562 quod
1261 2477 1297 2540 in
1318 2477 1511 2539 sententiam

110 2580 224 2645 melius
254 2581 414 2666 quadrare
444 2580 573 2645 videtur
596 2603 693 2666 quam
719 2581 842 2659 κάλλος,
872 2580 960 2666 apud
983 2580 1167 2662 Arsenium,
1198 2582 1254 2665 qui
1276 2579 1364 2643 hunc
1379 2600 1510 2643 versum

111 2685 197 2767 citat,
221 2684 376 2748 traditum
397 2693 445 2747 est
470 2722 507 2731 -
528 2694 562 2747 ut
585 2683 626 2748 de
649 2686 825 2749 imitatione
850 2684 1058 2767 cogitandum
1081 2686 1131 2767 sit,
1156 2684 1344 2768 praesertim
1367 2684 1394 2745 si
1416 2704 1510 2768 repu-

109 2790 229 2853 taveris
246 2788 365 2853 similes
388 2788 475 2853 locos
498 2790 531 2852 in
547 2788 665 2874 elegeis
681 2789 799 2853 multos
816 2796 937 2870 extare,
961 2810 1138 2873 numquam
1153 2782 1260 2853 tamen
1285 2788 1426 2875 ὀπηδεῖν,
1452 2787 1510 2850 sed

111 2892 254 2959 ἕπεσθαι
276 2895 435 2978 usurpari.
474 2894 551 2956 item
575 2895 664 2976 ίίστα,
685 2915 749 2978 quo
765 2894 926 2957 Homerus
946 2892 1082 2956 totidem
1104 2892 1173 2956 fere
1196 2891 1275 2955 locis
1298 2893 1407 2970 utitur,
1433 2900 1511 2977 quot

112 2999 213 3062 verbo
235 2997 340 3078 πόλις,
364 3005 490 3061 tantum
506 2997 597 3083 Tyrt.
616 2997 666 3082 12,
683 2996 735 3080 24,
758 2995 903 3080 Theogn.
929 2995 991 3059 785
1014 3005 1047 3059 ct
1069 2995 1132 3059 868
1155 2994 1283 3079 legitur.

214 3101 466 3187 Nonnumquam
489 3112 597 3166 autem
628 3104 712 3166 inter
734 3102 869 3167 Homeri
900 3110 932 3165 et
961 3109 1131 3186 poetarum
1162 3100 1378 3184 elegiacorum
1407 3122 1510 3184 genus

112 3206 242 3269 dicendi
264 3207 346 3270 mira
369 3209 536 3271 consensio
559 3206 739 3288 intercedit.
786 3205 873 3292 quod
896 3207 1064 3290 inprimis
1087 3205 1281 3270 deuotione
1308 3204 1431 3269 ‘hostis'
1457 3226 1510 3268 ex-

112 3310 282 3394 primenda
303 3309 400 3374 valet.
432 3310 520 3395 apud
543 3311 722 3375 Homerum
745 3313 830 3375 enim
854 3309 911 3395 (cf.
928 3309 966 3374 L.
983 3309 1228 3374 Friedlaenderi
1250 3310 1432 3374 dissertatio
1448 3309 1510 3372 ‘De

111 3413 278 3479 vocabulis
302 3413 483 3495 homericis,
515 3437 598 3500 quae
621 3416 655 3478 in
675 3414 829 3479 alterutro
853 3416 996 3479 carmine
1018 3435 1082 3479 non
1105 3414 1322 3479 inveniuntur'
1346 3415 1380 3477 in
1403 3434 1509 3498 progr.

111 3517 202 3583 acad.
227 3518 351 3603 Regim.
368 3543 397 3583 a.
417 3517 510 3601 1858,
533 3529 616 3605 par-t.
634 3518 650 3583 I
665 3542 695 3605 p.
713 3520 733 3583 9
750 3518 814 3606 sq.)
838 3522 900 3584 tria
915 3518 1017 3584 verba
1040 3519 1200 3603 leguntur,
1226 3518 1323 3606 δηιος,
1348 3519 1510 3604 δυσμενής,

112 3626 274 3708 ἀνάρσιος,
305 3644 388 3707 quae
412 3632 444 3687 et
470 3623 705 3688 adieetivorum
728 3645 862 3688 munere
885 3623 1064 3707 funguntur
1086 3632 1118 3687 et
1140 3645 1199 3708 pro
1223 3622 1433 3687 substantivis
1455 3622 1509 3686 ad-

111 3726 271 3791 hibentur.
318 3726 501 3813 exquibus
529 3727 619 3816 δηίος
646 3727 742 3792 Iliadi
769 3729 936 3813 proprium
959 3737 1018 3810 est,
1050 3728 1204 3814 δυσμενής
1224 3729 1351 3811 utrique
1375 3728 1511 3791 carmini

113 3853 290 3913 commune,
313 3835 464 3918 ἀνάρσιος
487 3831 587 3895 semel
609 3834 642 3895 in
664 3832 776 3912 Iliade,
802 3833 973 3917 quinquies
995 3834 1029 3895 in
1059 3830 1202 3917 Odyssia
1225 3831 1352 3915 legitur.
1398 3841 1511 3897 contra

111 3936 286 4024 πολεμήιος
296 3974 333 3981 -
344 3934 501 4019 πολέμιος
523 3959 542 4000 a
557 3938 698 4000 numeris
714 3937 885 4021 dactylicis
901 3936 1055 4001 abhorret
1076 3973 1119 3982 -
1141 3956 1301 4019 nusquam
1316 3933 1511 4000 substantivi

112 4043 212 4105 instar
235 4048 293 4122 est,
325 4040 382 4104 sed
410 4050 535 4104 tantum
564 4063 637 4105 oum
661 4041 769 4106 verbis
801 4036 876 4128 ἔργα
906 4040 963 4125 (cf.
987 4040 1099 4126 hymn.
1123 4038 1175 4104 XI
1198 4038 1260 4126 (X)
1278 4039 1312 4125 2)
1344 4049 1376 4104 et
1398 4042 1511 4122 τείχεα

113 4144 167 4229 (of.
186 4144 296 4229 hymn.
320 4144 473 4208 XXVIII
497 4143 660 4233 (XXVII)
683 4146 704 4209 5
726 4155 759 4209 ct
781 4146 860 4210 Hcs.
882 4144 970 4209 Seut.
989 4145 1087 4209 Herc.
1111 4143 1190 4231 238)
1215 4146 1429 4229 coniungitur.
1467 4144 1510 4209 ab

113 4248 231 4333 elegeis
254 4258 363 4313 autem
385 4249 563 4336 πολεμήιος
592 4249 686 4314 abest
713 4258 745 4315 et
767 4249 809 4314 ad
832 4252 995 4313 notionem
1023 4249 1122 4313 hostis
1146 4247 1393 4335 exprimendam
1414 4248 1510 4313 modo

113 4354 266 4444 δυσμενής
295 4360 479 4438 usurpatur,
510 4353 612 4417 veluti
642 4352 722 4418 Call.
750 4354 777 4435 1,
803 4353 832 4437 8,
863 4352 955 4438 Tyrt.
982 4351 1041 4435 12,
1056 4353 1107 4437 21,
1142 4354 1255 4418 Mimn.
1282 4354 1332 4433 14,
1355 4351 1385 4435 8,
1414 4352 1510 4417 modo

113 4459 208 4545 δηίος,
239 4458 339 4521 veluti
370 4456 604 4542 Tyrt.12,12,
635 4456 747 4522 Mimn.
776 4457 826 4540 14,
843 4457 873 4539 9,
905 4455 1049 4540 Theogn.
1073 4456 1147 4521 552.
1185 4458 1264 4521 item
1291 4465 1324 4520 et
1350 4456 1510 4522 Homerus

114 4572 146 4625 et
178 4571 294 4646 poetae
318 4560 452 4645 elegiaci
481 4570 587 4640 τοκεῖς
616 4561 738 4643 dicunt,
774 4585 838 4626 non
872 4567 987 4646 γονεῖς;
1026 4583 1101 4626 nam
1132 4562 1220 4646 quod
1254 4561 1398 4645 Theogn.
1427 4562 1511 4628 1330
