3392 5067
1456 261 1517 327 105

116 481 195 523 cum
215 457 504 540 v.5311egamus;
528 457 631 519 hausit
653 478 793 519 ornarem
815 456 932 518 incesta
955 456 1092 518 Rotnani
1113 455 1198 518 deicis
1220 454 1375 542 Aeppptas
1396 455 1516 518 iterant.

115 564 199 627 nihil
228 564 326 648 igitur
352 564 386 625 in
408 583 461 625 vv,
485 559 549 623 510
559 583 628 646 sqq.
656 571 843 646 corruptum
871 569 927 638 est,
958 560 1038 624 nihil
1071 558 1263 644 omissum')
1304 562 1369 622 iam
1396 568 1517 623 restant

114 668 222 733 verba
254 689 344 752 saepe
373 666 509 729 cedentes
538 688 621 750 snos,
649 687 740 750 ¹quae
770 665 904 729 Richter
937 666 970 728 in
1001 666 1093 728 caede
1123 665 1288 749 perdentes
1317 686 1387 726 srecs
1417 672 1517 727 muta-

114 775 176 835 vit.
217 771 275 835 sed
301 769 383 834 haec
413 793 541 856 quoque
572 769 729 834 librorum
760 772 937 855 scriptura¹
949 770 1091 852 genuina
1121 778 1178 854 est,
1214 769 1387 833 dummodo
1417 767 1519 832 verba

113 880 151 941 in
186 875 354 941 codicibus
387 875 507 940 tradita
541 885 628 939 recte
663 875 809 960 legamus
858 896 949 961 saepe
978 874 1134 938 caedentes
1165 896 1244 937 satos.
1291 895 1408 959 nempe
1439 871 1518 935 illud

114 1004 212 1066 saepe
247 1001 319 1043 cum
353 980 455 1044 verbo
489 982 592 1043 hausit
627 981 889 1064 coniungendam
922 990 984 1061 est,
1025 1001 1088 1064 quo
1123 979 1210 1043 facto
1245 999 1357 1041 sensus
1395 977 1518 1061 aptissi-

115 1108 191 1149 mus
219 1084 343 1164 existit3
374 1106 449 1148 nam
473 1106 554 1148 voce
575 1107 666 1170 saepe
689 1082 848 1149 Octaviae
877 1086 1013 1169 scriptor
1036 1083 1152 1148 multas
1175 1104 1301 1169 pugnas
1330 1105 1403 1146 cum
1427 1082 1519 1146 Pom-

116 1192 193 1275 peio
217 1189 405 1252 commissas
429 1210 499 1252 esse
523 1189 705 1272 significare
725 1188 837 1269 voluit,
862 1188 970 1252 verbis
994 1197 1104 1252 autem
1126 1187 1283 1251 caedentes
1305 1208 1374 1249 suos
1398 1186 1518 1250 bellum

118 1294 216 1358 civile
244 1293 343 1357 fuisse
370 1292 479 1374 docet3
515 1293 555 1356 cf.
584 1316 616 1357 v.
639 1292 704 1357 523
717 1315 763 1379 sq.
791 1295 883 1379 inpie
904 1304 1020 1379 pestem
1043 1293 1100 1355 dia
1124 1295 1128 1375 Ι
1152 1292 1240 1354 civite
1267 1290 1386 1355 bettane.
1415 1302 1448 1355 11
1471 1314 1518 1373 11,

118 1398 206 1483 quod
229 1421 261 1462 v.
285 1396 349 1461 510
371 1419 538 1473 camaram,
562 1397 627 1462 514
648 1397 751 1461 caedis
773 1397 921 1480 legimus,
950 1420 1015 1461 non
1038 1397 1140 1461 solum
1163 1418 1225 1460 non
1251 1397 1284 1458 in
1308 1395 1444 1459 dubium
1467 1419 1519 1460 vo·
1598 1384 1603 1392 ”

120 1512 213 1566 catur
229 1501 310 1567 haec
327 1503 496 1586 scriptura,
521 1502 578 1566 sed
594 1504 702 1587 potius
722 1502 976 1566 commendatur.
1016 1523 1099 1586 quae
1122 1523 1196 1565 cum
1219 1501 1298 1564 mihi
1321 1502 1354 1564 in
1377 1509 1519 1564 mentem

119 1609 294 1688 venissent,
327 1628 379 1671 me
406 1608 513 1692 ipsum
535 1629 649 1671 verum
675 1609 837 1672 invenisse
864 1606 1031 1693 putabam.
1078 1605 1135 1668 sed
1163 1615 1276 1690 postea
1300 1627 1341 1669 111
1365 1604 1519 1669 Gronovii

119 1710 327 1776 adnotatione
350 1712 487 1795 cognovi
510 1713 574 1775 iam
598 1710 639 1775 G.
661 1710 848 1778 Fabricium
871 1695 1028 1775 caedentes
1051 1732 1123 1773 saas
1146 1710 1322 1795 scripsisse,
1345 1711 1391 1773 ita
1412 1716 1519 1773 tamen

118 1824 154 1880 ut
184 1814 235 1879 his
261 1814 372 1878 verbis
402 1815 538 1880 indicari
569 1825 725 1880 statueret
755 1818 844 1879 cives
875 1839 894 1879 a
922 1815 1048 1880 civibus
1080 1835 1177 1900 saepe
1203 1822 1335 1878 necatos
1365 1814 1398 1877 in
1428 1816 1519 1877 mari.

120 1920 206 2006 quod
230 1943 250 1984 a
273 1917 437 1983 Gronovio
468 1930 505 1983 ut
531 1943 647 2006 parum
671 1921 769 1984 latine
797 1921 921 1984 dictum
950 1918 1167 2005 improbatum
1197 1928 1254 1982 est.
1295 1918 1351 1981 sed
1384 1918 1408 1980 si
1440 1916 1520 1981 illud

118 2047 207 2109 saepe
236 2046 310 2087 cum
336 2024 437 2087 daasit
465 2026 703 2109 coniungimus‚
733 2047 797 2089 non
821 2025 930 2102 video,
962 2023 1041 2109 quid
1071 2025 1104 2087 in
1134 2023 1184 2087 his
1212 2022 1321 2087 verbis
1353 2022 1520 2086 offensioni

120 2151 192 2193 esse
215 2130 326 2213 possit.

225 2234 263 2297 In
288 2256 341 2298 vu.
365 2233 430 2298 590
440 2256 485 2320 sq.
515 2246 543 2297 et
572 2236 637 2319 ipse
664 2231 775 2319 papati
803 2246 876 2297 uota
905 2236 969 2297 iarn
994 2234 1118 2318 pridem
1150 2233 1288 2318 aaaron!
1335 2256 1401 2296 cana
1420 2244 1522 2318 portet

120 2350 207 2403 atero
224 2341 341 2423 pipnas
364 2350 392 2403 et
408 2350 533 2424 partem
555 2340 615 2401 naci
640 2342 763 2425 primus
787 2338 1000 2423 Buecheler²)
1029 2340 1134 2403 haesit
1165 2342 1198 2402 in
1226 2360 1277 2420 eo,
1307 2338 1393 2423 quod
1425 2360 1521 2401 enun-

121 2445 191 2507 tiati
216 2442 399 2507 secundarii
422 2442 602 2507 subiectum
626 2444 727 2528 deest,
752 2453 793 2529 et,
817 2466 939 2507 cum‘v.
956 2443 1021 2507 590
1032 2444 1146 2528 papati
1167 2466 1186 2507 a
1204 2442 1336 2507 librario
1358 2445 1521 2507 nominum

121 2570 225 2631 paene
256 2550 397 2611 omnium
428 2558 615 2633 corruptore
646 2549 679 2612 in
708 2548 815 2611 iocum
842 2549 979 2612 nominis
1006 2548 1181 2633 Poppaeae
1212 2547 1420 2611 substitutum
1452 2569 1521 2610 esse

122 2654 332 2734 existimaret,
358 2675 432 2716 eum
455 2674 586 2716 versum
609 2654 655 2715 sic
679 2652 747 2715 fere
770 2652 995 2735 retingendum
1019 2674 1089 2715 csse
1117 2653 1240 2715 statuit:
1264 2653 1327 2713 iant
1346 2651 1470 2734 pridem
1493 2661 1522 2713 et

120 2758 185 2841 ipse
206 2767 281 2819 uota
303 2757 467 2841 Poppaeae
488 2779 602 2819 moror.
641 2756 836 2842 Baehrens-r)
861 2778 939 2820 vero
962 2756 1078 2820 eadem
1100 2778 1134 2819 re
1158 2757 1299 2819 offensus
1321 2765 1395 2841 post
1410 2779 1441 2819 v.
1458 2755 1519 2820 501

121 2860 317 2925 versiculum
339 2860 501 2937 excidisse
521 2863 670 2946 opinatus
686 2871 735 2924 est
750 2862 924 2947 Poppaeae
940 2863 1136 2925 mentionem
1157 2883 1231 2924 cum
1251 2862 1369 2924 amoris
1386 2860 1522 2943 flagran-

120 2967 160 3028 tis
177 2966 410 3048 significatione
425 2968 658 3029 continentem.
694 2965 751 3029 sed
771 2976 838 3030 tota
855 2964 998 3029 Senecae
1020 2975 1051 3029 et
1070 2966 1209 3029 Neronis
1230 2964 1415 3048 disputatio,
1439 2986 1521 3049 quae

120 3092 175 3132 vv.
196 3070 369 3134 540—592
392 3072 584 3152 continetur,
610 3071 652 3133 ad
675 3072 863 3155 Poppaeam
886 3072 1034 3154 pertinet.
1066 3092 1104 3133 ac
1127 3070 1214 3134 Nero
1236 3072 1306 3156 ipse
1330 3092 1384 3133 vv.
1401 3069 1522 3155 utosq.

122 3174 252 3237 dixerat
289 3176 335 3238 hic
357 3176 432 3237 rnihi
453 3175 571 3261 iapudes
588 3175 756 3261 praeferat
779 3176 889 3237 taedas
912 3176 987 3237 deus
1006 3178 1010 3259 1
1030 3176 1196 3261 r'urtpatque
1218 3176 1331 3263 nastris
1352 3176 1421 3261 ipae
1442 3174 1522 3259 Pap-

116 3302 232 3363 paeara
255 3280 338 3342 toris.
375 3281 484 3364 itaque
508 3279 610 3344 verba
637 3291 828 3363 comportet
850 3290 935 3342 atero
958 3280 1071 3363 pipaas
1098 3281 1138 3343 de
1162 3279 1315 3365 Poppaea
1342 3279 1429 3343 dicta
1453 3298 1522 3341 esse

122 3384 284 3446 neminem
311 3391 418 3466 potest
444 3383 567 3467 fugere.
617 3394 650 3447 et
682 3384 826 3448 consulto
858 3384 993 3448 fortasse
1021 3384 1194 3470 Poppaeae
1224 3406 1340 3446 nomen
1372 3384 1523 3447 omissum

123 3496 171 3551 111
206 3487 248 3551 ab
276 3485 434 3552 Octaviae
467 3489 637 3574 scriptore,
673 3498 709 3552 ut
741 3489 980 3571 significaretur
1006 3490 1170 3553 Neronem
1204 3488 1244 3551 de
1278 3510 1343 3551 una
1370 3487 1524 3571 Poppaea

123 3614 252 3676 semper
284 3592 452 3676 cogitasse.
497 3594 673 3655 mutatione
703 3594 801 3675 igitur
831 3596 961 3657 omnino
992 3615 1055 3656 non
1086 3614 1166 3676 opus
1198 3601 1255 3655 est.
1303 3600 1414 3654 contra
1441 3592 1523 3654 Bue-

123 3694 287 3758 chelerum
318 3705 441 3778 autem,
474 3706 701 3781 praeterquam
730 3696 816 3781 quod
844 3697 953 3783 populi
982 3698 1115 3781 stirpem
1143 3697 1320 3780 legitimam
1351 3718 1393 3758 ex
1423 3695 1522 3758 Nero-

123 3822 163 3863 ne
187 3798 401 3862 desiderantis
425 3802 686 3864 commemoratio
709 3800 762 3863 hic
785 3803 952 3885 aptissima
980 3810 1036 3885 est,
1068 3811 1104 3864 ut
1131 3810 1218 3864 recte
1241 3800 1407 3863 Baehrens
1435 3801 1523 3881 dicit,

124 3905 221 3966 etiam
257 3904 392 3987 proferri
427 3914 534 3988 potest
561 3905 734 3989 Poppaeae
773 3928 889 3968 nomen
925 3907 957 3968 in
989 3905 1148 3970 Octaviae
1185 3905 1352 3968 codicibus
1382 3907 1524 3987 graviter

125 4017 312 4091 corruptum
339 4029 499 4092 nusquam
526 4009 679 4095 11111114)
724 4011 841 4073 iniuria
871 4012 982 4093 igitur,
1013 4011 1046 4073 ni
1077 4011 1185 4073 omnia
1215 4032 1267 4074 me
1298 4009 1427 4091 fallunt,
1455 4010 1549 4073 Leo.

125 4112 232 4175 versui
255 4110 320 4175 590
343 4132 473 4176 crucem
495 4112 653 4199 adposuit.

126 4247 205 4253 -—
216 4246 331 4253 ——---.-

229 4306 247 4368 ¹)
265 4304 376 4355 Richter
398 4306 470 4355 enim
493 4307 585 4371 inepte
603 4322 646 4357 vv.
665 4310 716 4358 520
735 4313 762 4358 at
781 4309 829 4356 521
854 4307 968 4357 lacunae
991 4308 1067 4372 signo
1091 4308 1229 4369 disiunxit,
1253 4324 1312 4357 cum
1331 4323 1449 4371 versum,
1471 4323 1523 4373 quo

125 4394 234 4443 Antonii
252 4393 353 4442 mentio
372 4392 444 4442 facta
462 4398 541 4455 11111,
559 4395 725 4444 intercidisse
744 4397 896 4461 suspicatus
915 4399 992 4443 esset.
1070 4460 1076 4469 ⁸

229 4479 335 4542 2)111111.
354 4480 441 4531 Rhea.
461 4482 642 4532 11111414.

227 4567 350 4633 310111.
371 4570 428 4618 119.
782 4615 785 4629 ,

226 4656 247 4716 ⁴)
267 4654 306 4705 Cf.
325 4655 426 4705 Leonis
443 4654 504 4706 adn.
525 4658 583 4707 crit.
602 4656 636 4707 ad
654 4673 696 4707 vv.
715 4659 775 4721 ott,
794 4658 854 4720 596,
874 4657 931 4707 690.
