3392 5067
165 154 208 215 40

165 367 223 429 quc
246 343 349 429 suom)
374 364 480 428 neque
505 344 601 407 Livia
623 343 688 427 illa,
713 347 799 431 quod
824 346 956 433 quidem
978 372 1036 413 nos
1060 351 1213 433 sciamus,
1241 373 1395 440 umquam
1417 352 1595 437 relegata

166 457 223 513 est.
248 450 346 512 immo
369 448 487 512 chorus
509 448 559 512 his
583 450 730 515 omnibus
754 452 891 535 feminis,
908 452 1091 539 Agrippina
1114 454 1300 521 Germanici
1317 478 1430 534 uxore,
1456 458 1590 539 Livia,

165 554 258 637 Iulia,
280 552 465 637 Messalina,
489 551 672 639 Agrippina
694 555 831 620 Neronis
855 566 958 621 matre
982 562 1240 625 commemoratis
1258 559 1429 625 Octaviam
1454 584 1589 625 conso-

167 658 226 722 lari
256 657 322 721 volt
353 678 488 721 monens
519 657 693 723 multarum
724 661 831 745 stirpis
854 661 957 725 Iuliae
984 662 1177 727 feminarum
1205 672 1324 729 sortem
1350 667 1588 729 miserrimam

166 763 274 827 fuisse.
319 761 353 824 id
375 762 484 846 igitur,
513 762 599 846 quod
622 762 737 827 Iuliam
765 764 952 829 Germanici
980 766 1080 831 filiam
1102 767 1281 852 relegatam
1310 769 1410 833 fuisse
1433 770 1584 852 scimus,

168 889 233 930 non
256 867 289 929 in
312 887 411 929 causa
434 887 505 929 esse
527 875 643 952 potest,
675 878 710 932 ut
733 878 912 933 statuamus
934 892 1016 933 voce
1036 871 1148 934 matris
1172 871 1217 958 (v.
1243 872 1321 957 944)
1345 872 1583 960 Agrippinam

168 970 355 1034 Germanici
376 990 513 1034 uxorem
537 971 722 1054 significari,
747 973 833 1058 quod
857 972 1135 1040 1181111111
1158 975 1275 1057 fecit.¹)
1305 980 1402 1042 immo
1419 979 1444 1040 si
1460 978 1582 1042 verba

163 1086 235 1162 post
268 1072 362 1160 lonpn
396 1084 498 1137 111111
532 1085 669 1159 tempora
694 1129 700 1141 .
727 1128 732 1139 .
760 1129 765 1139 .
792 1128 797 1138 .
850 1100 923 1141 cum
950 1077 1052 1143 Iuliae
1080 1079 1180 1143 Drusi
1202 1080 1288 1144 filiae
1311 1090 1406 1162 sorte,
1435 1082 1580 1166 qualem

168 1201 226 1244 nos
243 1201 314 1244 eam
330 1188 528 1263 compertam
543 1178 711 1262 habemus,
736 1184 913 1245 consociari
932 1192 1077 1268 possunt,
1099 1206 1164 1249 non
1183 1183 1406 1249 dubitabimus
1422 1195 1579 1249 statuere

168 1306 285 1349 vocem
306 1284 416 1346 matris
439 1284 480 1347 ad
502 1284 632 1349 Liviam
648 1286 796 1350 versibus
816 1288 965 1372 proxime
988 1288 1258 1353 antecedentibus
1281 1300 1576 1354 commemoratam

170 1398 328 1474 spectare,
353 1409 437 1473 quae
461 1390 683 1474 interpretatio
708 1412 742 1470 se
765 1392 836 1476 ipsa
859 1390 963 1473 offert,
987 1402 1019 1455 et
1042 1393 1157 1456 Liviae
1179 1392 1278 1458 filiam
1302 1393 1475 1477 designari.
1527 1396 1576 1457 in-

169 1493 363 1578 quirendum
393 1494 491 1574 igitur
518 1502 576 1574 est,
608 1516 685 1557 num
714 1492 798 1559 filiae
822 1496 922 1559 Drusi
949 1504 982 1559 et
1007 1496 1123 1560 Liviae
1150 1498 1228 1560 sorti
1255 1518 1370 1560 versus
1393 1497 1575 1561 944-946

170 1599 372 1662 conveniant.
418 1597 521 1662 verba
546 1610 619 1683 post
649 1599 743 1684 lonpo
766 1611 903 1685 tempora
924 1622 984 1686 per
1012 1622 1046 1663 se
1074 1600 1117 1665 ad
1139 1612 1310 1686 utramque
1337 1601 1454 1667 Iuliam
1478 1625 1574 1687 spec-

170 1711 238 1765 tare
262 1711 411 1786 possunt3
440 1702 541 1766 Drusi
568 1713 679 1767 tamen
701 1702 768 1768 filia
794 1706 897 1768 maior
923 1714 1003 1769 natu
1025 1715 1094 1769 erat
1117 1727 1215 1789 quam
1238 1704 1425 1770 Germanici
1447 1745 1492 1753 —
1516 1706 1573 1771 illa

132 1876 134 1881 ¹
172 1808 258 1871 enim
280 1809 344 1871 iam
368 1829 396 1870 a.
420 1806 488 1870 XX
511 1829 543 1892 p.
564 1807 622 1872 ch.
647 1808 768 1873 Neroni
791 1807 978 1873 Germanici
1002 1809 1066 1872 filio
1095 1808 1288 1875 consobrino
1318 1832 1375 1874 suo
1406 1810 1573 1896 desponsa

170 1910 258 1997 est,²)
276 1910 334 1973 sed
351 1910 538 1975 Germanioi
557 1911 624 1974 filia
640 1935 668 1976 a.
685 1912 785 1977 XVII
802 1935 832 1998 p.
851 1911 909 1977 Oh.
935 1913 1065 1977 demum
1087 1925 1164 1976 nata
1186 1936 1256 1978 esse
1280 1914 1411 1978 videtur
1420 1915 1445 2000 3)
1469 1953 1513 1961 -
1537 1925 1571 1978 et

170 2018 271 2080 maior
298 2014 380 2079 Iulia
406 2016 504 2079 etiam
532 2015 657 2080 duobus
686 2019 777 2080 annis
810 2026 883 2101 post
910 2018 1067 2081 minorem
1095 2018 1203 2081 occisa
1230 2026 1294 2097 est,
1325 2020 1352 2081 si
1379 2019 1475 2083 modo
1503 2019 1569 2083 Dio

171 2130 258 2184 recte
274 2119 369 2183 huius
385 2128 521 2183 mortem
538 2118 579 2182 ad
595 2143 624 2183 a.
635 2120 715 2183 XLI
731 2120 809 2205 (LX
819 2120 864 2207 8),
880 2121 964 2185 illius
980 2121 1022 2184 ad
1038 2144 1066 2185 a.
1083 2121 1200 2185 XLIII
1216 2121 1295 2206 (LX
1306 2121 1359 2200 18)
1377 2144 1567 2187 commemo·
1673 2171 1674 2200 3

171 2232 231 2287 rat.
257 2226 366 2308 itaque
389 2223 492 2288 verba
518 2234 588 2308 post
611 2224 704 2311 lonpo
727 2236 866 2311 temporo
886 2228 1052 2311 aptissime
1073 2225 1114 2289 de
1134 2226 1234 2289 Drusi
1257 2226 1324 2289 filia
1345 2226 1408 2289 dici
1424 2228 1568 2312 potuisse
1673 2295 1674 2298 Ἴ

172 2349 268 2392 nemo
284 2326 429 2411 negabit,
448 2328 542 2414 ferro
559 2338 667 2393 autem
683 2351 747 2393 una
761 2338 888 2393 tantum
903 2329 986 2393 Iulia
1002 2352 1098 2393 caesa
1110 2338 1168 2414 est,
1184 2339 1220 2393 ut
1236 2352 1278 2393 ex
1293 2329 1567 2415 Apocolooyntosi
1673 2335 1674 2402 ᾗ

174 2440 264 2498 const
285 2441 307 2496 t.
341 2442 373 2497 ct
388 2434 415 2495 is
432 2435 487 2517 qui
503 2430 674 2497 Octaviam
691 2435 881 2518 composuit,
904 2457 978 2498 cum
993 2433 1052 2498 hos
1068 2456 1182 2497 versus
1198 2434 1366 2516 scriberet,
1387 2456 1485 2498 unam
1501 2444 1566 2499 tan-

172 2547 241 2601 tum
263 2538 418 2622 respexit.
442 2559 524 2622 qnae
547 2560 598 2601 res
614 2539 747 2602 maximi
762 2540 916 2602 momenti
931 2537 1010 2601 mihi
1025 2560 1096 2601 esse
1112 2538 1249 2601 videtur.
1273 2560 1349 2601 nam
1364 2560 1422 2602 nos
1438 2538 1565 2622 quidem

174 2643 289 2707 ceteris
304 2640 383 2705 locis
396 2640 553 2719 omnibus,
572 2641 689 2726 quibus
704 2641 820 2706 harum
836 2641 992 2705 Iuliarum
1006 2643 1127 2705 mentio
1143 2642 1283 2724 inicitur,
1299 2643 1383 2706 inter
1398 2663 1433 2705 se
1446 2641 1564 2705 collatis

173 2747 359 2811 discernere
375 2768 439 2809 non
462 2767 643 2831 possumus,
667 2755 741 2810 utra
764 2744 851 2810 ferro
868 2768 963 2810 caesa
978 2748 1028 2831 sit,
1052 2768 1150 2831 quam
1165 2743 1389 2809 difficultatem
1411 2746 1475 2808 iam
1496 2746 1563 2809 loco

172 2851 226 2916 illo
243 2848 401 2915 Octaviae
425 2849 586 2915 sublatam
609 2872 679 2914 esse
695 2850 797 2913 vides.
828 2851 863 2915 id
878 2873 955 2915 vero
977 2850 1064 2914 nullo
1087 2860 1183 2935 pacto
1199 2872 1257 2913 nos
1276 2850 1414 2933 scriptor
1433 2850 1562 2913 edocere

174 2957 340 3041 potuisset,
369 2956 395 3017 si
419 2976 458 3019 ea
481 2963 607 3019 tantum
630 2956 823 3039 scriptorum
847 2977 954 3039 opera,
979 2978 1063 3042 quae
1086 2954 1128 3019 ad
1151 2977 1210 3038 nos
1233 2964 1465 3039 pervenerunt,
1489 2964 1561 3017 tam·

174 3082 271 3145 qnam
294 3060 400 3123 fontes
423 3058 633 3124 adhibuisset.
662 3060 777 3145 quodsi
800 3060 888 3144 apud
904 3058 1078 3145 Dionem4)
1101 3058 1239 3123 verbum
1255 3057 1408 3139 ἀπέσφαξεν
1423 3056 1561 3141 legimus,

174 3166 235 3229 hoc
256 3164 298 3227 ad
321 3172 491 3248 utramque
515 3163 631 3227 Iuliam
655 3172 804 3249 spectare
827 3164 958 3227 videtur
981 3185 1085 3249 neque
1113 3165 1243 3248 proprio
1266 3162 1300 3225 id
1323 3184 1421 3225 sensu
1447 3161 1561 3225 adhibi·

174 3279 242 3333 tum
270 3278 328 3352 est,
353 3288 428 3330 cum
455 3269 525 3352 ipse
552 3267 660 3352 paullo
689 3276 761 3351 post
788 3268 923 3331 alteram
950 3267 1067 3331 Iuliam
1093 3290 1114 3331 a
1136 3267 1310 3331 Messalina
1337 3266 1476 3330 occisam
1496 3287 1560 3328 esse

175 3374 277 3455 dicat,
309 3373 379 3435 veri
407 3374 493 3435 enim
516 3394 581 3435 non
605 3370 759 3434 dissimile
782 3381 830 3435 est
853 3372 993 3435 Dionem
1020 3393 1060 3435 ne
1089 3372 1222 3434 scivisse
1249 3370 1390 3455 quidem,
1419 3370 1499 3454 quod
1521 3391 1559 3432 ex

174 3477 436 3562 apocolocyntosi
464 3485 666 3560 compertum
693 3474 866 3557 habemus,
895 3476 1029 3539 alteram
1056 3475 1172 3540 Iuliam
1200 3462 1304 3556 ferro,
1323 3473 1457 3537 alteram
1482 3476 1558 3538 fame

174 3590 378 3666 peremptam
401 3603 482 3644 esse.
528 3589 651 3645 restant
674 3580 777 3643 verba
792 3580 865 3644 Oct.
881 3603 912 3643 v.
937 3580 1017 3643 946:
1045 3581 1182 3663 quamvis
1209 3578 1338 3641 crimine
1364 3578 1459 3655 nollo,
1485 3601 1557 3663 quae

175 3686 356 3769 comparari
384 3693 519 3769 possunt
542 3707 616 3748 cum
640 3686 696 3763 cis,
725 3706 807 3768 quae
830 3684 920 3768 apud
943 3683 1031 3747 Suet.
1056 3682 1170 3747 Claud.
1187 3682 1228 3746 29
1251 3682 1416 3766 leguntur:
1446 3683 1558 3743 1111111

175 3792 288 3855 incerto
311 3838 317 3852 .
342 3839 348 3851 .
372 3840 376 3852 .
403 3840 407 3851 .
434 3789 541 3851 occidit
565 3797 702 3874 atquae
727 3790 760 3851 in
783 3788 1059 3875 Apocolocyntosi
1074 3788 1145 3852 X4
1168 3796 1295 3851 extant:
1324 3786 1557 3864 1111111111μί11

179 3892 305 3971 Clondt',
333 3914 626 3977 11111111111111
658 3917 696 3956 aa
723 3894 866 3977 11111111
892 3916 1026 3978 quosque
1048 3893 1197 3970 occidisti,
1228 3901 1394 3974 1111111111
1416 3890 1453 3953 de
1473 3914 1556 3953 11111

176 4020 375 4084 1191111111,
400 4007 565 4082 1111111111
588 3998 726 4075 audires,
750 3997 926 4059 damnasti?
960 3997 1016 4060 sed
1044 3999 1070 4061 si
1098 3997 1241 4060 locorum
1263 3994 1389 4058 illorum
1415 3998 1555 4059 rationem

281 4174 301 4238 1)
320 4175 354 4222 In
371 4174 509 4238 interpret.
529 4188 610 4238 germ.
631 4173 692 4223 Sen.
712 4178 778 4238 trag.
797 4173 850 4222 vol.
864 4173 905 4222 III
924 4190 948 4237 p.
961 4174 1019 4221 376.

281 4261 300 4325 ²)
321 4260 360 4310 cf.
380 4261 443 4309 Tac.
462 4259 531 4309 Ann.
550 4260 644 4309 11111.
663 4259 770 4309 111160.
790 4259 828 4308 VI
841 4260 887 4320 273
906 4259 985 4308 Dion.
1006 4258 1079 4307 Cass.
1098 4258 1147 4306 LX
1162 4258 1201 4307 18.

280 4348 301 4412 3)
321 4347 360 4397 Of.
380 4347 575 4396 Mommsenum
594 4346 611 4395 l.
626 4362 648 4396 c.
667 4363 691 4410 p.
706 4348 764 4395 255.

282 4433 302 4499 ι)
323 4434 362 4483 cf.
382 4435 429 4483 LX
444 4434 486 4482 18:
505 4431 546 4497 τήν
565 4449 588 4481 τε
607 4429 712 4491 Ἰουλίαν,
732 4433 771 4497 τὴν
791 4434 832 4481 τοῦ
850 4430 957 4498 Δρούσου
976 4431 1018 4498 μὲν
1032 4469 1037 4478 .
1052 4470 1057 4477 .
1072 4470 1076 4478 .
1090 4430 1170 4497 ὥσπερ
1190 4429 1227 4479 καὶ
1245 4427 1286 4493 τὴν
1306 4427 1384 4496 ἑτέραν
1403 4426 1523 4497 ἀπέσφαξεν.
