3392 5067
183 208 222 269 16

181 399 323 483 singulos
344 400 433 463 locos
457 420 499 463 ex
514 400 628 463 Tacito
652 409 684 464 et
703 398 843 464 Octavia
865 400 1066 487 desumptus,
1089 402 1268 486 intorques
1292 400 1468 465 similitudo
1484 423 1581 487 quae·

180 503 256 569 dam
279 505 308 568 ei
330 504 532 568 intercedere
555 503 738 587 videbatur,
767 507 949 590 composuit
960 504 994 592 ¹).
1036 507 1173 592 inques
1200 526 1312 569 omnes
1339 506 1418 570 milri
1446 528 1580 571 accura-

178 611 242 673 tius
268 609 496 703 inquirendum
524 619 581 692 est,
610 611 686 695 quia
707 612 740 675 in
767 610 823 673 tali
847 612 1035 696 quaestione
1058 609 1110 673 vel
1132 632 1217 708 unus
1243 609 1335 675 locus
1357 613 1492 676 maximi
1515 633 1580 676 mo-

178 715 279 778 menti
303 736 374 777 esse
401 723 515 800 potest.
562 714 620 778 sed
643 724 819 800 antequam
843 715 885 779 de
909 715 1032 799 ordine,
1062 735 1124 799 quo
1152 713 1298 798 singulae
1321 737 1373 779 res
1396 724 1580 798 narrantur,

180 817 382 904 disputemus
413 819 619 905 singulosque
650 819 737 884 locos
768 821 992 905 inspiciamus,
1023 821 1137 906 paucis
1166 828 1395 903 argumentum
1421 819 1580 886 Octaviae

179 923 374 1010 explanabo.

282 1029 344 1094 Vv.
369 1026 482 1092 1-33
505 1028 645 1094 Octavia
660 1030 748 1093 vitae
775 1038 925 1113 pertaesa
940 1030 1087 1094 miserias
1111 1052 1186 1094 suas
1209 1029 1357 1115 deplorat
1379 1029 1580 1115 caedemque

178 1135 290 1198 matris
314 1132 537 1220 (Messalinae)
554 1142 587 1199 et
609 1135 711 1219 patris
736 1133 893 1220 (Claudii)
917 1137 1070 1219 queritur.
1103 1133 1222 1199 deinde
1239 1133 1306 1220 (vv.
1325 1132 1468 1220 33-56)
1484 1133 1579 1199 Oeta·

178 1240 251 1303 viae
278 1240 390 1301 nutrix
416 1240 568 1305 miseram
592 1241 661 1304 eius
685 1249 804 1305 sortem
828 1238 970 1304 ostendit
992 1250 1025 1304 et
1047 1239 1116 1326 (vv.
1137 1238 1315 1325 57-272)
1340 1262 1414 1303 cum
1438 1230 1577 1322 alumna,

177 1364 261 1427 quae
289 1340 375 1406 mala
403 1365 461 1407 sua
489 1342 609 1407 deflere
636 1346 757 1428 pergit,
787 1342 973 1429 colloquens
1002 1343 1193 1428 obsequium
1220 1344 1249 1407 ei
1277 1342 1407 1423 suadet,
1436 1343 1578 1429 denique

179 1445 247 1532 (vv.
273 1445 461 1534 ata-376)
495 1446 612 1511 chorus
636 1448 794 1513 Octaviae
823 1449 982 1512 fautorem
1005 1471 1039 1513 se
1061 1457 1231 1534 praestans
1254 1448 1474 1513 Romanorum
1497 1450 1580 1514 iner-

178 1553 255 1615 tiam
279 1561 311 1615 et
334 1549 485 1615 servilem
512 1554 702 1638 patientiam
725 1556 841 1637 arguit,
870 1553 1008 1618 Neronis
1031 1553 1264 1617 immanitatem
1288 1551 1439 1634 ostendit,
1467 1556 1579 1618 matris

178 1678 292 1723 necem
314 1679 335 1720 a
362 1656 428 1721 filio
459 1657 595 1721 scelesto
625 1660 746 1722 iussam
777 1658 886 1723 multis
913 1657 1023 1723 verbis
1054 1657 1253 1723 describens.
1299 1659 1364 1721 iam
1390 1656 1518 1722 Seneca
1545 1660 1579 1722 in

178 1782 329 1826 scaenam
352 1761 461 1848 prodit
484 1771 517 1826 et
540 1761 608 1849 (vv.
627 1763 813 1849 att-437)
844 1766 971 1849 pristini
995 1764 1083 1828 exilii
1107 1763 1312 1841 solitudinem
1334 1785 1393 1847 pro
1417 1766 1580 1848 praesenti

177 1866 264 1929 vitae
288 1888 365 1929 suae
389 1866 580 1931 condicione
603 1868 781 1955 praedicat,
811 1870 935 1953 antiqui
962 1870 1117 1953 temporis
1141 1890 1247 1932 mores
1269 1866 1420 1931 laudibus
1444 1866 1579 1950 extollit,
1599 1896 1602 1899 ⁴

178 1992 269 2035 suam
298 1972 399 2056 ipsius
430 1980 571 2037 aetatem
601 1974 746 2056 graviter
775 1974 913 2037 incusat.
964 1976 1109 2057 sequitur
1139 1994 1214 2037 eum
1243 1971 1345 2054 Nero,
1377 1975 1432 2058 qui
1461 1996 1493 2037 v.
1514 1970 1578 2035 438

178 2075 320 2140 Rubellii
336 2076 443 2140 Plauti
459 2074 665 2162 Corneliique
681 2076 789 2143 Sullae
806 2076 942 2141 caedem
964 2077 1065 2162 iubet,
1088 2077 1215 2141 Seneca
1238 2075 1358 2140 frustra
1382 2079 1450 2163 (vv.
1469 2076 1576 2141 440-

178 2180 256 2265 592)
279 2189 455 2266 tyrannum
485 2180 528 2244 ad
558 2182 686 2246 mitiora
716 2181 879 2246 hortante:
914 2204 990 2245 nam
1016 2183 1043 2245 is
1071 2182 1113 2245 ad
1141 2182 1342 2244 atrocissima
1369 2203 1403 2244 se
1430 2189 1579 2266 paratum

177 2284 314 2370 praebet
330 2294 362 2349 et
377 2286 529 2350 adfirmat
545 2284 717 2351 Octaviam
734 2288 905 2371 coniugem
921 2286 1016 2351 domo
1039 2306 1074 2349 se
1098 2284 1310 2373 expulsurum
1326 2286 1579 2371 Poppaeamque

176 2389 384 2454 inducturum
407 2413 486 2455 esse.
519 2400 589 2454 tum
613 2390 681 2478 (vv.
704 2389 890 2473 593-645)
914 2390 1116 2476 Agrippinae
1139 2389 1257 2455 umbra
1279 2389 1444 2454 inducitur
1465 2389 1508 2453 ab
1531 2391 1578 2453 in·'

177 2497 253 2559 feris
270 2498 422 2577 excitata,
447 2516 530 2581 quae
546 2495 720 2579 Poppaeae
735 2494 939 2580 Neronisque
957 2496 1082 2559 exitum
1103 2495 1273 2580 praedicit.
1306 2493 1424 2557 deinde
1439 2492 1580 2559 Octavia
1688 2481 1689 2546 l

178 2599 296 2685 prodit,
321 2592 404 2684 quae
418 2597 486 2685 (vv.
501 2598 687 2687 646-668)
704 2599 839 2663 eborum
855 2610 933 2685 orat,
958 2621 999 2664 ne
1015 2601 1110 2663 nimis
1128 2608 1245 2663 sortem
1263 2620 1354 2663 suam
1376 2598 1500 2682 lugeat:
1525 2621 1579 2661 ex·

176 2712 314 2768 tremam
336 2704 501 2768 fortunam
523 2702 584 2769 sibi
606 2727 672 2770 non
695 2726 765 2768 esse
781 2704 1086 2796 pertimesqendam.
1116 2704 1234 2769 chorus
1257 2712 1365 2768 autem
1388 2702 1457 2790 (vv.
1471 2702 1578 2766 669-

178 2807 256 2895 689)
286 2808 371 2873 hanc
401 2830 492 2893 spem
520 2830 636 2872 vanam
670 2831 739 2872 esse
770 2809 922 2875 adfirmat
952 2810 1132 2895 suadetque
1163 2812 1203 2890 ei,
1234 2818 1270 2871 ut
1300 2830 1377 2872 mox
1408 2816 1578 2872 cruentam

177 2913 309 2977 domum
331 2913 507 2999 relinquat,
531 2922 600 2978 tum
624 2915 785 2978 canticum
810 2936 944 2979 exorsus
968 2916 1163 2998 coniugium,
1187 2913 1273 2999 quod
1296 2914 1383 2977 Nero
1407 2934 1482 2976 cum
1496 2912 1578 2997 Pop·
1688 2901 1689 2914 ¹

177 3040 261 3103 paea
284 3017 406 3083 Sabina
429 3017 663 3083 celebrandurn
687 3028 789 3103 parat,
814 3017 1004 3084 detestatur.
1032 3021 1097 3083 iam
1119 3020 1191 3103 ipsa
1212 3018 1368 3102 Poppaea
1389 3017 1579 3103 producitur
1688 3053 1689 3078 1

178 3124 337 3186 somnium
360 3121 526 3207 quoddam
550 3145 624 3187 cum
650 3125 776 3187 nutrice
804 3147 865 3187 sua
888 3126 1140 3199 communicans,
1171 3144 1253 3207 quae
1281 3121 1445 3186 alumnam
1468 3142 1578 3184 conso-

175 3226 260 3291 latur
283 3227 516 3310 somniumque,
541 3247 604 3311 quo
627 3228 744 3291 iterum
766 3228 905 3293 Neronis
928 3229 1077 3291 interitus
1100 3227 1309 3310 significatur,
1334 3225 1578 3309 interpretando

175 3332 209 3394 in
243 3328 358 3410 melius
396 3339 525 3394 vertere
564 3330 672 3395 studet
712 3330 779 3417 (vv,
808 3331 873 3395 690
891 3370 927 3378 -
942 3331 1029 3418 761).
1092 3341 1266 3416 postquam
1301 3330 1417 3394 chorus
1451 3330 1579 3393 cantico
1650 3409 1657 3423 .

177 3436 244 3520 (vv.
263 3434 451 3521 toa-779)
479 3435 652 3519 Poppaeae
682 3435 958 3520 pulchritudinem
988 3436 1143 3518 laudavit,
1175 3434 1321 3499 adcurrit
1350 3435 1492 3516 nuntius,
1524 3436 1579 3518 qui

176 3539 245 3625 (vv.
263 3539 451 3626 780-805)
482 3539 616 3604 chorum
644 3540 685 3604 de
716 3540 827 3626 populi
858 3540 979 3627 favore,
1011 3563 1074 3626 quo
1104 3543 1131 3605 is
1158 3538 1331 3605 Octaviam
1361 3538 1577 3624 amplectitur,

176 3643 367 3711 seditionem
391 3646 560 3709 minitante
585 3646 754 3710 certiorem
776 3646 865 3710 facit,
912 3647 1029 3710 chorus
1051 3654 1160 3709 autem
1184 3644 1252 3731 (vv.
1270 3641 1457 3729 806-819)
1480 3650 1578 3725 negat
1688 3693 1689 3700 ,

177 3772 215 3813 ea
242 3772 277 3812 re
306 3751 481 3836 quiequam
507 3758 668 3813 mutatum
703 3751 743 3813 iri
770 3752 804 3813 in
832 3752 971 3815 Neronis
999 3753 1173 3833 sententia,
1211 3751 1367 3813 invictam
1395 3749 1479 3811 enim
1507 3768 1578 3810 esse

176 3852 306 3918 Amoris
336 3855 524 3939 potentiam.
541 3855 543 3860 ’
563 3864 632 3918 tum
654 3853 741 3918 Nero
765 3856 882 3919 iterum
905 3857 939 3919 in
962 3878 1115 3919 scaenam
1137 3875 1327 3940 progressus
1350 3851 1441 3916 iubet
1463 3853 1578 3916 acerri-
1688 3899 1690 3935 ζ

175 3960 235 4022 mis
263 3960 375 4044 poenis
403 3958 534 4043 plebem
558 3958 665 4042 adfici,
690 3958 864 4024 Octaviam
888 3982 965 4024 vero
992 3963 1026 4024 in
1053 3958 1192 4024 insulam
1218 3966 1378 4021 remotam
1406 3955 1578 4020 devectam

175 4062 324 4148 interfici,
353 4083 550 4148 quamquam
577 4062 763 4149 praefectus
791 4074 931 4150 tyranno
960 4065 1166 4129 clementiam
1195 4061 1402 4127 commendat
1429 4060 1497 4147 (vv.
1515 4060 1578 4123 820
1688 4121 1690 4127 ,

177 4165 309 4252 -876).
356 4168 501 4251 sequitur
529 4166 618 4231 chori
642 4172 815 4251 canticum,
845 4191 909 4255 quo
937 4168 1047 4254 populi
1076 4168 1221 4232 favorem
1246 4169 1312 4231 iam
1339 4165 1447 4229 multis
1474 4166 1579 4249 perni-

176 4274 298 4336 ciosum
313 4271 412 4335 fuisse
429 4272 609 4336 ostenditur
626 4272 694 4357 (vv.
713 4272 915 4359 titt-898).
963 4272 1082 4336 deinde
1099 4272 1167 4357 (vv.
1186 4269 1379 4352 saa-923)
1404 4269 1543 4335 Octavia
1559 4292 1578 4331 a
1688 4253 1690 4256 ⁸

282 4517 301 4581 1)
319 4516 397 4577 Quod
416 4519 533 4566 maxima
551 4524 673 4582 exparte
692 4520 745 4567 iam
764 4520 852 4567 Ritter
871 4519 980 4579 fecerat,
1000 4520 1047 4582 qui
1066 4523 1158 4568 tamen
1177 4517 1251 4566 locos
1269 4532 1324 4565 uon
1343 4521 1413 4565 totos
1432 4514 1579 4578 exscripsit,
1684 4555 1690 4564 ,a

175 4603 222 4653 sed
241 4604 359 4653 numeris
379 4608 484 4652 tanturn
503 4603 673 4669 significavit.
