3392 5067
194 202 255 265 190

191 391 335 475 Theogn.
354 391 436 455 1007
451 400 519 477 sqq.
543 389 634 467 ξυνὸν
656 386 686 457 d'
700 394 890 473 ’ἀνθρώποις
912 394 1133 479 ὑποθήσομαι,
1163 393 1249 481 ὄφρα
1270 417 1320 471 τις
1348 395 1413 479 ἡβᾷ
1437 392 1442 475 l
1466 391 1584 475 ἀγλαὸν

192 497 294 575 ἄνθος
316 492 397 579 ἔχων
418 494 473 561 καὶ
495 494 607 584 φρεσὶν
628 497 733 561 ἐσθλὰ
756 504 821 584 νοῇ,
843 497 848 579 l
868 505 931 561 τῶν
953 500 1052 562 αὐτοῦ
1073 500 1211 562 κτεάνων
1232 493 1267 561 εὖ
1289 495 1462 582 πασχέμεν.

295 600 405 663 Tertia
429 602 620 682 coniunctio,
649 622 732 684 quae
762 599 901 664 eandem
924 602 991 664 vim
1012 600 1120 684 habet,
1152 611 1201 665 est
1223 597 1304 667 ἔστε.
1350 623 1433 686 quae
1456 624 1521 665 nna
1543 624 1585 664 ex

191 706 230 768 iis
254 704 543 787 coniunctionibus,
573 706 710 790 quaein
734 704 853 787 elegeis
876 706 1093 786 inveniuntur,
1120 714 1154 768 et
1180 705 1221 769 ab
1245 706 1377 770 Homeri
1401 713 1433 767 et
1454 704 1497 769 ab
1520 705 1583 769 He-

192 809 274 874 siodi
304 808 499 873 carminibus
523 807 628 871 aliena
658 817 715 871 est.
758 810 899 893 primum
928 819 1038 872 autem
1068 810 1156 893 apud
1186 806 1309 873 Archil.
1332 810 1373 872 14
1402 810 1528 892 legitur,
1558 812 1585 873 si

192 914 324 998 quidem
355 912 466 996 Bergk
500 922 587 976 recte
619 912 721 976 verba
756 909 882 995 Γλαῦκ’,
922 911 1090 999 ἐπίκουρος
1120 915 1195 1000 ἀνὴρ
1224 917 1343 980 τόσσον
1371 912 1481 1002 φίλος,
1512 910 1584 979 ἕστε

192 1021 333 1105 μάχηται
355 1016 543 1081 Archilochi
567 1038 637 1080 esse
661 1017 866 1103 contendit‚1)
898 1027 969 1101 post
991 1016 1223 1082 Archilochum
1253 1040 1330 1081 vero
1365 1017 1462 1082 Solon
1482 1018 1533 1099 25,
1567 1018 1582 1080 1

161 1162 163 1167 -
191 1118 266 1188 ἔσθ’
284 1126 363 1209 ἥβης
393 1123 555 1207 ἐρατοῖσιν
584 1118 637 1186 ἐπ’
661 1122 776 1187 ἄνθεσι
806 1123 1027 1212 παιδοφιλήσῃ
1058 1143 1096 1188 ea
1126 1123 1286 1207 particula
1314 1146 1391 1187 usus
1419 1133 1476 1187 est.
1522 1145 1585 1208 quo

193 1235 326 1311 utroque
349 1226 418 1290 loco
436 1226 659 1290 coniunctivus
675 1226 813 1290 traditur
828 1248 933 1311 neque
948 1236 1064 1302 ¹tamen
1080 1226 1119 1291 dr'v
1141 1227 1280 1291 additur.
1306 1236 1417 1291 contra
1431 1228 1583 1312 Xenoph.

192 1329 222 1411 5,
246 1330 267 1393 4
291 1339 323 1393 et
344 1330 490 1414 Theogn.
515 1330 579 1395 304
605 1324 672 1395 ἔστ’
687 1332 725 1395 dlv
748 1340 850 1411 extat,
876 1330 954 1396 ibid.
973 1330 1035 1395 959
1065 1326 1152 1417 (ἔστι
1179 1333 1236 1415 μὲν
1263 1334 1358 1411 αὐτὸς
1384 1327 1510 1417 ἔπινον)
1539 1332 1584 1394 in-

193 1433 362 1497 dicativus.

295 1538 434 1624 Reliqua
457 1548 505 1602 est
528 1560 592 1602 una
615 1538 775 1624 particula
798 1539 840 1603 ad
863 1547 991 1624 tempus
1007 1549 1166 1624 spectans,
1191 1540 1263 1603 dico
1278 1538 1364 1625 πρίν.
1389 1563 1472 1625 quae
1496 1540 1584 1625 apud

193 1644 371 1707 Homerum
394 1665 458 1707 non
481 1643 591 1724 solum,
616 1643 642 1705 si
666 1645 867 1707 enuntiatum
889 1645 1079 1730 primarium
1102 1653 1151 1708 est
1174 1643 1425 1726 adfirmativum,
1450 1667 1523 1708 cum
1539 1645 1584 1708 in-

192 1748 314 1811 finitivo
339 1726 632 1829 coniungitun‘sed
656 1770 783 1833 semper
805 1748 873 1811 fere
897 1750 993 1812 etiam
1017 1750 1185 1833 negatione
1208 1748 1434 1833 praecedente.
1469 1750 1502 1811 in
1526 1747 1585 1811 ele·

192 1855 259 1937 geis
282 1852 472 1928 infinitivus,
505 1854 569 1935 qui,
601 1853 626 1914 si
655 1854 857 1916 enuntiatum
887 1854 1075 1937 primarium
1104 1854 1275 1935 negatione
1306 1861 1405 1934 caret,
1438 1852 1522 1916 solus
1552 1854 1585 1915 in

192 1980 254 2020 usu
284 1964 342 2037 est,
374 1956 472 2019 semel
503 1955 662 2042 (Theogn.
686 1956 765 2042 594)
796 1966 869 2042 post
897 1954 979 2043 μηδὲ
1008 1958 1179 2022 invenitur.
1222 1957 1353 2041 reliquis
1376 1967 1485 2021 autem
1507 1956 1585 2020 locis

191 2060 301 2125 finitae
325 2082 407 2146 quae
431 2060 581 2124 dicuntur
598 2060 691 2124 verbi
713 2059 835 2125 formae
852 2070 974 2125 extant.
999 2061 1056 2124 sed
1072 2083 1231 2147 nusquam
1246 2062 1441 2125 indicativus
1457 2061 1584 2144 legitur,

192 2167 247 2251 qui
277 2164 319 2229 ab
350 2166 484 2229 Homeri
516 2185 643 2249 quoque
676 2164 872 2229 carminibus
903 2165 1025 2229 alienus
1056 2175 1105 2228 est
1135 2204 1176 2211 -
1206 2168 1368 2230 invenitur
1394 2165 1448 2230 ille
1471 2164 1583 2250 hymn.

190 2268 297 2355 Apoll.
316 2267 412 2352 Pyth.
431 2268 492 2331 179
515 2266 592 2353 πρίν
613 2266 649 2351 γε’
672 2262 702 2334 oi
727 2268 775 2333 ἰὸν
797 2270 912 2357 ἐφῆκεν
929 2307 980 2350 -,
1004 2269 1104 2334 semel
1127 2272 1288 2354 optativus
1305 2279 1377 2357 post
1393 2272 1584 2355 optativum,

191 2374 335 2457 Theogn.
355 2372 416 2437 126
438 2370 515 2458 πρίν
538 2372 640 2458 (idom
657 2372 788 2456 quodsi
810 2379 852 2459 μὴ
868 2373 1036 2460 πρότερον)
1059 2368 1249 2463 πειρηθείης
1269 2378 1379 2461 ὥσπερ
1402 2372 1583 2456 ὑποζυγίου,

193 2480 415 2543 coniunctivus
454 2475 630 2541 accedente
669 2475 784 2541 vocula
821 2479 860 2542 div
890 2477 1034 2561 Theogn.
1059 2478 1123 2541 963
1155 2487 1188 2542 et
1218 2478 1287 2567 801.Ι
1303 2479 1354 2559 36,
1387 2478 1426 2541 21
1460 2477 1584 2563 (nim).

191 2584 255 2646 iam
273 2582 359 2668 quod
375 2582 429 2645 Fr.
445 2581 581 2645 Richter
597 2580 664 2666 (De
680 2582 847 2665 particulis
863 2580 939 2667 πρίν
955 2592 986 2645 et
1001 2584 1105 2668 πάρος
1121 2604 1295 2668 earumque
1311 2606 1372 2646 usu
1394 2581 1478 2646 hom.
1495 2582 1585 2666 Lips.

194 2687 294 2772 1875)
320 2687 507 2751 observavit
534 2686 621 2771 apud
653 2685 830 2750 Homerum
860 2708 921 2771 per
952 2685 1196 2751 correlationem
1227 2689 1485 2751 coniunctionem
1515 2687 1586 2749 fieri

193 2791 305 2870 solere,
329 2791 363 2854 id
386 2791 473 2876 apud
496 2800 608 2875 poetas
633 2790 793 2874 elegiacos
816 2812 857 2853 ne
880 2812 944 2855 uno
968 2790 1100 2876 quidem
1123 2791 1193 2854 loco
1217 2792 1313 2856 statui
1335 2800 1450 2875 potest.

297 2894 495 2975 Quaestione
519 2895 559 2959 de
582 2897 755 2959 enuntiatis
778 2895 1011 2980 temporalibus
1034 2895 1076 2959 ad
1099 2895 1196 2959 finem
1218 2894 1376 2979 perducta
1399 2894 1459 2958 boo
1483 2894 1585 2958 solum

192 3010 303 3077 restat,
329 3009 373 3081 ut,
398 3022 557 3085 quaenam
580 3001 757 3085 particulae
782 3022 856 3064 cum
887 3000 1167 3065 coniunctionibus
1197 2998 1428 3084 temporalibus
1457 3002 1584 3063 coniun-

193 3114 320 3189 gantur,
345 3104 612 3168 demonstremus.
659 3107 777 3189 quain
800 3127 836 3167 re
863 3114 978 3189 poetae
1003 3105 1136 3189 elegiaci
1166 3103 1209 3167 ab
1232 3105 1367 3169 Homeri
1398 3127 1517 3188 genere
1542 3104 1586 3168 di-

194 3209 289 3273 cendi
311 3210 406 3292 longe
429 3208 595 3274 recedunt.
621 3231 695 3272 nam
718 3219 847 3293 praeter
870 3209 1063 3295 particulam
1087 3210 1136 3296 δή,
1160 3231 1243 3294 quae
1266 3231 1343 3273 sane
1367 3211 1444 3272 satis
1467 3210 1586 3272 usitata

194 3324 304 3379 est-
328 3313 446 3396 legitur
468 3315 553 3377 enim
580 3310 633 3378 dra
657 3313 695 3399 δή
723 3312 786 3376 Sol.
804 3312 856 3396 27,
884 3313 903 3375 3
927 3323 959 3377 et
985 3312 1033 3395 17,
1063 3312 1208 3396 Theogn.
1228 3313 1321 3395 1189,
1350 3315 1427 3378 ὅταν
1450 3313 1487 3401 δή
1510 3311 1586 3392 497,

192 3418 318 3483 ὁππότε
341 3441 395 3483 κεν
417 3418 455 3507 δή
480 3417 578 3503 (quae
602 3426 651 3480 est
674 3415 810 3480 formula
833 3416 1011 3502 homerica)
1040 3416 1119 3482 Call.
1139 3418 1167 3501 1,
1196 3417 1225 3500 8,
1249 3418 1329 3503 ἐπὴν
1352 3418 1389 3505 δή
1418 3417 1530 3480 Mimn.
1554 3416 1586 3495 2,

193 3522 223 3604 9,
246 3518 356 3588 εὖτ’λέν
372 3524 411 3611 δή
428 3521 550 3585 Archil.
568 3521 598 3602 3,
614 3521 636 3584 2
659 3530 690 3584 et
712 3520 856 3602 Theogn.
874 3521 938 3583 394
952 3558 994 3567 -—
1010 3520 1098 3585 nulla
1113 3532 1282 3606 praeterea
1298 3529 1398 3606 exat,
1423 3522 1484 3585 nisi
1500 3520 1586 3605 quod

193 3626 336 3710 Theogn.
356 3626 448 3708 1275,
473 3627 526 3712 qui
543 3648 656 3689 versus
681 3646 701 3687 a
715 3624 906 3709 Theognide
929 3625 1167 3691 abiudicandus
1188 3635 1245 3710 est,
1269 3624 1360 3715 ἡνίκα
1374 3649 1436 3708 περ
1459 3625 1585 3709 legitur.

192 3731 285 3794 vides
310 3753 383 3793 cum
406 3729 484 3794 alias
507 3728 681 3816 particulas
704 3738 772 3793 tum
794 3727 830 3793 τέ
853 3730 981 3813 deesse3
1004 3753 1079 3795 nam
1102 3731 1246 3814 Theogn.
1265 3730 1326 3793 977
1350 3753 1415 3795 non
1438 3730 1523 3816 ίίφρα
1546 3725 1586 3808 r',

193 3834 250 3899 sed
274 3830 347 3922 ὄφρ’
365 3830 409 3899 ἔν’
432 3836 605 3919 legendum
629 3842 705 3898 etv.
725 3833 807 3896 1128
831 3834 928 3898 valde
951 3845 1138 3920 corruptum
1161 3856 1232 3898 esse
1255 3857 1353 3921 supra
1376 3833 1498 3898 dictum
1522 3842 1586 3914 σου,

193 3940 234 4003 de
258 3962 289 4003 v.
315 3940 408 4021 1015,
432 3962 495 4025 quo
517 3940 587 4003 looo
610 3937 687 4024 πρίν
708 3934 737 4003 τ’
761 3947 862 4021 extat,
885 3939 970 4003 infra
993 3940 1155 4023 agendum
1177 3940 1247 4002 erit.

297 4044 453 4108 Venimus
477 4043 518 4107 ad
535 4044 701 4107 enuntiata
717 4044 980 4108 consecutiva.
1012 4066 1077 4129 qua
1093 4044 1183 4107 dere
1200 4041 1359 4105 Tbiersch
1378 4044 1411 4106 in
1427 4051 1489 4105 aot.
1506 4041 1585 4127 phil.

192 4149 281 4212 Mon.
298 4148 348 4211 13
372 4170 403 4232 p.
420 4146 484 4210 310
514 4158 547 4212 et
569 4149 699 4213 in'diss.
725 4149 765 4213 de
790 4172 888 4213 carm.
913 4149 990 4212 Hes.
1016 4149 1048 4210 in
1071 4158 1133 4211 aot.
1158 4147 1250 4212 acad.
1274 4147 1362 4212 Mon.
1389 4145 1428 4208 18
1455 4146 1470 4208 1
1496 4166 1527 4230 p.
1546 4146 1587 4209 13

193 4252 379 4316 observavit
405 4253 438 4315 in
460 4251 625 4316 veteribus
653 4254 851 4317 carminibus
879 4254 980 4336 epicis
1003 4254 1085 4316 diors
1113 4274 1291 4337 numquam
1317 4252 1350 4315 vi
1377 4252 1587 4314 consecutiva

298 4500 317 4563 ¹)
339 4498 409 4547 citat
432 4513 537 4547 versum
557 4497 713 4547 Aristoteles
738 4496 800 4545 Eth.
819 4495 932 4545 Eudem.
952 4496 1003 4545 VII
1021 4499 1037 4545 2
1056 4496 1097 4545 his
1115 4497 1203 4546 verbis
1221 4498 1386 4563 praemissis:
1414 4494 1462 4546 did
1477 4471 1535 4563 Ιγαρ
1554 4497 1586 4545 τὸ

187 4586 323 4654 χρήσιμοι
341 4578 412 4635 εἶναι
430 4584 561 4653 φιλοῦσιν
580 4584 711 4648 ἀλλήλους
729 4584 774 4633 καὶ
791 4583 875 4651 μέχρι
893 4582 1001 4646 τούτου,
1021 4583 1109 4652 ὥσπερ
1127 4589 1144 4648 ἠ
1162 4587 1304 4653 παροιμία.
