3392 5067
1445 218 1507 309 249
1540 209 1545 216 ·

114 402 221 466 machi
243 400 351 488 usu1),
384 403 470 488 quod
493 404 526 467 in
549 403 657 467 media
680 426 759 469 voce
784 406 913 489 saepius
944 410 1145 491 correptione
1167 431 1243 472 usus
1267 420 1328 491 est3
1366 417 1506 474 attamen

115 507 236 588 Quinto
269 508 464 572 severiorem
495 530 528 571 se
558 510 719 593 praestitit
749 531 787 572 ea
809 511 942 590 ratione,
973 532 1056 595 quae
1083 513 1167 575 inter
1188 514 1360 597 positiones
1383 513 1507 578 debiles

114 621 146 677 et
168 613 387 697 correptiones
410 612 591 695 intercedit,
615 622 772 697 respecta.
808 611 902 677 aliter
924 636 1001 679 sane
1024 637 1076 679 res
1100 639 1135 680 se
1156 616 1257 682 habet
1279 619 1420 683 numeris
1435 640 1507 683 ver·

114 738 217 795 suum,
235 718 289 801 qui
306 716 502 781 carminibus
520 718 735 800 continentur,
752 718 979 801 consideratis3
1004 719 1144 801 Quintus
1168 723 1253 785 enim
1275 724 1307 785 in
1330 722 1415 787 8770
1437 746 1507 789 ver-

113 819 202 884 sibus
231 818 331 884 485ἰεῦ
354 820 496 905 syllabas
527 822 667 907 corripit,
699 831 803 908 poeta,
834 843 930 907 quem
952 833 1138 907 tractamus,
1162 826 1195 889 in
1220 824 1302 889 1376
1319 849 1371 891 vv.
1399 827 1505 893 noir.

112 945 218 1010 neque
248 945 321 989 cum
351 925 514 989 homerico
538 927 685 1010 congruit
713 948 791 991 usus
813 928 981 1011 positionis
1005 927 1130 1010 debilis,
1162 951 1244 1014 quae
1274 954 1451 1017 numquam
1473 935 1506 997 in

113 1028 240 1114 syllaba
266 1027 354 1093 finali
375 1029 566 1103 admittitur.
611 1052 787 1116 numquam
811 1031 898 1113 dico;
936 1053 1066 1096 versum
1090 1035 1175 1097 enim
1199 1033 1292 1115 1053,
1323 1038 1379 1120 qui
1401 1037 1506 1121 singu-

112 1133 188 1196 laris
212 1142 260 1197 est
283 1142 316 1227 et
337 1142 505 1218 praeterea
527 1134 597 1203 loco
620 1134 745 1199 insolito
772 1134 816 1221 (Ι)
839 1137 1031 1221 positionem
1054 1135 1195 1203 debilem
1216 1136 1325 1221 habet,
1349 1142 1506 1225 corrigen-

113 1238 190 1302 dum
214 1259 284 1301 esse
308 1259 423 1301 censeo
446 1240 500 1321 ita,
528 1248 564 1302 ut
586 1262 643 1324 pro
665 1241 722 1305 τόν
743 1244 782 1325 ῥα
812 1240 1043 1326 ιτλημμύροοσα
1067 1240 1228 1305 scribatur
1255 1245 1311 1309 τόν
1332 1248 1372 1330 ῥά
1394 1269 1429 1310 τε
1451 1247 1505 1312 ιτλ.

114 1341 162 1428 (τε
186 1350 260 1426 post
282 1346 320 1428 ῥα
336 1344 476 1428 positum
492 1343 614 1407 excidit
629 1366 660 1407 v.
678 1332 756 1429 861)
779 1353 835 1408 aut
856 1347 912 1409 τὸν
935 1340 964 1409 d'
977 1346 1047 1430 dnn.
1072 1345 1136 1409 duo
1160 1345 1273 1426 Quinti
1294 1348 1366 1430 loci,
1390 1350 1506 1434 quibus

112 1446 184 1511 talis
207 1447 376 1532 productio
398 1449 431 1511 in
452 1447 566 1512 eadem
582 1470 695 1512 versus
719 1447 795 1511 sede
818 1450 981 1512 invenitur
1004 1448 1036 1535 (Ι
1053 1449 1102 1534 10,
1126 1450 1194 1514 XII
1208 1450 1287 1537 278)
1310 1451 1507 1520 excusantur

112 1550 191 1614 locis
213 1550 383 1615 homericis
406 1558 445 1619 A
461 1552 490 1634 6,
514 1556 550 1617 Η
564 1551 678 1637 3312),
716 1554 824 1617 versui
847 1561 956 1617 autem
974 1552 1056 1617 1053
1080 1576 1195 1639 parum
1217 1555 1328 1620 similis
1351 1566 1400 1621 est
1421 1557 1453 1628 Ξ
1465 1558 1506 1623 35
1534 1571 1538 1578 ’

112 1664 157 1743 τῷ
179 1660 219 1741 ῥα
234 1663 444 1742 προκρόσσας.
476 1657 606 1719 tertium
623 1655 735 1737 Quinti
758 1655 865 1720 locum
882 1656 996 1743 (VIIII
1012 1656 1088 1743 341)
1112 1668 1200 1722 recte
1222 1659 1373 1746 Koechly
1394 1662 1506 1725 immu-

112 1768 196 1824 tasse
223 1759 301 1841 mibi
324 1759 454 1824 videtur
485 1759 657 1825 scribendo
684 1756 754 1825 ἀλλ’
777 1761 838 1845 ἄρα
867 1761 1064 1844 δμωιάδεσσι
1091 1760 1163 1847 (pro
1186 1763 1267 1828 ἀλλὰ
1294 1764 1505 1851 dp.),qua1n-

112 1884 211 1949 quam
233 1863 424 1929 adversatur
447 1864 657 1928 Ludwichius
680 1886 711 1949 p.
728 1862 801 1927 244.
840 1866 917 1929 item
939 1887 1048 1948 unum,
1072 1868 1127 1951 qui
1150 1866 1213 1930 huc
1236 1870 1385 1954 pertinet,
1408 1869 1505 1955 Apol-

110 1968 186 2032 lonii
216 1967 324 2033 locum
350 1968 381 2054 (Ι
401 1967 477 2053 795)
503 1978 690 2054 corruptum
722 1990 791 2032 esse
822 1977 915 2054 putat
942 1969 1088 2054 Heepius
1118 1992 1149 2055 p.
1170 1970 1223 2054 32,
1251 1974 1305 2059 qui
1337 1996 1395 2059 pro
1424 1976 1506 2040 ἀλλὰ

114 2070 266 2160 Θρηικίης
287 2064 437 2158 proponit
460 2068 528 2137 dlt'
543 2074 604 2158 dno
630 2075 686 2158 Θρ.
733 2073 819 2160 quod
848 2075 883 2138 in
912 2072 1013 2137 altera
1042 2076 1127 2139 tertii
1157 2075 1249 2161 pedis
1272 2078 1354 2142 thesi
1376 2082 1505 2166 saepius

112 2199 209 2263 quam
224 2176 385 2243 Homerus
409 2176 551 2264 syllabas
568 2179 721 2262 corripuit
736 2177 1029 2262 Argonauticorum
1052 2181 1198 2264 scriptor,
1221 2180 1377 2267 explicari
1399 2195 1506 2270 potest

112 2282 217 2346 studio
241 2282 382 2367 quodam
406 2304 559 2347 caesurae
582 2281 780 2364 trochaicae3
812 2282 854 2347 cf.
878 2305 992 2347 versus
1014 2308 1035 2348 a
1055 2268 1172 2349 Wielio
1195 2285 1261 2371 (ΙΙΙ
1278 2286 1332 2373 16)
1354 2288 1504 2373 prolatos,

111 2388 143 2452 in
168 2387 285 2472 quibus
309 2388 466 2472 correptio
490 2387 584 2451 facile
606 2389 701 2450 vitari
723 2387 875 2474 potuit³):
900 2386 962 2451 769
984 2389 1129 2477 Μινύῃσι
1151 2390 1275 2478 διπλῆν,
1299 2390 1361 2454 897
1385 2398 1505 2481 στεφά-

111 2514 195 2558 νοισι
216 2492 433 2577 κυκλούμενον,
464 2491 547 2557 1000
573 2492 740 2581 παλάμῃσι
762 2492 889 2577 λυγρῶν,
914 2492 1031 2577 quibus
1054 2493 1131 2558 addi
1153 2505 1289 2579 possunt
1312 2495 1372 2560 741
1399 2502 1504 2578 Τιβα-

110 2601 188 2685 ρηνά
214 2591 273 2681 (τ’)
297 2592 386 2685 ἔθνη,
414 2596 494 2659 1127
518 2598 723 2682 μιρότιεσσιν,
747 2597 851 2679 ἀχλύς,
885 2595 965 2660 1361
989 2602 1048 2684 γάρ
1073 2598 1144 2684 (ῥα)
1167 2599 1296 2686 λύθρον.
1342 2599 1430 2665 dicat
1451 2602 1504 2665 ali·

111 2702 182 2786 quis
194 2700 488 2785 Argonauticorum
505 2703 693 2787 scriptorem
709 2701 823 2765 eodem
838 2700 909 2765 loeo
925 2701 1043 2783 decies,
1060 2706 1187 2788 saepius
1203 2726 1301 2789 quam
1316 2705 1503 2788 Homerum,

110 2806 355 2892 productionem
379 2807 561 2889 admisisse3
597 2807 747 2892 equidem
771 2806 811 2871 de
835 2816 903 2871 arte
926 2817 1040 2892 poetae
1064 2808 1212 2874 dubitare
1234 2809 1318 2873 malo
1343 2832 1439 2896 quarn
1462 2811 1503 2875 de

111 2910 216 2976 studio
244 2910 385 2998 quodam
417 2932 570 2976 caesurae
601 2911 794 2976 trochaicae.
840 2914 981 2997 omnino,
1004 2913 1032 2976 si
1053 2913 1150 2995 locos,
1177 2913 1233 2978 ubi
1256 2924 1388 3001 propter
1409 2917 1503 2980 metri

110 3016 273 3101 quandam
295 3020 521 3083 necessitatem
543 3016 788 3103 producendum
813 3016 869 3101 (cf.
890 3016 1117 3105 dpps'altvotlev
1140 3018 1218 3105 273)
1247 3030 1303 3085 aut
1333 3021 1502 3104 corripien-

110 3120 188 3186 dum
210 3128 280 3185 erat
307 3120 364 3208 (ef.
388 3123 553 3209 ἀτραπούς
575 3120 641 3208 87),
670 3122 855 3204 omittimus,
883 3124 916 3186 in
943 3121 1050 3186 media
1072 3144 1152 3187 voce
1179 3126 1306 3208 saepius
1333 3125 1503 3210 corripitur

108 3226 143 3289 in
166 3225 344 3311 imparibus
361 3248 472 3290 versus
496 3226 627 3291 sedibus
643 3225 749 3311 (351e)
772 3248 869 3311 quam
891 3227 925 3290 in
948 3226 1081 3310 paribus
1098 3227 1213 3314 (llio),
1237 3230 1366 3314 saepius
1387 3228 1503 3313 produ·

109 3332 192 3394 citur
213 3331 247 3394 in
269 3331 402 3416 paribus
425 3330 533 3416 (2098)
558 3352 654 3416 quam
677 3331 711 3393 in
733 3329 911 3415 imparibus
935 3328 1052 3417 (10³⁰S).
1104 3332 1161 3395 sed
1183 3353 1249 3397 non
1270 3333 1397 3398 firmam
1418 3333 1502 3397 banc

106 3434 213 3518 legem
236 3434 335 3499 fnisse
359 3435 556 3519 intellegitur
577 3458 595 3500 e
614 3434 793 3519 vocabulis,
817 3456 953 3520 quorum
975 3434 1098 3520 duplex
1120 3437 1154 3500 in
1175 3436 1260 3501 thesi
1282 3447 1330 3502 est
1351 3460 1503 3503 mensura

108 3538 166 3625 (cf.
191 3538 348 3603 Ludwicb
371 3563 402 3625 p.
420 3540 483 3605 240
500 3561 580 3625 sqq,
604 3540 711 3603 Kunst
733 3562 765 3625 p.
783 3539 825 3603 94
841 3538 937 3625 sqq).
983 3540 1083 3605 veluti

107 3732 313 3741 ..—.—.-.

214 3870 234 3937 1)
253 3840 376 3923 Ebudem
396 3889 472 3922 usum
493 3877 520 3922 et
538 3873 571 3922 ab
589 3872 671 3923 Arato
691 3877 718 3923 ct
736 3872 769 3923 ab
788 3871 931 3938 Apollonio
950 3872 1054 3922 Rhodio
1073 3878 1207 3923 servatum
1226 3888 1284 3924 esse
1302 3878 1415 3925 testatur
1432 3875 1502 3925 Hee-

105 3959 166 4023 pius
183 3974 208 4024 p.
222 3960 263 4009 35.

210 4061 231 4128 ²)
251 4064 346 4129 Neque
364 4064 415 4113 VH
433 4066 483 4113 527
508 4080 568 4115 cum
591 4064 732 4130 Koechlyo
754 4080 802 4131 pro
827 4064 895 4114 ἀλλὰ
923 4068 1014 4132 Τρῶας
1036 4064 1206 4115 scribendum
1229 4071 1270 4115 est
1292 4062 1350 4115 ἀλλ’
1364 4066 1416 4133 ἄρα
1446 4071 1500 4135 Τρ.,

105 4164 167 4199 cum
185 4148 290 4213 syllaba
313 4150 401 4201 finalis
420 4150 532 4201 voculae
552 4152 619 4201 ἀλλά
647 4152 691 4218 (cf.
714 4152 811 4215 6500,
831 4152 859 4201 Ω
877 4153 936 4213 215,
954 4168 971 4201 ν
990 4151 1052 4216 363)
1079 4158 1143 4202 ante
1161 4152 1322 4202 vocabulum
1344 4155 1434 4220 Τρῶες
1456 4154 1500 4219 (cl.

109 4239 133 4285 Y
149 4236 190 4298 38,
210 4242 243 4287 H
257 4239 289 4286 27
307 4237 366 4299 κτλ)
385 4240 491 4303 saepius
509 4238 580 4305 apud
597 4239 745 4288 Homerum
764 4239 933 4304 producatur.

209 4340 230 4404 ³)
249 4340 380 4406 Exempla
397 4343 487 4407 igitur,
506 4342 604 4406 quibus
622 4342 795 4392 Ludwiebius
813 4360 839 4408 p.
852 4344 904 4391 244
922 4344 1104 4392 coniecturam
1122 4359 1197 4393 suam
1214 4340 1367 4411 Ἡφαίστου
1386 4342 1500 4411 (δεδμη-

103 4425 200 4491 μένος)
218 4427 259 4476 III
278 4429 326 4477 729
345 4444 392 4494 pro
410 4424 571 4496 Ἡφαίστοιο
591 4428 747 4479 confirmare
765 4429 862 4491 studet,
881 4429 1032 4497 ἀμβροσίῳ,
1050 4428 1182 4498 ἀργαλέῳ,
1205 4433 1319 4497 θανάτῳ
1337 4428 1418 4498 δεδμ.
1437 4436 1501 4497 apta

103 4528 159 4562 non
182 4519 257 4577 sunt,
286 4516 383 4580 quibus
405 4515 601 4567 demonstretur
623 4531 770 4582 numquam
794 4517 922 4577 Quintum
947 4530 1075 4566 caesurae
1103 4516 1178 4567 illius
1200 4533 1281 4567 causa
1304 4519 1499 4583 correptionem

103 4600 270 4664 praetulisse.
326 4610 331 4624 '
