3392 5067
1465 233 1525 296 139

124 435 246 518 petitur
269 433 414 515 Theogn.
439 434 573 519 937sq.)
598 434 672 499 οὐδέ
693 460 743 513 τις
773 439 868 500 αὐτόν
889 442 892 503 1
913 438 1069 517 βλάπτειν
1099 428 1165 499 οὔτ’
1189 433 1298 509 αἰδοῦς
1332 434 1403 495 οότε
1438 424 1526 517 δίκης

123 534 242 618 ἐθέλει,
266 537 409 620 Theogn.
429 538 492 602 705
514 540 706 620 βλάπτουσα
728 544 827 621 νόοιο,
852 541 915 604 223
935 544 1008 607 νόου
1031 534 1250 623 βεβλαμμένος
1269 536 1400 601 ἐσθλοῦ.
1440 534 1526 619 quod

123 663 255 726 prorsus
279 644 441 728 singulare
465 643 562 728 est31)
594 666 669 708 nam
692 668 775 707 unus
802 654 973 730 praeterea
1000 646 1091 709 Iocus
1113 641 1292 706 simillimus
1320 650 1410 703 extat
1438 640 1526 725 apud

124 746 233 825 Quint.
252 746 380 833 Smyrn.
397 748 483 812 XIII
497 748 562 811 423
584 753 690 831 θυμοῦ
703 744 799 837 σηδὲ
814 753 902 815 νόοιο
918 747 1148 833 βεβλαμμένος.
1186 746 1243 810 sed
1267 744 1406 809 conferri
1429 745 1526 807 etiam

123 860 228 935 potest
247 851 367 916 Aesoh.
385 854 447 936 Ag.
464 852 528 916 485
544 853 598 917 W.
622 852 672 931 τίς
692 848 754 919 ὧδε
774 856 910 933 παιδνὸς
928 856 949 941 ἢ
969 862 1091 943 φρενῶν
1110 849 1317 936 κεκομμένος,
1345 847 1402 912 ubi
1425 847 1527 912 verba

123 963 269 1019 extrema
297 979 360 1020 non
388 958 491 1021 solum
517 958 654 1021 eandem
679 960 760 1039 vim,
791 960 848 1022 sed
878 961 976 1023 etiam
1004 958 1141 1022 eandem
1170 966 1365 1019 structuram
1394 953 1525 1017 habent.

122 1082 142 1121 a
166 1082 228 1145 quo
252 1083 322 1142 usu,
347 1062 388 1125 de
406 1086 469 1148 quo
486 1061 600 1126 Matth.
626 1061 682 1126 Gr.
700 1085 747 1145 gr.
772 1063 871 1143 §338
896 1062 1053 1144 conferas,
1077 1061 1193 1146 reliqui
1216 1061 1389 1145 scriptores
1412 1060 1457 1121 ita
1480 1078 1527 1121 re·

123 1163 251 1247 cedunt,
275 1176 311 1237 ut
334 1166 497 1251 duplicem
520 1170 744 1231 accusativum
769 1168 819 1252 (Ψ
841 1167 904 1230 782
926 1166 945 1257 η
968 1165 1002 1251 μ)
1015 1163 1138 1252 ἔβλαψε
1162 1170 1226 1231 θεά
1248 1165 1368 1249 πόδας)
1393 1163 1446 1228 vel
1468 1185 1526 1246 pro

120 1268 222 1332 altero
253 1272 439 1335 accusatiVo
468 1271 613 1334 dativum
642 1280 764 1357 ponant
789 1272 841 1355 (H
862 1272 923 1334 271
948 1273 1057 1357 βλάψε
1081 1270 1117 1337 δέ
1139 1268 1170 1335 οὶ
1193 1268 1272 1357 φίλα
1294 1264 1442 1352 γούναθ’)
1475 1267 1527 1330 vel

121 1375 311 1455 genetivum
339 1375 380 1438 ab
409 1377 596 1440 accusativo
625 1376 821 1461 pendentem
850 1378 971 1439 faciant
1000 1375 1033 1460 (ξ
1059 1374 1118 1437 178
1146 1384 1203 1440 τοῦ
1227 1372 1262 1439 δέ
1284 1398 1333 1451 τις
1355 1375 1527 1437 ἀθανάτων

120 1478 229 1565 βλάψε
253 1478 384 1567 φρένας)
409 1481 461 1545 vel
485 1480 654 1544 adiectivis
675 1490 808 1544 utantur
833 1479 1044 1568 (βλαψίφρων
1067 1480 1185 1544 Aesch.
1208 1478 1295 1563 Sept.
1314 1477 1386 1560 712,
1412 1500 1525 1565 φρενο-

120 1582 244 1669 βλαβής
266 1584 387 1649 Herod.
413 1586 446 1648 II
473 1585 556 1671 120).

224 1688 270 1751 Ut
303 1690 368 1754 iam
400 1690 443 1752 ad
478 1689 580 1754 verba
614 1691 849 1774 transgrediar,
890 1712 972 1774 quae
1006 1699 1145 1754 motum
1183 1688 1371 1773 quendam
1410 1690 1526 1751 animi

120 1792 315 1876 significant,
347 1803 379 1855 et
406 1795 494 1878 apud
522 1795 701 1859 Homerum
731 1805 763 1860 et
788 1799 822 1858 in
851 1795 969 1878 elegeis
1001 1816 1097 1880 saepe
1127 1793 1267 1873 δίζεσθαι
1298 1803 1330 1857 et
1357 1794 1526 1858 αἰδεῖσθαι

120 1895 167 1981 (in
196 1896 314 1981 elegeis
342 1921 501 1983 nusquam
528 1899 698 1979 αίδεσθαι)
726 1899 887 1983 leguntur.
934 1909 1030 1983 atque
1057 1898 1137 1962 illud
1165 1898 1296 1983 quidem
1328 1919 1390 1961 non
1423 1898 1526 1961 solum

119 2001 161 2064 ad
184 2024 339 2086 personas
362 2006 510 2087 pertinet,
534 2004 567 2067 id
592 2004 678 2089 quod
701 2026 829 2089 semper
853 2004 940 2088 apud
960 2003 1140 2067 Homerum
1163 2003 1199 2066 fit
1223 2012 1253 2065 et
1275 2002 1363 2087 apud
1379 2002 1524 2085 Theogn.

121 2105 183 2168 748
208 2114 240 2168 et
264 2107 357 2191 1140,
391 2106 450 2170 sed
481 2110 578 2172 etiam
609 2109 651 2171 ad
681 2131 743 2190 res,
775 2109 920 2192 Theogn.
950 2108 1014 2172 280
1044 2105 1198 2193 (νέμεσιν)
1228 2117 1261 2172 et
1291 2106 1353 2169 738
1388 2106 1523 2192 (χόλον).
1590 2130 1592 2137 ’

120 2210 169 2272 his
189 2212 285 2290 igitur
304 2212 382 2274 Iocis
398 2214 444 2274 ita
464 2223 639 2297 usurpatur
663 2224 699 2275 ut
719 2214 806 2297 apud
822 2214 1001 2277 Homerum
1022 2213 1134 2294 verba,
1159 2221 1333 2299 quaesunt
1357 2213 1526 2277 αἰδεῖσθαι

122 2315 161 2402 (φ
178 2314 219 2377 28
243 2316 317 2381 οὐδὲ
340 2321 427 2381 θεῶν
449 2318 525 2382 όπιν
547 2312 705 2405 ᾐδέσατ’),
729 2319 905 2383 ἀλεόεσθαι
930 2318 948 2401 ζ
949 2324 986 2383 Π
1000 2318 1060 2379 711
1083 2327 1174 2405 μῆνιν
1196 2318 1396 2402 ἀλευάμενος,
1420 2316 1526 2382 0223

119 2421 309 2504 ἀλευάμενος
337 2423 457 2507 χόλον),
489 2421 667 2502 ἀπίζεσθαι
695 2422 727 2508 (ξ
755 2422 819 2487 283
847 2422 986 2503 ὠπίζετο
1014 2422 1129 2511 μῆνιν).
1176 2443 1258 2506 quae
1286 2421 1389 2485 verba
1419 2424 1526 2484 omnia

120 2528 154 2588 in
181 2524 300 2608 elegeis
328 2548 456 2610 quoque
486 2536 608 2611 extant,
642 2550 838 2612 quamquam
867 2550 976 2592 eorum
1004 2550 1081 2590 usus
1112 2550 1184 2591 cum
1212 2550 1272 2590 usu
1300 2527 1434 2590 Homeri
1461 2547 1525 2588 non

119 2632 204 2692 omni
229 2640 386 2715 exparte
411 2633 577 2694 consentit.
618 2655 694 2695 nam
718 2634 895 2712 αἰδεῖσθαι,
922 2633 1007 2717 quod
1031 2631 1157 2695 duobus
1179 2631 1269 2712 Ιοοίε,
1294 2630 1373 2694 Call.
1401 2631 1428 2711 1,
1450 2629 1523 2715 2εη.

124 2729 647 2822 οὐδἀίδεῖσθἀμφιπερικτίονας
665 2737 668 2820 Ι
686 2731 747 2802 ὧδε
772 2735 841 2823 λίην
864 2734 1030 2820 μεθιέντες
1060 2746 1092 2800 et
1120 2735 1264 2818 Theogn.
1293 2734 1357 2798 482
1388 2735 1526 2799 αἰδεῖται

124 2834 264 2923 δέρδων
294 2836 386 2904 οὐδέν
418 2840 451 2901 vi
481 2840 625 2924 pudendi
653 2842 846 2903 instructum
879 2841 966 2903 idem
998 2840 1157 2923 significat
1188 2849 1284 2925 atque
1313 2840 1525 2920 αἰσχύνεσθαι

124 2943 224 3027 (quod
247 2944 334 3027 apud
357 2944 536 3008 Homerum
559 2946 732 3025 rarissIme,
762 2944 851 3029 apud
874 2945 1053 3008 Hesiodum
1081 2954 1113 3008 et
1135 2954 1246 3029 poetas
1271 2943 1429 3027 elegiacos
1451 2966 1523 3006 nus-

124 3069 221 3132 quam
252 3047 394 3132 Iegitur)‚
429 3048 559 3132 reliquis
590 3049 668 3112 locis
701 3059 749 3112 est
786 3051 932 3131 ‘vereri‘‚
965 3071 1122 3133 nusquam
1157 3071 1231 3112 cum
1262 3052 1448 3112 accusativo
1478 3051 1524 3112 rei
1635 3070 1640 3079 ·

125 3154 339 3235 coniungitur.
370 3150 545 3231 ἀπίζεσθαι
573 3175 649 3216 vero
678 3162 802 3216 mutata
829 3156 862 3216 vi
886 3156 982 3219 etiam
1006 3176 1117 3217 casum
1140 3156 1290 3233 mutavit3
1320 3155 1525 3237 coniungitur

124 3258 211 3321 enim
238 3267 272 3317 ut
294 3255 404 3332 verba,
433 3259 466 3319 in
490 3257 606 3340 quibus
631 3257 765 3321 curandi
788 3261 875 3321 notio
899 3261 991 3340 inest,
1022 3281 1096 3321 eum
1119 3260 1270 3341 genetivo
1294 3258 1438 3340 Theogn.
1462 3257 1524 3321 734

124 3365 212 3426 θεῶν
241 3360 339 3447 μηδὲν
366 3359 554 3445 ἀπιζόμενος
585 3371 616 3424 et
645 3361 727 3424 1148
737 3383 784 3446 sq.
813 3360 847 3427 οἳ
877 3368 964 3427 θεῶν
992 3366 1164 3428 ἀθανάτων
1191 3362 1283 3428 οὐδὲν
1309 3362 1494 3445 ἀπιζόμενοι
1520 3366 1523 3446 t

125 3464 193 3532 αἰέν
214 3451 269 3529 ἐπ’)
284 3462 463 3550 ἀλλοτρίοις
485 3469 627 3548 κτεάνοις
649 3465 797 3546 ἐπέχουσι
823 3469 938 3554 νόημα,
975 3468 1169 3551 quibuscum
1199 3466 1277 3531 loeis
1308 3466 1451 3530 Maneth.
1477 3468 1534 3532 VI.

125 3568 241 3653 217εη.
271 3570 339 3633 αἰέν
368 3567 588 3655 ἀτασθαλίῃσι
619 3576 692 3656 γυνη
723 3570 869 3656 ἀθερίζει
896 3570 1025 3657 ἀκοίτην
1050 3574 1053 3657 t
1078 3573 1168 3637 οὐδέν
1202 3570 1376 3658 ὀπιζομένη
1410 3572 1526 3653 λεχέων

125 3676 258 3756 θεσμῶν
280 3696 314 3736 τε
337 3677 452 3757 γάμοιο
477 3674 632 3737 conferas.
671 3696 766 3758 porro
795 3698 837 3737 ex
862 3675 971 3738 verbis
999 3676 1133 3739 timendi
1164 3678 1197 3739 in
1224 3700 1285 3740 usu
1314 3686 1388 3739 sunt
1418 3677 1523 3742 δεδοι-

124 3776 213 3841 κέναι
242 3788 273 3839 et
304 3775 486 3859 δειμαίνειν,
519 3800 654 3863 quorum
688 3778 749 3842 hoc
782 3790 813 3842 et
840 3780 882 3842 ab
912 3780 1045 3843 Homeri
1079 3791 1110 3843 et
1137 3781 1179 3844 ab
1208 3780 1343 3845 Hesiodi
1378 3784 1524 3845 carmini-

125 3881 188 3945 bus
208 3882 348 3945 aIienum
364 3882 456 3966 Tyrt.
478 3882 526 3962 11,
544 3882 564 3944 3
587 3905 660 3945 curn
684 3886 870 3946 accusativo
895 3887 1105 3969 coniungitur,
1128 3885 1260 3970 reliquis
1280 3885 1359 3948 Iocis
1376 3888 1421 3948 ita
1436 3909 1524 3950 usur·

126 3995 230 4070 patur‚
257 3996 293 4047 ut
316 3988 359 4071 μή
387 3994 549 4068 sequatur.
592 4009 751 4070 nusquam
776 4010 852 4051 vero
877 3988 1056 4076 φοβεῖσθαί
1074 4013 1145 4073 τινα
1176 4000 1279 4069 extat3
1312 3990 1403 4074 Tyrt.
1432 3992 1480 4071 11,
1505 3992 1524 4055 3

127 4098 225 4170 certe,
258 4111 320 4174 quo
351 4112 414 4153 uno
444 4090 514 4153 loco
544 4090 606 4154 hoc
639 4091 775 4156 verbum
805 4095 977 4178 invenitur,
1012 4117 1075 4158 non
1107 4095 1250 4178 timendi,
1283 4095 1340 4157 sed
1371 4104 1407 4159 ut
1436 4096 1524 4179 apud

127 4192 304 4258 Homerum
336 4193 482 4277 fugiendi
512 4196 579 4258 vim
609 4195 717 4260 habet.
763 4219 869 4282 neque
897 4220 974 4262 vero
1001 4203 1086 4285 τρεῖν
1113 4197 1176 4261 hue
1200 4198 1312 4263 referri
1335 4200 1420 4275 licet,
1451 4222 1524 4264 cum

125 4307 162 4361 ut
188 4297 277 4382 apud
299 4299 477 4363 Homerum
505 4302 550 4363 ita
572 4303 605 4363 in
628 4302 746 4384 elegeis
771 4302 876 4387 (Tyrt.
897 4303 946 4384 11,
966 4304 1014 4384 14,
1039 4302 1184 4387 Theogn.
1209 4302 1287 4390 260)
1311 4314 1420 4368 nostro
1445 4308 1524 4367 ‘aus-

126 4402 257 4485 reissen'
274 4403 476 4487 respondeat.
515 4427 573 4489 pro
595 4427 657 4490 quo
672 4406 834 4469 Homerus
855 4415 982 4491 τρομεῖν
1006 4417 1036 4470 et
1058 4413 1253 4492 cooperietur
1277 4408 1363 4491 dicit,
1388 4430 1524 4492 quorum

232 4543 252 4606 ¹)
271 4544 349 4592 Hom
378 4563 395 4593 α
416 4547 464 4593 195
487 4546 584 4611 τόνγε
608 4548 669 4596 θεολ
693 4549 842 4609 βλάπτουσι
867 4547 998 4598 κελεύθου
1021 4512 1185 4613 impediendi
1209 4550 1367 4614 significatio
1391 4552 1419 4597 in
1443 4552 1523 4600 verbo

126 4628 256 4691 βλάπτειν
276 4630 373 4695 (τινός)
392 4634 469 4712 inest,
488 4641 517 4681 ut
536 4634 687 4695 aristonis,
706 4635 781 4686 velut
800 4636 894 4685 Aesch.
914 4638 962 4700 Ag.
986 4638 1033 4687 123
1051 4638 1184 4699 βλαβέντα
1203 4638 1334 4687 λοισθίων
1354 4636 1475 4704 δρόμων,
