3392 5067
221 206 263 270 32
293 206 311 281 '¹

220 399 264 459 ad
286 420 334 459 res
356 419 454 461 uocas
477 397 620 460 eoetollero
642 400 840 483 couiupioquc
863 400 927 460 eius
950 408 977 461 ot
999 400 1126 482 imperio
1141 421 1204 462 rem
1222 399 1382 484 publicam
1404 421 1516 463 rursm
1531 401 1617 463 iacu-
1672 383 1673 388 ἵ

221 501 292 564 dere
315 503 541 586 composuerit,
563 524 629 565 non
652 501 820 585 adsequor.
844 525 923 567 num
946 511 1055 567 autem
1079 501 1235 567 Octaviae
1259 505 1405 589 scriptor,
1429 526 1504 568 oum
1526 525 1619 589 prae-

219 604 341 669 fectum
367 606 544 683 induceret,
569 610 625 691 qui
647 629 678 670 v.
701 606 764 669 439
795 607 880 669 iussu
907 608 992 669 baud
1018 606 1171 684 morabor,
1199 618 1303 671 castro
1330 607 1488 692 confestim
1510 618 1618 693 petum

218 713 414 795 pronuntiat,
445 709 639 794 Tigellinum
663 711 847 793 significare
870 710 1017 791 voluerit,
1041 710 1174 776 difficile
1198 721 1247 775 est
1270 712 1370 777 dictu.
1412 714 1439 777 si
1462 734 1512 795 ea,
1534 734 1618 797 quae

219 814 298 879 Tac.
323 814 409 878 Ann.
433 813 535 913 Xipss
555 814 596 878 57
609 815 630 898 Ι)
659 814 700 879 de
723 814 884 899 Tigellino
910 814 1023 900 tradit,
1051 817 1252 901 respicimus,
1282 817 1350 880 veri
1374 838 1439 880 non
1463 816 1618 881 dissimile

219 918 349 982 videtur
379 918 542 983 hominem
572 920 669 982 istum
699 939 838 1002 nequam
870 919 932 983 hoc
955 917 1114 983 Octaviae
1143 919 1214 983 loco
1245 919 1430 1005 significari.
1473 929 1618 985 ceterum

218 1022 419 1109 praefectum
434 1022 524 1086 illum
539 1044 672 1108 prorsus
684 1023 783 1087 alium
796 1044 867 1087 esse
882 1025 1029 1087 invenies
1041 1032 1137 1108 atque
1150 1024 1238 1109 apud
1251 1024 1400 1089 Tacitum
1409 1024 1615 1109 Tigellinum.

217 1150 271 1190 vv.
293 1126 356 1191 846
369 1148 437 1212 sqq.
462 1129 547 1191 enim
569 1128 597 1190 is
620 1128 746 1191 mitiora
769 1126 864 1191 docet
886 1136 919 1190 et
941 1128 1146 1193 elementiam
1169 1128 1290 1193 Neroni
1314 1127 1530 1193 commendat.
1562 1151 1617 1191 ve-

217 1253 289 1295 rum
304 1242 414 1295 tamen
430 1231 596 1312 Vaterum‚
620 1232 675 1315 qui
698 1241 819 1295 temere
835 1231 912 1295 inde
929 1230 1085 1295 conclusit
1092 1232 1118 1316 ²)
1142 1231 1301 1297 Octaviae
1318 1236 1509 1318 scriptorem
1526 1232 1615 1297 Sofo-

217 1337 307 1400 nium
322 1334 519 1419 Tigellinum
542 1335 706 1418 cognitum
730 1334 852 1399 habere
872 1357 937 1400 non
960 1337 1113 1421 potuisse,
1137 1359 1189 1401 res
1205 1337 1358 1401 fefellisse
1374 1336 1513 1401 videtur.
1537 1359 1614 1401 nam

216 1442 357 1524 primum
373 1442 406 1504 in
429 1439 595 1523 tragoedia
611 1438 788 1523 Tigellinus
811 1442 881 1525 ipse
902 1462 964 1503 nec
980 1444 1163 1506 nominatur
1185 1463 1246 1505 nec
1263 1442 1382 1506 diserte
1399 1442 1615 1525 significatum

217 1544 294 1629 quid
318 1544 404 1629 quod
424 1566 465 1608 ne
488 1543 522 1607 id
539 1542 670 1628 quidem
692 1548 750 1628 pro
771 1554 860 1608 certo
882 1553 988 1629 potest
1008 1544 1174 1609 adfirmari
1196 1568 1269 1610 eum
1285 1548 1412 1610 omnino
1429 1545 1613 1629 significari.

217 1648 334 1712 deinde
365 1651 433 1712 eius
461 1650 516 1733 qui
540 1646 711 1712 Octaviam
742 1650 922 1734 composuit
949 1648 1124 1733 plurimum
1151 1650 1333 1714 interfuisse
1363 1650 1493 1715 videtur
1515 1649 1615 1713 Nero-

215 1775 291 1816 nem
318 1762 483 1837 tamquam
509 1774 610 1817 unum
632 1754 775 1816 omnium
801 1752 997 1836 flagitiorum
1024 1763 1190 1818 auctorem
1212 1754 1313 1818 oeulis
1339 1776 1529 1840 proponere.
1564 1753 1615 1816 his

216 1857 293 1921 addi
320 1867 434 1943 potest,
466 1857 553 1942 quod
579 1858 644 1920 iam
677 1856 817 1943 Ritter3)
845 1856 1023 1938 adnotavit,
1059 1869 1187 1942 poetam
1215 1858 1350 1923 fortasse
1381 1880 1421 1923 ea
1451 1858 1492 1922 de
1516 1880 1614 1923 causa

215 1962 416 2047 praefectum
442 1961 532 2026 illum
558 1964 718 2026 mitiorem
745 1961 910 2046 aliquanto
942 1972 975 2025 et
1002 1964 1189 2047 aequiorem
1217 1962 1359 2047 finxisse,
1388 1971 1423 2027 ut
1450 1964 1613 2027 Neronem

215 2066 395 2151 perfeetum
412 2074 588 2151 tyrannum
604 2074 636 2128 et
652 2067 738 2129 omni
753 2064 895 2129 humano
908 2087 1004 2129 sensu
1021 2066 1211 2129 destitutum
1226 2065 1420 2130 luculentius
1436 2066 1614 2152 depingere

215 2179 331 2255 posset.
370 2172 495 2233 narnis
519 2171 575 2254 qui
598 2168 770 2234 Octaviam
794 2171 985 2254 conseripsit
1006 2171 1038 2233 in
1062 2169 1262 2254 singularum
1285 2192 1497 2255 personarum
1521 2171 1613 2235 mori-

215 2274 275 2338 bus
304 2274 527 2338 describendis
554 2296 618 2337 non
646 2273 722 2337 fidei
749 2273 938 2355 historicae,
967 2272 1024 2337 sed
1052 2276 1130 2338 artis
1157 2273 1335 2338 rhetoricae
1363 2282 1613 2359 praeceptorum

214 2378 436 2442 tantummodo
458 2379 618 2442 rationem
633 2377 757 2441 habuit.
788 2399 894 2462 neque
911 2380 1042 2463 quaein
1060 2377 1198 2442 Octavia
1221 2380 1253 2442 in
1277 2400 1428 2442 scaenam
1451 2377 1613 2464 prodeunt

213 2506 370 2569 personae
394 2483 488 2547 aliter
511 2504 544 2546 se
568 2493 684 2567 gerunt
707 2504 805 2567 quarn
827 2482 911 2559 illae,
936 2504 1019 2567 quae
1042 2484 1075 2545 in
1092 2482 1236 2547 Senecae
1259 2482 1379 2547 fabulis
1401 2482 1611 2546 inducuntur.

214 2588 343 2673 quade
367 2610 465 2653 causa
488 2586 638 2671 equidem
662 2586 785 2669 dubito,
813 2608 892 2649 num
914 2588 1062 2672 scriptor,
1088 2608 1161 2651 cum
1189 2588 1306 2651 iterum
1333 2586 1409 2651 inde
1432 2585 1475 2651 ab
1498 2608 1530 2649 v.
1548 2585 1612 2648 846

214 2692 415 2777 praefectum
452 2690 685 2774 introduceret,
723 2692 883 2755 Faenium
912 2692 1033 2755 Rufum
1068 2692 1204 2756 alterum
1235 2691 1372 2755 Neronis
1409 2689 1612 2775 praefectum

179 2854 181 2856 ,
213 2794 433 2882 respexerint)
456 2795 490 2857 id
513 2794 601 2879 quod
622 2794 767 2880 Braun⁵)
791 2796 974 2880 suspicatus
997 2805 1055 2859 est.

317 2900 389 2965 Oct.
406 2923 437 2963 v.
451 2898 525 2962 449:
549 2898 788 2979 stationarium,
811 2900 876 2985 ipse
891 2922 960 2962 cum
975 2899 1099 2984 focium
1117 2900 1188 2963 deos
1203 2898 1388 2984 explicatur
1405 2898 1537 2985 quidem
1553 2901 1612 2979 eis,

212 3028 295 3090 quae
319 3004 406 3090 apud
428 3005 506 3069 Tac.
530 3005 616 3067 Ann.
641 3002 709 3066 ΧΠ
732 3002 787 3066 69:
819 3004 1017 3087 coelestesque
1040 3006 1166 3068 bonores
1192 3002 1325 3067 Claudio
1349 3005 1556 3067 decernuntur
1579 3015 1612 3067 et
1672 3079 1673 3086 ἵ

212 3110 299 3195 apud
331 3109 418 3173 Suet.
443 3108 555 3173 Claud.
580 3108 622 3171 45
653 3116 684 3170 et
714 3107 790 3170 Ner.
816 3106 835 3169 9
865 3107 1026 3191 leguntur,
1056 3107 1112 3173 ubi
1143 3108 1184 3171 de
1212 3107 1340 3173 Claudii
1368 3110 1611 3172 consecratione

212 3213 314 3278 verba
336 3213 427 3277 fiunt.
459 3213 516 3277 sed
539 3212 627 3276 aliud
651 3212 730 3297 quid
753 3211 793 3275 de
817 3210 867 3276 his
889 3213 967 3276 locis
990 3216 1087 3276 statui
1109 3216 1230 3297 nequit.
1263 3212 1382 3277 deinde
1405 3212 1516 3276 Braun
1536 3234 1611 3275 oum

213 3316 285 3381 Oet.
310 3340 363 3381 vv.
388 3316 452 3380 464
472 3337 553 3402 sqq,
581 3316 699 3401 quibus
726 3316 813 3381 Nero
842 3338 975 3380 cansam
1001 3316 1118 3399 reddit,
1155 3339 1214 3381 cur
1241 3316 1363 3382 Sullam
1398 3327 1430 3379 et
1456 3318 1610 3381 Plautum

212 3422 359 3487 emedio
390 3421 457 3486 tolli
487 3423 631 3485 iusserit:
662 3420 760 3483 exilia
789 3443 851 3483 aoa
873 3420 1000 3505 fregero
1030 3432 1192 3484 summotos
1218 3421 1331 3507 procul
1355 3424 1360 3503 Ι
1384 3419 1532 3484 Plautum
1562 3431 1634 3482 utu

211 3549 268 3611 que
299 3526 430 3604 Sullam,
462 3526 611 3611 pertinum
641 3547 771 3610 quorum
792 3524 1043 3610 formidarunt
1074 3524 1233 3589 uiinistros
1261 3524 1385 3588 sceleris
1417 3526 1451 3587 ia
1486 3525 1608 3587 medem

211 3654 308 3695 meum
328 3633 332 3714 Ι
352 3630 518 3694 absentium
541 3652 609 3693 cum
632 3640 757 3692 moueat
779 3628 873 3692 etium
895 3629 1001 3714 inpetis
1015 3628 1118 3714 fauor
1138 3627 1142 3715 l
1163 3630 1196 3692 ia
1219 3628 1294 3692 urbe
1308 3639 1427 3706 nostru,
1451 3628 1505 3712 qui
1517 3627 1611 3713 fouet
1672 3607 1673 3684 f

316 3896 334 3961 ¹)
353 3895 442 3945 Verba
459 3899 522 3945 sunt
539 3893 619 3943 haec:
638 3892 814 3957 ‘validiorque
831 3894 861 3941 in
879 3892 936 3941 dies
954 3891 1106 3957 Tigellinus
1124 3931 1128 3939 .
1149 3930 1153 3940 .
1174 3931 1178 3940 .
1198 3930 1203 3939 .
1224 3896 1413 3957 compertoque
1431 3889 1559 3940 Plautum
1580 3896 1608 3941 et

211 3984 314 4034 Sullam
326 3984 442 4031 maxime
455 3981 550 4043 timeri,
569 3980 697 4029 Plautum
715 3980 744 4028 in
757 3980 855 4041 Asiam,
874 3977 976 4027 Sullam
995 3979 1023 4026 in
1043 3977 1159 4027 Galliam
1173 3978 1373 4028 Narbonensem
1392 3992 1478 4042 nuper
1495 3982 1608 4039 amotos,

211 4071 378 4122 nobilitatem
392 4084 483 4119 eorum
500 4072 528 4116 et
538 4068 702 4131 propInquos
717 4106 721 4115 .
736 4105 741 4116 .
756 4104 761 4115 .
775 4066 909 4115 exercitus
922 4071 1130 4114 commemorat.
1146 4103 1151 4113 .
1167 4103 1172 4113 .
1186 4065 1249 4129 (nac
1259 4064 1331 4113 ultra
1343 4079 1424 4114 mora.
1443 4064 1519 4115 Sulla
1531 4069 1608 4113 sexto

211 4158 255 4208 die
269 4194 274 4206 .
289 4196 294 4206 .
309 4195 313 4207 .
328 4154 516 4219 interficitur).’

314 4244 335 4309 ²)
355 4242 395 4293 cf.
414 4259 439 4307 p.
459 4243 517 4291 610.

314 4330 335 4396 ³)
354 4329 394 4379 cf.
413 4328 473 4378 adn.
493 4327 534 4377 ad.
553 4343 578 4377 v.
598 4328 656 4375 844.

313 4418 336 4482 ⁴)
354 4417 396 4467 De
414 4416 510 4466 Faenii
521 4414 583 4465 Rufi
601 4416 678 4479 segni
696 4415 852 4464 innocentia
870 4412 903 4462 cf.
913 4414 1002 4461 Taciti
1019 4412 1102 4461 verba
1120 4412 1189 4461 Ann.
1208 4412 1288 4461 XIIII
1301 4415 1344 4476 51,
1372 4413 1533 4477 quibuscum
1551 4430 1608 4464 non

212 4510 364 4570 congruunt
382 4518 415 4553 ea
433 4518 502 4568 quae
520 4502 591 4553 Nero
611 4502 670 4553 Oct.
686 4502 737 4550 844
746 4517 785 4566 sq.
804 4500 838 4549 de
855 4498 991 4564 praefecto
1009 4515 1058 4549 suo
1076 4500 1238 4565 pronuntIat.

313 4590 335 4656 ⁶)
354 4590 393 4641 of.
412 4607 437 4657 p,
455 4592 498 4642 42.
