3392 5067
1468 234 1532 298 185

137 428 318 511 pronomini
342 427 430 506 ὅστις
452 426 615 491 adiectum
638 435 696 490 est.
736 426 863 491 duobus
886 428 983 509 igitur
1006 425 1084 489 locis
1106 427 1253 511 exceptis
1276 438 1350 490 ante
1373 427 1532 512 Theogni-

136 531 212 594 dem
236 553 364 618 semper
387 532 471 595 solus
496 532 720 595 coniunctivus
741 531 892 612 traditur.¹
1213 603 1216 607 A
1329 517 1331 522 ⁵

238 635 395 699 Venimus
419 635 460 698 ad
484 638 673 719 optativum.
714 635 813 699 semel
837 636 999 719 optativus
1024 656 1097 697 cum
1117 633 1232 698 vocula
1255 636 1294 699 δίν
1317 635 1531 719 coniungitur,

137 739 281 823 Theogn.
307 738 345 801 81
373 735 527 826 (παύρους
549 742 689 826 εὑρήσεις
712 740 796 825 ...),
819 738 822 824 )
843 738 958 816 οἵτινες
980 739 1018 803 δν
1040 738 1192 825 τολμῷεν.
1238 763 1257 803 a
1280 762 1343 824 quo
1366 762 1473 821 versu,
1496 750 1533 803 ut

133 845 239 909 locum
270 855 456 929 corruptum
484 844 629 927 Theogn.
658 843 722 908 800
753 844 877 907 silentio
908 852 1086 924 transeam,
1118 866 1182 907 non
1212 844 1348 907 multum
1379 845 1532 908 differunt

134 948 279 1032 Theogn.
308 947 349 1011 93
383 949 479 1013 ὅσσον
512 948 612 1034 ὁρῴης
645 960 677 1011 et
711 947 772 1011 381
796 970 842 1031 sq.
881 943 955 1012 οὐδέ
987 970 1019 1011 τι
1051 946 1233 1031 κεκριμένον
1265 950 1347 1035 πρὸς
1380 945 1532 1033 δαίμονός

132 1055 201 1119 ε’στι
231 1056 405 1138 βροτοῖσιν,
434 1051 437 1137 )
465 1048 532 1119 οὐδ)
556 1052 630 1117 ὁδὸν
656 1055 693 1140 ἥν
719 1076 768 1129 τις
792 1052 847 1117 ἰὼν
874 1054 1088 1116 ἀθανάτοισιν
1116 1052 1199 1131 δίδοι,
1232 1051 1288 1115 ubi
1312 1052 1396 1115 solus
1420 1056 1530 1138 optati

133 1181 192 1223 vus
215 1158 341 1241 legitur,
372 1177 468 1240 quem
498 1158 596 1219 etiam
622 1158 655 1220 in
680 1157 853 1219 enuntiatis
884 1156 1044 1241 primariis
1066 1156 1205 1218 inveniri
1239 1179 1271 1241 p.
1296 1155 1356 1218 178
1380 1156 1529 1221 vidimus.

133 1261 262 1346 reliquis
293 1284 369 1325 vero
396 1260 484 1343 locis,
516 1260 633 1346 quibus
661 1262 823 1344 optativus
850 1258 1010 1346 particula
1044 1260 1082 1324 δίν
1119 1282 1184 1323 non
1216 1260 1344 1323 adiecta
1367 1269 1466 1343 extat,
1498 1260 1530 1324 id

134 1367 220 1451 quod
244 1366 342 1429 semel
366 1373 437 1449 post
459 1366 548 1443 ὁστις
570 1364 730 1448 (Theogn.
749 1363 836 1450 733),
865 1365 994 1449 saepius
1022 1372 1094 1448 post
1121 1364 1155 1442 ὅς
1182 1364 1304 1428 factum
1328 1379 1385 1446 est,
1409 1365 1530 1447 antid,

135 1471 220 1556 quod
248 1470 318 1553 quis
346 1479 445 1554 optat,
476 1468 686 1551 significatur,
710 1468 856 1552 Theogn.
881 1468 944 1532 349
965 1490 1013 1555 sq.
1041 1478 1104 1533 τῶν
1130 1467 1179 1554 εἴη
1207 1468 1305 1554 μέλαν
1332 1459 1412 1553 αἷμα
1433 1477 1529 1544 πιεῖν,

133 1573 191 1639 ἐπί
209 1570 238 1638 τ’
261 1574 380 1652 ἐσθλὸς
401 1573 509 1660 δ’ρσιτο
537 1573 541 1658 l
571 1570 703 1655 δαίμων,
731 1571 768 1651 ὃς
788 1567 859 1638 κατ)
875 1573 951 1654 ἐμδν
973 1581 1046 1637 νοῦν
1068 1571 1204 1638 τελέσειε
1232 1573 1310 1639 τάδε
1337 1583 1369 1636 et
1400 1574 1462 1636 819
1482 1597 1529 1659 sq.

133 1680 166 1757 ἐς
191 1679 391 1764 πολυάρρτσν
418 1680 514 1741 κακὸν
539 1680 665 1764 ἥκομεν,
696 1672 779 1742 ἔνθα
805 1678 956 1761 μάλιστα,
982 1677 985 1761 )
1013 1678 1126 1759 Κύρνε,
1154 1676 1409 1765 συναμφοτέρους
1435 1686 1531 1763 μοῖρα

132 1785 229 1865 λάβοι
259 1785 412 1864 θανάτου,
447 1790 502 1845 aut
540 1781 699 1844 adtractio
734 1802 818 1867 quae
853 1781 972 1844 dicitur
1010 1780 1182 1845 statuenda
1217 1790 1274 1845 est.
1333 1784 1423 1845 cuius
1453 1804 1530 1845 usus

134 1888 320 1972 exemplum
350 1886 639 1951 luculentissimum
667 1886 810 1970 Theogn.
835 1885 877 1950 83
893 1908 963 1971 sqq.
992 1896 1096 1950 extat:
1138 1891 1268 1965 τούτους
1300 1884 1329 1952 δ
1357 1889 1397 1953 ου’
1424 1883 1453 1970 χ’
1477 1888 1530 1971 (A

135 1994 206 2073 οὐχ)
230 1996 332 2077 εὸροις
359 1990 524 2080 διζήμενος
547 1986 615 2056 οὐδ’
630 1989 687 2055 ἐπὶ
709 1995 833 2069 πάντας
857 1991 861 2075 )
889 1994 1095 2077 ἀνθρώπους,
1124 1991 1179 2069 οὓς
1203 1998 1278 2069 ναῦς
1304 1996 1345 2078 με)
1368 1990 1425 2076 μία
1448 1996 1531 2057 πάν-

132 2121 190 2175 τας
212 2096 292 2181 dyst,
314 2097 318 2182 )
338 2086 422 2161 οἷσιν
444 2093 502 2159 ἐπὶ
520 2095 645 2185 γλώσσῃ
667 2118 702 2159 τε
729 2093 784 2159 καὶ
806 2095 1030 2181 ὀφθαλμοῖσιν
1051 2090 1181 2159 ἔντεσσιν
1201 2094 1205 2179 l
1226 2096 1335 2174 αἰδώς.
1359 2095 1420 2158 hoc
1444 2098 1531 2159 enim

132 2200 202 2264 loco
231 2202 320 2285 prius
343 2200 544 2264 enuntiatum
566 2198 739 2262 relativum
762 2220 836 2262 cum
859 2200 1022 2282 primarie,
1051 2199 1138 2284 quod
1165 2199 1218 2263 illo
1247 2202 1431 2265 accuratius
1454 2200 1531 2264 defi-

134 2307 230 2385 nitur,
264 2314 329 2369 tam
364 2314 432 2367 arte
467 2304 631 2384 cohaeret,
666 2311 701 2366 ut
736 2304 833 2367 etiam
868 2312 1048 2367 structurae
1080 2305 1148 2366 eius
1180 2306 1335 2368 enuntiati
1368 2306 1530 2390 particeps

135 2408 199 2473 fiat.
223 2410 257 2471 in
272 2431 371 2472 unum
393 2410 491 2491 igitur
513 2416 680 2492 tamquam
705 2406 890 2470 coalescunt
913 2416 945 2469 et
967 2407 1103 2471 alterum
1127 2408 1328 2470 enuntiatum
1348 2408 1528 2490 relativum,

133 2514 166 2577 in
190 2535 262 2598 quc,
279 2513 365 2597 quod
382 2535 440 2597 per
457 2534 490 2576 se
507 2512 604 2594 valet,
627 2513 824 2576 indicativus
847 2511 967 2595 legitur
988 2534 1094 2597 neque
1118 2512 1276 2575 adtractio
1300 2512 1447 2577 adhibita
1471 2522 1528 2589 est,

135 2617 176 2683 ab
193 2617 242 2681 his
258 2620 432 2681 enuntiatis
453 2617 631 2681 coniunctis
654 2617 784 2701 pendet.
817 2617 860 2681 ad
883 2615 970 2679 hunc
986 2626 1093 2680 autem
1110 2615 1216 2680 locum
1239 2617 1388 2701 Xenoph.
1406 2617 1436 2699 2,
1454 2616 1528 2702 8sq.

134 2720 188 2786 καί
210 2746 263 2785 κεν
285 2716 408 2807 σῖτέίη
432 2719 594 2807 δημοσίων
615 2724 754 2786 κτεάνων
774 2724 777 2802 )
797 2722 832 2785 ἐκ
855 2722 980 2799 πόλεως
1000 2719 1055 2786 καί
1078 2722 1189 2806 δῶρον,
1213 2715 1279 2786 dot
1299 2722 1460 2809 κειμήλιον
1481 2720 1530 2808 είη

136 2847 234 2912 prope
258 2826 394 2890 accedit.

238 2930 425 3015 Antequam
454 2929 496 2993 ad
524 2928 587 2993 alia
615 2928 820 3011 accedamus,
845 2930 958 3013 paucis
982 2928 1022 2992 de
1050 2929 1225 3013 particulis,
1250 2950 1333 3013 quae
1360 2952 1434 2994 cum
1460 2950 1531 3014 pro-

25 3090 27 3093 .
135 3034 318 3101 nominibus
356 3044 388 3097 et
424 3033 589 3097 adverbiis
626 3033 769 3097 relativis
809 3034 1062 3117 coniunguntur,
1098 3033 1139 3097 de
1178 3033 1386 3097 collocatione
1420 3056 1531 3098 eorum

135 3140 382 3221 enuntiatorum,
407 3138 448 3202 de
476 3140 514 3201 iis
541 3138 630 3222 locis,
658 3137 715 3201 ubi
742 3137 837 3222 plura
865 3139 1032 3201 enuntiata
1054 3137 1191 3201 relativa
1218 3148 1340 3217 extant,
1365 3140 1432 3202 sive
1456 3138 1531 3201 alte-

135 3266 206 3307 rum
236 3242 278 3306 ab
309 3243 409 3306 altero
445 3242 566 3327 pendet
601 3243 669 3304 sive
705 3243 907 3305 enuntiatum
938 3250 986 3304 est
1019 3242 1207 3328 bipertitum
1237 3242 1291 3305 vel
1325 3244 1530 3326 tripertitum,

134 3357 249 3431 agatur
271 3367 404 3410 necesse
427 3356 484 3409 est.
528 3356 563 3410 ut
585 3348 683 3429 igitur
705 3370 724 3411 a
748 3344 914 3430 particulis
937 3346 1098 3423 exordiar,
1122 3347 1255 3431 reliquis
1279 3347 1423 3410 crebrius
1447 3345 1531 3409 duae

133 3454 352 3533 inveniuntur,
377 3452 416 3541 δή
441 3450 490 3537 (ὃς
513 3452 551 3537 δή
575 3450 639 3515 Sol.
667 3451 715 3531 16,
740 3450 769 3534 2,
794 3450 940 3533 Theogn.
967 3450 1037 3527 175,
1062 3450 1135 3533 389,
1159 3451 1232 3534 909,
1259 3450 1351 3521 1125,
1382 3449 1470 3529 ὅστις
1493 3452 1530 3538 δή

136 3556 196 3619 707
228 3565 261 3619 et
289 3556 381 3637 1173,
412 3555 465 3619 ἵνα
497 3556 535 3643 δή
567 3554 678 3618 Mimn.
713 3554 762 3634 12,
787 3553 821 3639 9)
860 3563 901 3623 et,
921 3552 983 3639 πέρ
1016 3555 1131 3639 (ὅσπερ
1161 3556 1305 3639 Theogn.
1337 3554 1411 3638 542,
1437 3554 1530 3635 1312,

136 3662 173 3724 τά
196 3684 256 3745 περ
279 3658 477 3742 Xenoph.2,
497 3658 547 3740 17,
571 3648 707 3743 οἷάπερ
731 3657 877 3740 Theogn.
894 3657 967 3739 667,
991 3658 1025 3736 ὁς
1047 3656 1164 3744 τάπερ
1188 3658 1262 3740 395,
1286 3680 1348 3743 quo
1371 3681 1434 3722 uno
1461 3658 1531 3724 loco

136 3766 315 3848 pronomini
338 3761 412 3829 ὁστε
435 3762 537 3825 altera
559 3762 718 3848 particula
741 3760 951 3847 adnectitur).
980 3761 1066 3826 adde
1089 3761 1124 3841 ὃς
1146 3763 1206 3850 ἄρα
1229 3762 1374 3846 Theogn.
1390 3762 1454 3826 599
1478 3761 1531 3847 (ῥά

135 3890 293 3954 nusquam
318 3866 449 3953 legitur)
485 3875 517 3930 et
550 3866 657 3932 ὁτιοῦν
689 3867 768 3931 ibid.
799 3867 842 3929 64
858 3887 904 3951 ορ,
939 3876 1042 3953 χρῆμα
1072 3867 1107 3933 δὲ
1137 3865 1292 3956 συμμίξῃς
1318 3864 1429 3954 μηδενὶ
1456 3862 1531 3953 μηδ’

135 3972 264 4055 ὁτιοῦν)
284 3973 471 4051 σπουδαῖον,
496 3992 558 4055 quo
581 3971 661 4052 loco,
685 3971 771 4056 quod
794 3981 907 4056 postea
930 3992 1036 4055 saepe,
1060 3991 1219 4055 nusquam
1242 3972 1329 4057 apud
1353 3972 1531 4036 Homerum

137 4076 275 4161 (Krueg.
293 4076 346 4138 Di.
370 4076 422 4159 51,
447 4075 499 4160 13)
523 4075 645 4139 factum
669 4084 726 4152 est,
751 4074 859 4141 ὁτιοῦν
880 4096 984 4160 paene
1007 4077 1039 4138 in
1063 4076 1129 4138 vim
1152 4075 1242 4139 latini
1266 4075 1452 4161 ‘quodlibet'
1476 4074 1531 4138 ab·

136 4181 181 4261 iit,
206 4182 326 4243 utiam
350 4180 438 4264 apud
462 4178 659 4244 Simonidem
684 4182 814 4263 Amorg.
838 4179 868 4264 7,
892 4179 934 4241 49
956 4179 1084 4264 ἑταῖρον
1106 4179 1237 4245 ὁντινῶν
1258 4179 1400 4257 ἐδέξατο.

239 4284 291 4347 De
322 4283 530 4347 collocatione
560 4286 797 4349 enuntiatorum
826 4284 912 4347 addo
942 4285 1107 4347 enuntiata
1135 4284 1271 4349 relativa
1300 4288 1450 4370 postponi
1478 4305 1531 4346 so-

135 4392 212 4455 lere.
260 4388 317 4452 sed
343 4388 490 4473 exceptis
520 4388 559 4451 iis
583 4389 766 4473 enuntiatis,
797 4410 881 4473 quae
911 4411 930 4450 a
953 4387 1070 4451 vocula
1092 4388 1167 4453 ὁστε
1189 4390 1347 4474 incipiunt
1372 4427 1415 4436 —
1449 4388 1531 4452 haec

138 4516 267 4579 semper
304 4493 452 4578 postponi
497 4491 537 4555 G.
573 4488 681 4556 Christ
728 4492 811 4578 (Der
853 4491 1031 4556 Gebrauch
1072 4492 1130 4555 der
1165 4492 1285 4575 griech.
1317 4491 1463 4556 Partikel
1496 4492 1532 4558 τέ

137 4600 195 4662 mit
221 4596 419 4661 besonderer
450 4595 680 4680 Benugnahme
706 4597 766 4661 auf
798 4596 938 4677 Homer,
977 4597 1009 4658 in
1040 4598 1121 4661 actis
1151 4597 1243 4660 acad.
1282 4597 1410 4662 Monac.
1437 4597 1530 4682 1880,
