<?xml version="1.0" encoding="UTF-8"?>
<!DOCTYPE html PUBLIC "-//W3C//DTD XHTML 1.0 Transitional//EN"
    "http://www.w3.org/TR/xhtml1/DTD/xhtml1-transitional.dtd">
<html xmlns="http://www.w3.org/1999/xhtml" xml:lang="en" lang="en">
 <head>
  <title>
</title>
<meta http-equiv="Content-Type" content="text/html;charset=utf-8" />
  <meta name='ocr-system' content='tesseract 3.04.00' />
  <meta name='ocr-capabilities' content='ocr_page ocr_carea ocr_par ocr_line ocrx_word'/>
</head>
<body>
  <div class='ocr_page' id='page_1' title='image "./dissertationesp04wiengoog_0107.png"; bbox 0 0 3392 5067; ppageno 0'>
   <div class='ocr_carea' id='block_1_1' title="bbox 672 930 1086 1029">
    <p class='ocr_par' dir='ltr' id='par_1_1' title="bbox 672 930 1086 1029">
     <span class='ocr_line' id='line_1_1' title="bbox 672 930 1086 1029; baseline 0.01 -4"><span class='ocrx_word' id='word_1_1' title='bbox 672 930 1086 1029; x_wconf 86' lang='lat' dir='ltr'>ADPENDIX.</span> 
     </span>
    </p>
   </div>
   <div class='ocr_carea' id='block_1_2' title="bbox 801 1158 955 1166">
    <p class='ocr_par' dir='ltr' id='par_1_2' title="bbox 801 1158 955 1166">
     <span class='ocr_line' id='line_1_2' title="bbox 801 1158 955 1166; baseline 0.006 -2"><span class='ocrx_word' id='word_1_2' title='bbox 801 1158 955 1166; x_wconf 78' lang='lat'><strong>-—--——-</strong></span> 
     </span>
    </p>
   </div>
   <div class='ocr_carea' id='block_1_3' title="bbox 162 1345 1582 3939">
    <p class='ocr_par' dir='ltr' id='par_1_3' title="bbox 180 1345 1582 1519">
     <span class='ocr_line' id='line_1_3' title="bbox 284 1345 1582 1435; baseline 0.003 -26"><span class='ocrx_word' id='word_1_3' title='bbox 284 1346 456 1431; x_wconf 86' lang='lat' dir='ltr'>Reliquum</span> <span class='ocrx_word' id='word_1_4' title='bbox 478 1354 537 1427; x_wconf 82' lang='lat' dir='ltr'>est,</span> <span class='ocrx_word' id='word_1_5' title='bbox 564 1355 600 1410; x_wconf 92' lang='lat' dir='ltr'>ut</span> <span class='ocrx_word' id='word_1_6' title='bbox 627 1345 668 1409; x_wconf 91' lang='lat' dir='ltr'>de</span> <span class='ocrx_word' id='word_1_7' title='bbox 693 1346 856 1410; x_wconf 82' lang='lat' dir='ltr'>nonnullis</span> <span class='ocrx_word' id='word_1_8' title='bbox 879 1345 1036 1412; x_wconf 89' lang='lat' dir='ltr'>Octaviae</span> <span class='ocrx_word' id='word_1_9' title='bbox 1063 1348 1142 1412; x_wconf 91' lang='lat' dir='ltr'>locis</span> <span class='ocrx_word' id='word_1_10' title='bbox 1169 1370 1274 1433; x_wconf 84' lang='lat' dir='ltr'>agam,</span> <span class='ocrx_word' id='word_1_11' title='bbox 1302 1348 1477 1435; x_wconf 91' lang='lat' dir='ltr'>inquibus</span> <span class='ocrx_word' id='word_1_12' title='bbox 1504 1370 1582 1413; x_wconf 91' lang='lat' dir='ltr'>con·</span> 
     </span>
     <span class='ocr_line' id='line_1_4' title="bbox 180 1450 867 1519; baseline 0.004 -4"><span class='ocrx_word' id='word_1_13' title='bbox 180 1452 351 1516; x_wconf 88' lang='lat' dir='ltr'>stituendis</span> <span class='ocrx_word' id='word_1_14' title='bbox 374 1450 520 1515; x_wconf 82' lang='lat' dir='ltr'>Leonem</span> <span class='ocrx_word' id='word_1_15' title='bbox 542 1472 607 1515; x_wconf 90' lang='lat' dir='ltr'>non</span> <span class='ocrx_word' id='word_1_16' title='bbox 630 1460 760 1515; x_wconf 90' lang='lat' dir='ltr'>secutus</span> <span class='ocrx_word' id='word_1_17' title='bbox 784 1474 867 1519; x_wconf 91' lang='lat' dir='ltr'>sum.</span> 
     </span>
    </p>

    <p class='ocr_par' dir='ltr' id='par_1_4' title="bbox 177 1554 1581 2789">
     <span class='ocr_line' id='line_1_5' title="bbox 283 1554 1581 1642; baseline 0.001 -23"><span class='ocrx_word' id='word_1_18' title='bbox 283 1554 378 1635; x_wconf 75' lang='lat' dir='ltr'>Quod</span> <span class='ocrx_word' id='word_1_19' title='bbox 409 1556 451 1620; x_wconf 86' lang='lat' dir='ltr'>ad</span> <span class='ocrx_word' id='word_1_20' title='bbox 480 1554 580 1620; x_wconf 91' lang='lat' dir='ltr'>libros</span> <span class='ocrx_word' id='word_1_21' title='bbox 609 1578 708 1620; x_wconf 88' lang='lat' dir='ltr'>manu</span> <span class='ocrx_word' id='word_1_22' title='bbox 739 1558 875 1642; x_wconf 85' lang='lat' dir='ltr'>scriptos</span> <span class='ocrx_word' id='word_1_23' title='bbox 902 1556 1040 1639; x_wconf 87' lang='lat' dir='ltr'>adtinet,</span> <span class='ocrx_word' id='word_1_24' title='bbox 1071 1558 1105 1620; x_wconf 93' lang='lat' dir='ltr'>in</span> <span class='ocrx_word' id='word_1_25' title='bbox 1132 1556 1249 1642; x_wconf 91' lang='lat' dir='ltr'>quibus</span> <span class='ocrx_word' id='word_1_26' title='bbox 1277 1556 1435 1622; x_wconf 89' lang='lat' dir='ltr'>Octaviae</span> <span class='ocrx_word' id='word_1_27' title='bbox 1465 1556 1581 1622; x_wconf 88' lang='lat' dir='ltr'>fabula</span> 
     </span>
     <span class='ocr_line' id='line_1_6' title="bbox 179 1661 1580 1745; baseline -0.001 -21"><span class='ocrx_word' id='word_1_28' title='bbox 179 1669 279 1742; x_wconf 84' lang='lat' dir='ltr'>extat,</span> <span class='ocrx_word' id='word_1_29' title='bbox 302 1681 413 1724; x_wconf 90' lang='lat' dir='ltr'>omnes</span> <span class='ocrx_word' id='word_1_30' title='bbox 434 1698 478 1706; x_wconf 92' lang='lat'>—</span> <span class='ocrx_word' id='word_1_31' title='bbox 500 1669 533 1723; x_wconf 88' lang='lat' dir='ltr'>et</span> <span class='ocrx_word' id='word_1_32' title='bbox 554 1681 708 1724; x_wconf 87' lang='lat' dir='ltr'>numerus</span> <span class='ocrx_word' id='word_1_33' title='bbox 731 1682 841 1724; x_wconf 88' lang='lat' dir='ltr'>eorum</span> <span class='ocrx_word' id='word_1_34' title='bbox 865 1662 942 1725; x_wconf 90' lang='lat' dir='ltr'>satis</span> <span class='ocrx_word' id='word_1_35' title='bbox 965 1682 1102 1745; x_wconf 82' lang='lat' dir='ltr'>magnus</span> <span class='ocrx_word' id='word_1_36' title='bbox 1124 1671 1173 1725; x_wconf 87' lang='lat' dir='ltr'>est</span> <span class='ocrx_word' id='word_1_37' title='bbox 1187 1699 1234 1710; x_wconf 68' lang='lat'>,-</span> <span class='ocrx_word' id='word_1_38' title='bbox 1257 1684 1300 1725; x_wconf 85' lang='lat' dir='ltr'>ex</span> <span class='ocrx_word' id='word_1_39' title='bbox 1322 1683 1386 1725; x_wconf 92' lang='lat' dir='ltr'>uno</span> <span class='ocrx_word' id='word_1_40' title='bbox 1409 1661 1580 1725; x_wconf 90' lang='lat' dir='ltr'>deterioris</span> 
     </span>
     <span class='ocr_line' id='line_1_7' title="bbox 178 1763 1579 1851; baseline 0.001 -24"><span class='ocrx_word' id='word_1_41' title='bbox 178 1764 376 1829; x_wconf 83' lang='lat' dir='ltr'>recensionis</span> <span class='ocrx_word' id='word_1_42' title='bbox 399 1763 459 1851; x_wconf 88' lang='lat' dir='ltr'>(A)</span> <span class='ocrx_word' id='word_1_43' title='bbox 485 1764 568 1828; x_wconf 91' lang='lat' dir='ltr'>libro</span> <span class='ocrx_word' id='word_1_44' title='bbox 595 1765 750 1848; x_wconf 84' lang='lat' dir='ltr'>originem</span> <span class='ocrx_word' id='word_1_45' title='bbox 777 1774 948 1829; x_wconf 86' lang='lat' dir='ltr'>traxerunt</span> <span class='ocrx_word' id='word_1_46' title='bbox 973 1786 1079 1851; x_wconf 88' lang='lat' dir='ltr'>neque</span> <span class='ocrx_word' id='word_1_47' title='bbox 1106 1766 1190 1829; x_wconf 89' lang='lat' dir='ltr'>ullus</span> <span class='ocrx_word' id='word_1_48' title='bbox 1215 1768 1330 1830; x_wconf 88' lang='lat' dir='ltr'>ceteris</span> <span class='ocrx_word' id='word_1_49' title='bbox 1356 1768 1401 1829; x_wconf 91' lang='lat' dir='ltr'>ita</span> <span class='ocrx_word' id='word_1_50' title='bbox 1424 1774 1579 1851; x_wconf 76' lang='lat' dir='ltr'>praestat,</span> 
     </span>
     <span class='ocr_line' id='line_1_8' title="bbox 178 1868 1580 1957; baseline -0.001 -24"><span class='ocrx_word' id='word_1_51' title='bbox 178 1877 214 1933; x_wconf 94' lang='lat' dir='ltr'>ut</span> <span class='ocrx_word' id='word_1_52' title='bbox 237 1891 311 1932; x_wconf 88' lang='lat' dir='ltr'>eum</span> <span class='ocrx_word' id='word_1_53' title='bbox 334 1878 500 1953; x_wconf 84' lang='lat' dir='ltr'>tamquam</span> <span class='ocrx_word' id='word_1_54' title='bbox 523 1868 640 1932; x_wconf 89' lang='lat' dir='ltr'>ducem</span> <span class='ocrx_word' id='word_1_55' title='bbox 662 1870 696 1934; x_wconf 94' lang='lat' dir='ltr'>in</span> <span class='ocrx_word' id='word_1_56' title='bbox 719 1871 862 1934; x_wconf 88' lang='lat' dir='ltr'>oratione</span> <span class='ocrx_word' id='word_1_57' title='bbox 886 1870 1111 1935; x_wconf 87' lang='lat' dir='ltr'>constituenda</span> <span class='ocrx_word' id='word_1_58' title='bbox 1134 1873 1226 1957; x_wconf 90' lang='lat' dir='ltr'>sequi</span> <span class='ocrx_word' id='word_1_59' title='bbox 1247 1871 1417 1956; x_wconf 90' lang='lat' dir='ltr'>possimus.</span> <span class='ocrx_word' id='word_1_60' title='bbox 1461 1869 1580 1955; x_wconf 87' lang='lat' dir='ltr'>quodsi</span> 
     </span>
     <span class='ocr_line' id='line_1_9' title="bbox 179 1971 1580 2061; baseline 0.001 -26"><span class='ocrx_word' id='word_1_61' title='bbox 179 1973 276 2057; x_wconf 79' lang='lat' dir='ltr'>Leo¹)</span> <span class='ocrx_word' id='word_1_62' title='bbox 300 1972 464 2037; x_wconf 82' lang='lat' dir='ltr'>contendit</span> <span class='ocrx_word' id='word_1_63' title='bbox 487 1973 615 2037; x_wconf 89' lang='lat' dir='ltr'>codices</span> <span class='ocrx_word' id='word_1_64' title='bbox 638 1974 677 2035; x_wconf 93' lang='lat' dir='ltr'><em>M</em></span> <span class='ocrx_word' id='word_1_65' title='bbox 698 1972 979 2059; x_wconf 79' lang='lat' dir='ltr'>(Ambrosianum)</span> <span class='ocrx_word' id='word_1_66' title='bbox 1003 1984 1036 2038; x_wconf 94' lang='lat' dir='ltr'>et</span> <span class='ocrx_word' id='word_1_67' title='bbox 1058 1974 1097 2035; x_wconf 92' lang='lat' dir='ltr'><em>N</em></span> <span class='ocrx_word' id='word_1_68' title='bbox 1114 1971 1339 2061; x_wconf 87' lang='lat' dir='ltr'>(Vaticanum)</span> <span class='ocrx_word' id='word_1_69' title='bbox 1363 1976 1510 2059; x_wconf 84' lang='lat' dir='ltr'>proxime</span> <span class='ocrx_word' id='word_1_70' title='bbox 1533 1974 1580 2037; x_wconf 89' lang='lat' dir='ltr'>ad</span> 
     </span>
     <span class='ocr_line' id='line_1_10' title="bbox 178 2075 1579 2165; baseline 0.001 -24"><span class='ocrx_word' id='word_1_71' title='bbox 178 2076 335 2141; x_wconf 86' lang='lat' dir='ltr'>Octaviae</span> <span class='ocrx_word' id='word_1_72' title='bbox 361 2075 517 2140; x_wconf 88' lang='lat' dir='ltr'>librorum</span> <span class='ocrx_word' id='word_1_73' title='bbox 543 2077 759 2162; x_wconf 86' lang='lat' dir='ltr'>archetypum</span> <span class='ocrx_word' id='word_1_74' title='bbox 786 2078 958 2162; x_wconf 84' lang='lat' dir='ltr'>accedere,</span> <span class='ocrx_word' id='word_1_75' title='bbox 987 2078 1185 2142; x_wconf 90' lang='lat' dir='ltr'>monendum</span> <span class='ocrx_word' id='word_1_76' title='bbox 1209 2088 1258 2143; x_wconf 92' lang='lat' dir='ltr'>est</span> <span class='ocrx_word' id='word_1_77' title='bbox 1283 2101 1325 2143; x_wconf 93' lang='lat' dir='ltr'>ne</span> <span class='ocrx_word' id='word_1_78' title='bbox 1351 2101 1415 2142; x_wconf 94' lang='lat' dir='ltr'>uno</span> <span class='ocrx_word' id='word_1_79' title='bbox 1446 2078 1579 2165; x_wconf 85' lang='lat' dir='ltr'>quidem</span> 
     </span>
     <span class='ocr_line' id='line_1_11' title="bbox 179 2180 1578 2269; baseline 0.001 -25"><span class='ocrx_word' id='word_1_80' title='bbox 179 2180 335 2245; x_wconf 87' lang='lat' dir='ltr'>Octaviae</span> <span class='ocrx_word' id='word_1_81' title='bbox 359 2182 430 2246; x_wconf 91' lang='lat' dir='ltr'>loco</span> <span class='ocrx_word' id='word_1_82' title='bbox 456 2182 489 2245; x_wconf 93' lang='lat' dir='ltr'>in</span> <span class='ocrx_word' id='word_1_83' title='bbox 517 2181 592 2245; x_wconf 90' lang='lat' dir='ltr'>solis</span> <span class='ocrx_word' id='word_1_84' title='bbox 619 2180 669 2245; x_wconf 91' lang='lat' dir='ltr'>his</span> <span class='ocrx_word' id='word_1_85' title='bbox 692 2180 860 2246; x_wconf 91' lang='lat' dir='ltr'>codicibus</span> <span class='ocrx_word' id='word_1_86' title='bbox 887 2184 1061 2266; x_wconf 86' lang='lat' dir='ltr'>genuinam</span> <span class='ocrx_word' id='word_1_87' title='bbox 1089 2184 1281 2269; x_wconf 82' lang='lat' dir='ltr'>scripturam</span> <span class='ocrx_word' id='word_1_88' title='bbox 1308 2192 1430 2247; x_wconf 83' lang='lat' dir='ltr'>extare.</span> <span class='ocrx_word' id='word_1_89' title='bbox 1476 2205 1578 2268; x_wconf 92' lang='lat' dir='ltr'>quare</span> 
     </span>
     <span class='ocr_line' id='line_1_12' title="bbox 179 2284 1579 2373; baseline 0 -23"><span class='ocrx_word' id='word_1_90' title='bbox 179 2307 262 2371; x_wconf 89' lang='lat' dir='ltr'>quae</span> <span class='ocrx_word' id='word_1_91' title='bbox 285 2287 318 2350; x_wconf 95' lang='lat' dir='ltr'>in</span> <span class='ocrx_word' id='word_1_92' title='bbox 342 2287 457 2351; x_wconf 89' lang='lat' dir='ltr'>ceteris</span> <span class='ocrx_word' id='word_1_93' title='bbox 480 2284 571 2349; x_wconf 88' lang='lat' dir='ltr'>libris</span> <span class='ocrx_word' id='word_1_94' title='bbox 593 2285 754 2370; x_wconf 86' lang='lat' dir='ltr'>leguntur,</span> <span class='ocrx_word' id='word_1_95' title='bbox 778 2288 901 2371; x_wconf 89' lang='lat' dir='ltr'>pariter</span> <span class='ocrx_word' id='word_1_96' title='bbox 923 2287 1128 2373; x_wconf 89' lang='lat' dir='ltr'>respicienda</span> <span class='ocrx_word' id='word_1_97' title='bbox 1150 2310 1220 2352; x_wconf 90' lang='lat' dir='ltr'>esse</span> <span class='ocrx_word' id='word_1_98' title='bbox 1243 2288 1403 2353; x_wconf 86' lang='lat' dir='ltr'>videntur.</span> <span class='ocrx_word' id='word_1_99' title='bbox 1433 2296 1579 2351; x_wconf 88' lang='lat' dir='ltr'>ceterum</span> 
     </span>
     <span class='ocr_line' id='line_1_13' title="bbox 177 2390 1578 2477; baseline 0.001 -23"><span class='ocrx_word' id='word_1_100' title='bbox 177 2390 344 2473; x_wconf 90' lang='lat' dir='ltr'>librorum,</span> <span class='ocrx_word' id='word_1_101' title='bbox 372 2393 426 2476; x_wconf 90' lang='lat' dir='ltr'>qui</span> <span class='ocrx_word' id='word_1_102' title='bbox 454 2390 496 2454; x_wconf 89' lang='lat' dir='ltr'>ad</span> <span class='ocrx_word' id='word_1_103' title='bbox 524 2391 585 2455; x_wconf 93' lang='lat' dir='ltr'>hoc</span> <span class='ocrx_word' id='word_1_104' title='bbox 612 2400 739 2476; x_wconf 89' lang='lat' dir='ltr'>tempus</span> <span class='ocrx_word' id='word_1_105' title='bbox 766 2413 869 2477; x_wconf 90' lang='lat' dir='ltr'>usque</span> <span class='ocrx_word' id='word_1_106' title='bbox 896 2401 953 2456; x_wconf 90' lang='lat' dir='ltr'>aut</span> <span class='ocrx_word' id='word_1_107' title='bbox 979 2392 1123 2456; x_wconf 90' lang='lat' dir='ltr'>nondum</span> <span class='ocrx_word' id='word_1_108' title='bbox 1151 2391 1258 2457; x_wconf 87' lang='lat' dir='ltr'>collati</span> <span class='ocrx_word' id='word_1_109' title='bbox 1286 2400 1361 2457; x_wconf 92' lang='lat' dir='ltr'>sunt</span> <span class='ocrx_word' id='word_1_110' title='bbox 1387 2400 1444 2456; x_wconf 91' lang='lat' dir='ltr'>aut</span> <span class='ocrx_word' id='word_1_111' title='bbox 1470 2391 1578 2475; x_wconf 82' lang='lat' dir='ltr'>neglc-</span> 
     </span>
     <span class='ocr_line' id='line_1_14' title="bbox 178 2497 1577 2581; baseline 0 -22"><span class='ocrx_word' id='word_1_112' title='bbox 178 2505 291 2580; x_wconf 87' lang='lat' dir='ltr'>genter</span> <span class='ocrx_word' id='word_1_113' title='bbox 314 2498 451 2577; x_wconf 84' lang='lat' dir='ltr'>excussi,</span> <span class='ocrx_word' id='word_1_114' title='bbox 474 2518 538 2560; x_wconf 90' lang='lat' dir='ltr'>non</span> <span class='ocrx_word' id='word_1_115' title='bbox 561 2517 682 2580; x_wconf 89' lang='lat' dir='ltr'>parvus</span> <span class='ocrx_word' id='word_1_116' title='bbox 705 2504 754 2559; x_wconf 91' lang='lat' dir='ltr'>est</span> <span class='ocrx_word' id='word_1_117' title='bbox 775 2517 938 2560; x_wconf 89' lang='lat' dir='ltr'>numerus.</span> <span class='ocrx_word' id='word_1_118' title='bbox 985 2505 1074 2581; x_wconf 90' lang='lat' dir='ltr'>patet</span> <span class='ocrx_word' id='word_1_119' title='bbox 1096 2506 1205 2560; x_wconf 93' lang='lat' dir='ltr'>autem</span> <span class='ocrx_word' id='word_1_120' title='bbox 1232 2497 1281 2561; x_wconf 93' lang='lat' dir='ltr'>his</span> <span class='ocrx_word' id='word_1_121' title='bbox 1303 2504 1429 2560; x_wconf 90' lang='lat' dir='ltr'>tantum</span> <span class='ocrx_word' id='word_1_122' title='bbox 1451 2498 1577 2581; x_wconf 91' lang='lat' dir='ltr'>inspec-</span> 
     </span>
     <span class='ocr_line' id='line_1_15' title="bbox 178 2599 1576 2686; baseline 0 -23"><span class='ocrx_word' id='word_1_123' title='bbox 178 2601 219 2664; x_wconf 90' lang='lat' dir='ltr'>tis</span> <span class='ocrx_word' id='word_1_124' title='bbox 241 2600 320 2683; x_wconf 87' lang='lat' dir='ltr'>fore,</span> <span class='ocrx_word' id='word_1_125' title='bbox 343 2601 457 2685; x_wconf 88' lang='lat' dir='ltr'>utqui</span> <span class='ocrx_word' id='word_1_126' title='bbox 484 2599 613 2664; x_wconf 88' lang='lat' dir='ltr'>codices</span> <span class='ocrx_word' id='word_1_127' title='bbox 641 2602 789 2685; x_wconf 85' lang='lat' dir='ltr'>proxime</span> <span class='ocrx_word' id='word_1_128' title='bbox 812 2600 856 2664; x_wconf 90' lang='lat' dir='ltr'>ad</span> <span class='ocrx_word' id='word_1_129' title='bbox 879 2600 1094 2686; x_wconf 87' lang='lat' dir='ltr'>archetypum</span> <span class='ocrx_word' id='word_1_130' title='bbox 1117 2600 1278 2665; x_wconf 88' lang='lat' dir='ltr'>accedant</span> <span class='ocrx_word' id='word_1_131' title='bbox 1301 2610 1442 2664; x_wconf 83' lang='lat' dir='ltr'>statuere</span> <span class='ocrx_word' id='word_1_132' title='bbox 1470 2600 1576 2664; x_wconf 88' lang='lat' dir='ltr'>liceat.</span> 
     </span>
     <span class='ocr_line' id='line_1_16' title="bbox 178 2704 1325 2789; baseline 0.001 -21"><span class='ocrx_word' id='word_1_133' title='bbox 178 2706 236 2770; x_wconf 90' lang='lat' dir='ltr'>sed</span> <span class='ocrx_word' id='word_1_134' title='bbox 259 2707 324 2769; x_wconf 89' lang='lat' dir='ltr'>iam</span> <span class='ocrx_word' id='word_1_135' title='bbox 347 2704 390 2769; x_wconf 90' lang='lat' dir='ltr'>ad</span> <span class='ocrx_word' id='word_1_136' title='bbox 412 2704 553 2789; x_wconf 85' lang='lat' dir='ltr'>singulos</span> <span class='ocrx_word' id='word_1_137' title='bbox 576 2727 689 2768; x_wconf 85' lang='lat' dir='ltr'>versus</span> <span class='ocrx_word' id='word_1_138' title='bbox 712 2704 857 2770; x_wconf 85' lang='lat' dir='ltr'>breviter</span> <span class='ocrx_word' id='word_1_139' title='bbox 879 2706 1065 2771; x_wconf 88' lang='lat' dir='ltr'>tractandos</span> <span class='ocrx_word' id='word_1_140' title='bbox 1088 2704 1325 2788; x_wconf 81' lang='lat' dir='ltr'>adgrediamur.</span> 
     </span>
    </p>

    <p class='ocr_par' dir='ltr' id='par_1_5' title="bbox 162 2808 1577 3939">
     <span class='ocr_line' id='line_1_17' title="bbox 281 2808 1577 2895; baseline -0.004 -21"><span class='ocrx_word' id='word_1_141' title='bbox 281 2810 345 2875; x_wconf 86' lang='lat' dir='ltr'>Vv.</span> <span class='ocrx_word' id='word_1_142' title='bbox 369 2810 412 2873; x_wconf 83' lang='lat'>34</span> <span class='ocrx_word' id='word_1_143' title='bbox 420 2831 489 2895; x_wconf 89' lang='lat' dir='ltr'>sqq.</span> <span class='ocrx_word' id='word_1_144' title='bbox 515 2811 616 2874; x_wconf 91' lang='lat' dir='ltr'>sicin</span> <span class='ocrx_word' id='word_1_145' title='bbox 640 2808 807 2873; x_wconf 89' lang='lat' dir='ltr'>codicibus</span> <span class='ocrx_word' id='word_1_146' title='bbox 829 2808 996 2892; x_wconf 80' lang='lat' dir='ltr'>leguntur:</span> <span class='ocrx_word' id='word_1_147' title='bbox 1017 2809 1146 2895; x_wconf 79' lang='lat' dir='ltr'>fulqore</span> <span class='ocrx_word' id='word_1_148' title='bbox 1163 2811 1269 2893; x_wconf 80' lang='lat' dir='ltr'>primo</span> <span class='ocrx_word' id='word_1_149' title='bbox 1293 2819 1405 2893; x_wconf 82' lang='lat' dir='ltr'>captus</span> <span class='ocrx_word' id='word_1_150' title='bbox 1432 2819 1460 2873; x_wconf 86' lang='lat' dir='ltr'>et</span> <span class='ocrx_word' id='word_1_151' title='bbox 1476 2808 1577 2895; x_wconf 79' lang='lat' dir='ltr'>facili</span> 
     </span>
     <span class='ocr_line' id='line_1_18' title="bbox 179 2912 1577 3001; baseline -0.001 -24"><span class='ocrx_word' id='word_1_152' title='bbox 179 2914 336 3001; x_wconf 91' lang='lat' dir='ltr'>(nonnulli</span> <span class='ocrx_word' id='word_1_153' title='bbox 352 2913 459 3001; x_wconf 76' lang='lat' dir='ltr'>fraqil</span> <span class='ocrx_word' id='word_1_154' title='bbox 460 2913 485 3000; x_wconf 83' lang='grc' dir='ltr'>ι’)</span> <span class='ocrx_word' id='word_1_155' title='bbox 514 2914 591 2977; x_wconf 85' lang='lat' dir='ltr'>boae</span> <span class='ocrx_word' id='word_1_156' title='bbox 611 2912 687 3000; x_wconf 74' lang='lat' dir='ltr'>(fal</span> <span class='ocrx_word' id='word_1_157' title='bbox 688 2913 763 2977; x_wconf 78' lang='lat' dir='ltr'>lucis</span> <span class='ocrx_word' id='word_1_158' title='bbox 789 2912 847 2976; x_wconf 86' lang='lat' dir='ltr'>aul</span> <span class='ocrx_word' id='word_1_159' title='bbox 848 2936 884 2977; x_wconf 87' lang='lat' dir='ltr'>oe</span> <span class='ocrx_word' id='word_1_160' title='bbox 911 2915 1046 2999; x_wconf 80' lang='lat' dir='ltr'>quisquis</span> <span class='ocrx_word' id='word_1_161' title='bbox 1073 2938 1093 2976; x_wconf 87' lang='lat' dir='ltr'>a</span> <span class='ocrx_word' id='word_1_162' title='bbox 1095 2916 1222 2977; x_wconf 82' lang='lat' dir='ltr'>ttoaitus</span> <span class='ocrx_word' id='word_1_163' title='bbox 1244 2924 1355 2998; x_wconf 83' lang='lat' dir='ltr'>stupet,</span> <span class='ocrx_word' id='word_1_164' title='bbox 1335 2912 1483 2976; x_wconf 82' lang='lat' dir='ltr'>trudito</span> <span class='ocrx_word' id='word_1_165' title='bbox 1508 2912 1577 2997; x_wconf 88' lang='lat' dir='ltr'>(vel</span> 
     </span>
     <span class='ocr_line' id='line_1_19' title="bbox 177 3016 1575 3103; baseline 0 -22"><span class='ocrx_word' id='word_1_166' title='bbox 177 3018 232 3081; x_wconf 84' lang='lat' dir='ltr'>sub</span> <span class='ocrx_word' id='word_1_167' title='bbox 254 3041 317 3082; x_wconf 80' lang='lat' dir='ltr'>uuo</span> <span class='ocrx_word' id='word_1_168' title='bbox 349 3018 402 3082; x_wconf 85' lang='lat' dir='ltr'>vel</span> <span class='ocrx_word' id='word_1_169' title='bbox 424 3016 517 3080; x_wconf 81' lang='lat' dir='ltr'>sub</span> <span class='ocrx_word' id='word_1_170' title='bbox 503 3040 564 3081; x_wconf 80' lang='lat' dir='ltr'>amo</span> <span class='ocrx_word' id='word_1_171' title='bbox 597 3016 650 3081; x_wconf 86' lang='lat' dir='ltr'>vel</span> <span class='ocrx_word' id='word_1_172' title='bbox 672 3016 748 3103; x_wconf 82' lang='lat' dir='ltr'>uuo)</span> <span class='ocrx_word' id='word_1_173' title='bbox 780 3016 904 3081; x_wconf 71' lang='lat' dir='ltr'>lutterulis</span> <span class='ocrx_word' id='word_1_174' title='bbox 931 3040 995 3081; x_wconf 86' lang='lat' dir='ltr'>ecce</span> <span class='ocrx_word' id='word_1_175' title='bbox 1013 3018 1170 3103; x_wconf 78' lang='lat' dir='ltr'>fortunae</span> <span class='ocrx_word' id='word_1_176' title='bbox 1199 3019 1316 3103; x_wconf 81' lang='lat' dir='ltr'>impetu</span> <span class='ocrx_word' id='word_1_177' title='bbox 1340 3018 1344 3102; x_wconf 75' lang='grc' dir='ltr'>Ι</span> <span class='ocrx_word' id='word_1_178' title='bbox 1368 3018 1456 3081; x_wconf 85' lang='lat' dir='ltr'>modo</span> <span class='ocrx_word' id='word_1_179' title='bbox 1480 3040 1575 3103; x_wconf 85' lang='lat' dir='ltr'>prae-</span> 
     </span>
     <span class='ocr_line' id='line_1_20' title="bbox 172 3120 1577 3209; baseline -0.001 -23"><span class='ocrx_word' id='word_1_180' title='bbox 172 3133 328 3209; x_wconf 81' lang='lat' dir='ltr'>potentem</span> <span class='ocrx_word' id='word_1_181' title='bbox 354 3132 460 3186; x_wconf 72' lang='lat' dir='ltr'>uruat</span> <span class='ocrx_word' id='word_1_182' title='bbox 486 3144 622 3185; x_wconf 82' lang='lat' dir='ltr'>eversam</span> <span class='ocrx_word' id='word_1_183' title='bbox 649 3121 782 3184; x_wconf 83' lang='lat' dir='ltr'>domum.</span> <span class='ocrx_word' id='word_1_184' title='bbox 828 3120 939 3204; x_wconf 88' lang='lat' dir='ltr'>verba,</span> <span class='ocrx_word' id='word_1_185' title='bbox 971 3143 1054 3207; x_wconf 90' lang='lat' dir='ltr'>quae</span> <span class='ocrx_word' id='word_1_186' title='bbox 1081 3123 1114 3185; x_wconf 92' lang='lat' dir='ltr'>in</span> <span class='ocrx_word' id='word_1_187' title='bbox 1141 3144 1172 3187; x_wconf 89' lang='lat' dir='ltr'>v.</span> <span class='ocrx_word' id='word_1_188' title='bbox 1197 3122 1240 3185; x_wconf 85' lang='lat'>34</span> <span class='ocrx_word' id='word_1_189' title='bbox 1267 3121 1413 3187; x_wconf 85' lang='lat' dir='ltr'>ultimo</span> <span class='ocrx_word' id='word_1_190' title='bbox 1405 3145 1438 3186; x_wconf 86' lang='grc' dir='ltr'>ιιι</span> <span class='ocrx_word' id='word_1_191' title='bbox 1465 3122 1577 3207; x_wconf 89' lang='lat' dir='ltr'>pleris-</span> 
     </span>
     <span class='ocr_line' id='line_1_21' title="bbox 179 3224 1576 3313; baseline -0.001 -21"><span class='ocrx_word' id='word_1_192' title='bbox 179 3249 241 3313; x_wconf 90' lang='lat' dir='ltr'>que</span> <span class='ocrx_word' id='word_1_193' title='bbox 268 3228 359 3291; x_wconf 89' lang='lat' dir='ltr'>libris</span> <span class='ocrx_word' id='word_1_194' title='bbox 386 3235 499 3291; x_wconf 83' lang='lat' dir='ltr'>extant</span> <span class='ocrx_word' id='word_1_195' title='bbox 499 3226 635 3310; x_wconf 80' lang='lat' dir='ltr'>‚facili</span> <span class='ocrx_word' id='word_1_196' title='bbox 610 3224 741 3288; x_wconf 84' lang='lat' dir='ltr'>lbooo</span> <span class='ocrx_word' id='word_1_197' title='bbox 775 3225 857 3289; x_wconf 89' lang='lat' dir='ltr'>ferri</span> <span class='ocrx_word' id='word_1_198' title='bbox 881 3235 1059 3312; x_wconf 91' lang='lat' dir='ltr'>nequeunt,</span> <span class='ocrx_word' id='word_1_199' title='bbox 1033 3226 1153 3291; x_wconf 90' lang='lat' dir='ltr'>tsed</span> <span class='ocrx_word' id='word_1_200' title='bbox 1183 3226 1271 3291; x_wconf 92' lang='lat' dir='ltr'>nulla</span> <span class='ocrx_word' id='word_1_201' title='bbox 1300 3226 1369 3291; x_wconf 84' lang='lat' dir='ltr'>iere</span> <span class='ocrx_word' id='word_1_202' title='bbox 1399 3228 1576 3292; x_wconf 89' lang='lat' dir='ltr'>mutatione</span> 
     </span>
     <span class='ocr_line' id='line_1_22' title="bbox 177 3330 1575 3418; baseline -0.001 -23"><span class='ocrx_word' id='word_1_203' title='bbox 177 3332 265 3396; x_wconf 88' lang='lat' dir='ltr'>faca</span> <span class='ocrx_word' id='word_1_204' title='bbox 232 3331 394 3418; x_wconf 76' lang='lat' dir='ltr'>fraqe</span> <span class='ocrx_word' id='word_1_205' title='bbox 382 3331 486 3394; x_wconf 77' lang='lat' dir='ltr'>ebeno</span> <span class='ocrx_word' id='word_1_206' title='bbox 506 3340 585 3394; x_wconf 89' lang='lat' dir='ltr'>rest1</span> <span class='ocrx_word' id='word_1_207' title='bbox 576 3331 688 3416; x_wconf 93' lang='lat' dir='ltr'>tuipo</span> <span class='ocrx_word' id='word_1_208' title='bbox 691 3339 762 3412; x_wconf 83' lang='lat' dir='ltr'>test,</span> <span class='ocrx_word' id='word_1_209' title='bbox 788 3330 875 3416; x_wconf 91' lang='lat' dir='ltr'>quod</span> <span class='ocrx_word' id='word_1_210' title='bbox 897 3352 960 3395; x_wconf 90' lang='lat' dir='ltr'>non</span> <span class='ocrx_word' id='word_1_211' title='bbox 983 3332 1091 3415; x_wconf 89' lang='lat' dir='ltr'>inepte</span> <span class='ocrx_word' id='word_1_212' title='bbox 1060 3331 1182 3395; x_wconf 79' lang='lat' dir='ltr'>dic</span> <span class='ocrx_word' id='word_1_213' title='bbox 1169 3339 1238 3395; x_wconf 92' lang='lat' dir='ltr'>um</span> <span class='ocrx_word' id='word_1_214' title='bbox 1260 3340 1309 3394; x_wconf 88' lang='lat' dir='ltr'>est</span> <span class='ocrx_word' id='word_1_215' title='bbox 1296 3330 1373 3394; x_wconf 89' lang='lat' dir='ltr'>tde</span> <span class='ocrx_word' id='word_1_216' title='bbox 1396 3353 1506 3417; x_wconf 84' lang='lat' dir='ltr'>regno,</span> <span class='ocrx_word' id='word_1_217' title='bbox 1531 3333 1575 3395; x_wconf 89' lang='lat' dir='ltr'>ef.</span> 
     </span>
     <span class='ocr_line' id='line_1_23' title="bbox 177 3433 1576 3522; baseline 0.001 -23"><span class='ocrx_word' id='word_1_218' title='bbox 177 3436 252 3500; x_wconf 86' lang='lat' dir='ltr'>Tro.</span> <span class='ocrx_word' id='word_1_219' title='bbox 273 3435 349 3521; x_wconf 78' lang='lat' dir='ltr'>bsq.</span> <span class='ocrx_word' id='word_1_220' title='bbox 374 3458 464 3521; x_wconf 85' lang='lat' dir='ltr'>quam</span> <span class='ocrx_word' id='word_1_221' title='bbox 481 3434 630 3521; x_wconf 79' lang='lat' dir='ltr'>fraqile‘</span> <span class='ocrx_word' id='word_1_222' title='bbox 651 3433 714 3498; x_wconf 88' lang='lat' dir='ltr'>loeo</span> <span class='ocrx_word' id='word_1_223' title='bbox 738 3437 742 3516; x_wconf 90' lang='grc' dir='ltr'>Ι</span> <span class='ocrx_word' id='word_1_224' title='bbox 766 3444 884 3498; x_wconf 83' lang='lat' dir='ltr'>starent</span> <span class='ocrx_word' id='word_1_225' title='bbox 909 3435 1034 3521; x_wconf 76' lang='lat' dir='ltr'>superbi</span> <span class='ocrx_word' id='word_1_226' title='bbox 1060 3445 1092 3499; x_wconf 91' lang='lat' dir='ltr'>et</span> <span class='ocrx_word' id='word_1_227' title='bbox 1111 3435 1193 3500; x_wconf 89' lang='lat' dir='ltr'>Oed.</span> <span class='ocrx_word' id='word_1_228' title='bbox 1214 3436 1234 3498; x_wconf 85' lang='lat'>6</span> <span class='ocrx_word' id='word_1_229' title='bbox 1261 3434 1460 3521; x_wconf 80' lang='lat' dir='ltr'>quisquamne</span> <span class='ocrx_word' id='word_1_230' title='bbox 1483 3460 1576 3522; x_wconf 74' lang='lat' dir='ltr'>reque</span> 
     </span>
     <span class='ocr_line' id='line_1_24' title="bbox 177 3538 1575 3626; baseline 0 -23"><span class='ocrx_word' id='word_1_231' title='bbox 177 3539 314 3624; x_wconf 73' lang='lat' dir='ltr'>qaudetl</span> <span class='ocrx_word' id='word_1_232' title='bbox 345 3562 362 3602; x_wconf 93' lang='lat' dir='ltr'>o</span> <span class='ocrx_word' id='word_1_233' title='bbox 385 3538 499 3626; x_wconf 75' lang='lat' dir='ltr'>fulloc</span> <span class='ocrx_word' id='word_1_234' title='bbox 528 3538 650 3601; x_wconf 81' lang='lat' dir='ltr'>bouum.</span> <span class='ocrx_word' id='word_1_235' title='bbox 701 3538 840 3603; x_wconf 90' lang='lat' dir='ltr'>editores</span> <span class='ocrx_word' id='word_1_236' title='bbox 875 3540 973 3623; x_wconf 88' lang='lat' dir='ltr'>igitur</span> <span class='ocrx_word' id='word_1_237' title='bbox 1006 3550 1134 3624; x_wconf 90' lang='lat' dir='ltr'>praeter</span> <span class='ocrx_word' id='word_1_238' title='bbox 1165 3539 1311 3604; x_wconf 90' lang='lat' dir='ltr'>Leonem</span> <span class='ocrx_word' id='word_1_239' title='bbox 1345 3561 1455 3603; x_wconf 90' lang='lat' dir='ltr'>omnes</span> <span class='ocrx_word' id='word_1_240' title='bbox 1488 3540 1575 3605; x_wconf 90' lang='lat' dir='ltr'>hanc</span> 
     </span>
     <span class='ocr_line' id='line_1_25' title="bbox 178 3642 1576 3730; baseline 0.001 -23"><span class='ocrx_word' id='word_1_241' title='bbox 178 3646 372 3729; x_wconf 84' lang='lat' dir='ltr'>scripturam</span> <span class='ocrx_word' id='word_1_242' title='bbox 394 3651 597 3728; x_wconf 91' lang='lat' dir='ltr'>receperunt.</span> <span class='ocrx_word' id='word_1_243' title='bbox 643 3642 711 3706; x_wconf 91' lang='lat' dir='ltr'>Leo</span> <span class='ocrx_word' id='word_1_244' title='bbox 737 3653 847 3707; x_wconf 89' lang='lat' dir='ltr'>autem</span> <span class='ocrx_word' id='word_1_245' title='bbox 870 3643 980 3708; x_wconf 87' lang='lat' dir='ltr'>verbis</span> <span class='ocrx_word' id='word_1_246' title='bbox 996 3643 1086 3730; x_wconf 82' lang='lat' dir='ltr'>facie</span> <span class='ocrx_word' id='word_1_247' title='bbox 1108 3666 1188 3707; x_wconf 85' lang='lat' dir='ltr'>uovu</span> <span class='ocrx_word' id='word_1_248' title='bbox 1211 3665 1341 3707; x_wconf 85' lang='lat' dir='ltr'>versum</span> <span class='ocrx_word' id='word_1_249' title='bbox 1365 3642 1449 3707; x_wconf 90' lang='lat' dir='ltr'>finiri</span> <span class='ocrx_word' id='word_1_250' title='bbox 1472 3643 1576 3708; x_wconf 91' lang='lat' dir='ltr'>voluit</span> 
     </span>
     <span class='ocr_line' id='line_1_26' title="bbox 162 3746 1575 3834; baseline -0.001 -21"><span class='ocrx_word' id='word_1_251' title='bbox 162 3747 414 3813; x_wconf 91' lang='lat' dir='ltr'>·Buechelerum</span> <span class='ocrx_word' id='word_1_252' title='bbox 441 3756 584 3829; x_wconf 86' lang='lat' dir='ltr'>secutus,</span> <span class='ocrx_word' id='word_1_253' title='bbox 615 3749 671 3832; x_wconf 86' lang='lat' dir='ltr'>qui</span> <span class='ocrx_word' id='word_1_254' title='bbox 687 3746 776 3833; x_wconf 77' lang='lat' dir='ltr'>facie</span> <span class='ocrx_word' id='word_1_255' title='bbox 806 3769 863 3832; x_wconf 93' lang='lat' dir='ltr'>pro</span> <span class='ocrx_word' id='word_1_256' title='bbox 882 3746 981 3832; x_wconf 79' lang='lat' dir='ltr'>facili</span> <span class='ocrx_word' id='word_1_257' title='bbox 1008 3748 1216 3813; x_wconf 89' lang='lat' dir='ltr'>scribendum</span> <span class='ocrx_word' id='word_1_258' title='bbox 1243 3770 1312 3813; x_wconf 88' lang='lat' dir='ltr'>csse</span> <span class='ocrx_word' id='word_1_259' title='bbox 1344 3748 1575 3834; x_wconf 72' lang='lat' dir='ltr'>coniecerat32)</span> 
     </span>
     <span class='ocr_line' id='line_1_27' title="bbox 177 3850 1574 3939; baseline 0.001 -22"><span class='ocrx_word' id='word_1_260' title='bbox 177 3861 291 3917; x_wconf 91' lang='lat' dir='ltr'>neuter</span> <span class='ocrx_word' id='word_1_261' title='bbox 313 3874 401 3935; x_wconf 86' lang='lat' dir='ltr'>vero,</span> <span class='ocrx_word' id='word_1_262' title='bbox 426 3852 503 3938; x_wconf 93' lang='lat' dir='ltr'>quid</span> <span class='ocrx_word' id='word_1_263' title='bbox 530 3854 564 3916; x_wconf 93' lang='lat' dir='ltr'>in</span> <span class='ocrx_word' id='word_1_264' title='bbox 588 3853 746 3936; x_wconf 87' lang='lat' dir='ltr'>scriptura</span> <span class='ocrx_word' id='word_1_265' title='bbox 760 3850 883 3937; x_wconf 76' lang='lat' dir='ltr'>fraqili</span> <span class='ocrx_word' id='word_1_266' title='bbox 903 3851 979 3915; x_wconf 80' lang='lat' dir='ltr'>douo</span> <span class='ocrx_word' id='word_1_267' title='bbox 1003 3852 1197 3937; x_wconf 79' lang='lat' dir='ltr'>displiceret,</span> <span class='ocrx_word' id='word_1_268' title='bbox 1221 3854 1380 3937; x_wconf 88' lang='lat' dir='ltr'>exposuit.</span> <span class='ocrx_word' id='word_1_269' title='bbox 1426 3854 1460 3916; x_wconf 91' lang='lat' dir='ltr'>id</span> <span class='ocrx_word' id='word_1_270' title='bbox 1489 3854 1574 3939; x_wconf 93' lang='lat' dir='ltr'>quod</span> 
     </span>
    </p>
   </div>
   <div class='ocr_carea' id='block_1_4' title="bbox 177 3954 1680 4049">
    <p class='ocr_par' dir='ltr' id='par_1_6' title="bbox 177 3954 1680 4049">
     <span class='ocr_line' id='line_1_28' title="bbox 177 3954 1680 4049; baseline 0.001 -30"><span class='ocrx_word' id='word_1_271' title='bbox 177 3957 256 4020; x_wconf 84' lang='lat' dir='ltr'>fecit</span> <span class='ocrx_word' id='word_1_272' title='bbox 270 3956 476 4040; x_wconf 83' lang='lat' dir='ltr'>Baehrens,³)</span> <span class='ocrx_word' id='word_1_273' title='bbox 499 3958 554 4041; x_wconf 94' lang='lat' dir='ltr'>qui</span> <span class='ocrx_word' id='word_1_274' title='bbox 577 3954 704 4020; x_wconf 88' lang='lat' dir='ltr'>duabus</span> <span class='ocrx_word' id='word_1_275' title='bbox 727 3956 768 4019; x_wconf 94' lang='lat' dir='ltr'>de</span> <span class='ocrx_word' id='word_1_276' title='bbox 791 3957 897 4020; x_wconf 88' lang='lat' dir='ltr'>causis</span> <span class='ocrx_word' id='word_1_277' title='bbox 921 3958 1114 4042; x_wconf 90' lang='lat' dir='ltr'>scripturam</span> <span class='ocrx_word' id='word_1_278' title='bbox 1131 3956 1251 4043; x_wconf 75' lang='lat' dir='ltr'>fraqili</span> <span class='ocrx_word' id='word_1_279' title='bbox 1265 3957 1341 4021; x_wconf 85' lang='lat' dir='ltr'>boue</span> <span class='ocrx_word' id='word_1_280' title='bbox 1366 3956 1573 4021; x_wconf 89' lang='lat' dir='ltr'>abiciendum</span> <span class='ocrx_word' id='word_1_281' title='bbox 1679 4022 1680 4049; x_wconf 22' lang='grc' dir='ltr'><strong>ξ</strong></span> 
     </span>
    </p>
   </div>
   <div class='ocr_carea' id='block_1_5' title="bbox 178 4059 1574 4147">
    <p class='ocr_par' dir='ltr' id='par_1_7' title="bbox 178 4058 1680 4163">
     <span class='ocr_line' id='line_1_29' title="bbox 178 4059 1574 4147; baseline 0.001 -23"><span class='ocrx_word' id='word_1_282' title='bbox 178 4082 248 4125; x_wconf 90' lang='lat' dir='ltr'>esse</span> <span class='ocrx_word' id='word_1_283' title='bbox 272 4061 452 4125; x_wconf 90' lang='lat' dir='ltr'>contendit:</span> <span class='ocrx_word' id='word_1_284' title='bbox 475 4062 616 4146; x_wconf 92' lang='lat' dir='ltr'>primum</span> <span class='ocrx_word' id='word_1_285' title='bbox 636 4059 689 4124; x_wconf 90' lang='lat' dir='ltr'>hic</span> <span class='ocrx_word' id='word_1_286' title='bbox 708 4060 871 4125; x_wconf 91' lang='lat' dir='ltr'>hominem</span> <span class='ocrx_word' id='word_1_287' title='bbox 890 4062 924 4124; x_wconf 91' lang='lat' dir='ltr'>in</span> <span class='ocrx_word' id='word_1_288' title='bbox 943 4061 1042 4124; x_wconf 92' lang='lat' dir='ltr'>rebus</span> <span class='ocrx_word' id='word_1_289' title='bbox 1062 4060 1175 4125; x_wconf 89' lang='lat' dir='ltr'>aulicis</span> <span class='ocrx_word' id='word_1_290' title='bbox 1194 4083 1315 4126; x_wconf 86' lang='lat' dir='ltr'>novum</span> <span class='ocrx_word' id='word_1_291' title='bbox 1335 4070 1368 4125; x_wconf 90' lang='lat' dir='ltr'>et</span> <span class='ocrx_word' id='word_1_292' title='bbox 1387 4061 1574 4147; x_wconf 88' lang='lat' dir='ltr'>spectaculo</span> 
     </span>
    </p>
   </div>
   <div class='ocr_carea' id='block_1_6' title="bbox 281 4306 1574 4462">
    <p class='ocr_par' dir='ltr' id='par_1_8' title="bbox 281 4306 1574 4462">
     <span class='ocr_line' id='line_1_30' title="bbox 283 4306 1413 4374; baseline 0.001 -17"><span class='ocrx_word' id='word_1_293' title='bbox 283 4307 302 4370; x_wconf 83' lang='lat'>¹)</span> <span class='ocrx_word' id='word_1_294' title='bbox 322 4306 361 4357; x_wconf 80' lang='lat' dir='ltr'>Cf.</span> <span class='ocrx_word' id='word_1_295' title='bbox 380 4306 631 4372; x_wconf 85' lang='lat' dir='ltr'>praefatiunculam,</span> <span class='ocrx_word' id='word_1_296' title='bbox 649 4322 730 4372; x_wconf 88' lang='lat' dir='ltr'>quam</span> <span class='ocrx_word' id='word_1_297' title='bbox 749 4306 878 4357; x_wconf 86' lang='lat' dir='ltr'>Octaviae</span> <span class='ocrx_word' id='word_1_298' title='bbox 896 4308 1032 4373; x_wconf 89' lang='lat' dir='ltr'>praemisit</span> <span class='ocrx_word' id='word_1_299' title='bbox 1049 4308 1077 4357; x_wconf 92' lang='lat' dir='ltr'>II</span> <span class='ocrx_word' id='word_1_300' title='bbox 1095 4310 1145 4358; x_wconf 83' lang='lat'>339</span> <span class='ocrx_word' id='word_1_301' title='bbox 1156 4325 1211 4374; x_wconf 86' lang='lat' dir='ltr'>sqq.</span> <span class='ocrx_word' id='word_1_302' title='bbox 1411 4346 1413 4349; x_wconf 86' lang='lat'>-</span> 
     </span>
     <span class='ocr_line' id='line_1_31' title="bbox 281 4393 1574 4462; baseline 0.002 -19"><span class='ocrx_word' id='word_1_303' title='bbox 281 4393 302 4459; x_wconf 84' lang='lat'>²)</span> <span class='ocrx_word' id='word_1_304' title='bbox 322 4393 361 4443; x_wconf 82' lang='lat' dir='ltr'>cf.</span> <span class='ocrx_word' id='word_1_305' title='bbox 380 4395 497 4444; x_wconf 86' lang='lat' dir='ltr'>Hermae</span> <span class='ocrx_word' id='word_1_306' title='bbox 515 4395 540 4442; x_wconf 88' lang='lat' dir='ltr'>X</span> <span class='ocrx_word' id='word_1_307' title='bbox 558 4396 609 4444; x_wconf 86' lang='lat'>430</span> <span class='ocrx_word' id='word_1_308' title='bbox 627 4394 688 4443; x_wconf 86' lang='lat' dir='ltr'>adn.</span> <span class='ocrx_word' id='word_1_309' title='bbox 709 4397 730 4443; x_wconf 92' lang='lat'>1.</span> <span class='ocrx_word' id='word_1_310' title='bbox 761 4395 868 4444; x_wconf 87' lang='lat' dir='ltr'>adicere</span> <span class='ocrx_word' id='word_1_311' title='bbox 889 4400 994 4460; x_wconf 88' lang='lat' dir='ltr'>poterat</span> <span class='ocrx_word' id='word_1_312' title='bbox 1012 4396 1068 4446; x_wconf 89' lang='lat' dir='ltr'>Leo</span> <span class='ocrx_word' id='word_1_313' title='bbox 1086 4396 1131 4445; x_wconf 85' lang='lat' dir='ltr'>Hf.</span> <span class='ocrx_word' id='word_1_314' title='bbox 1151 4397 1210 4458; x_wconf 85' lang='lat'>814,</span> <span class='ocrx_word' id='word_1_315' title='bbox 1239 4396 1285 4447; x_wconf 90' lang='lat' dir='ltr'>ubi</span> <span class='ocrx_word' id='word_1_316' title='bbox 1304 4412 1351 4462; x_wconf 91' lang='lat' dir='ltr'>pro</span> <span class='ocrx_word' id='word_1_317' title='bbox 1370 4397 1477 4459; x_wconf 79' lang='lat' dir='ltr'>bmw(r),</span> <span class='ocrx_word' id='word_1_318' title='bbox 1502 4395 1574 4461; x_wconf 87' lang='lat' dir='ltr'>quod</span> 
     </span>
    </p>
   </div>
   <div class='ocr_carea' id='block_1_7' title="bbox 177 4480 855 4635">
    <p class='ocr_par' dir='ltr' id='par_1_9' title="bbox 177 4480 855 4635">
     <span class='ocr_line' id='line_1_32' title="bbox 177 4480 855 4546; baseline -0.004 -13"><span class='ocrx_word' id='word_1_319' title='bbox 177 4482 206 4533; x_wconf 84' lang='lat' dir='ltr'>in</span> <span class='ocrx_word' id='word_1_320' title='bbox 224 4480 361 4532; x_wconf 87' lang='lat' dir='ltr'>codicibus</span> <span class='ocrx_word' id='word_1_321' title='bbox 379 4485 461 4542; x_wconf 84' lang='lat' dir='ltr'>extat,</span> <span class='ocrx_word' id='word_1_322' title='bbox 480 4480 631 4531; x_wconf 87' lang='lat' dir='ltr'>Buecheler</span> <span class='ocrx_word' id='word_1_323' title='bbox 647 4497 724 4530; x_wconf 80' lang='lat' dir='ltr'>nouos</span> <span class='ocrx_word' id='word_1_324' title='bbox 742 4482 855 4546; x_wconf 88' lang='lat' dir='ltr'>scripsit.</span> 
     </span>
     <span class='ocr_line' id='line_1_33' title="bbox 282 4568 655 4635; baseline -0.011 -15"><span class='ocrx_word' id='word_1_325' title='bbox 282 4569 304 4635; x_wconf 80' lang='grc'>3)</span> <span class='ocrx_word' id='word_1_326' title='bbox 323 4568 363 4619; x_wconf 84' lang='lat' dir='ltr'>cf.</span> <span class='ocrx_word' id='word_1_327' title='bbox 382 4569 457 4618; x_wconf 90' lang='lat' dir='ltr'>Misc.</span> <span class='ocrx_word' id='word_1_328' title='bbox 477 4570 532 4617; x_wconf 88' lang='lat' dir='ltr'>crit.</span> <span class='ocrx_word' id='word_1_329' title='bbox 552 4586 576 4633; x_wconf 93' lang='lat' dir='ltr'>p.</span> <span class='ocrx_word' id='word_1_330' title='bbox 599 4569 655 4617; x_wconf 74' lang='grc'>116.</span> 
     </span>
    </p>
   </div>
   <div class='ocr_carea' id='block_1_8' title="bbox 0 0 1700 5061">
    <p class='ocr_par' dir='ltr' id='par_1_10' title="bbox 0 0 1700 5061">
     <span class='ocr_line' id='line_1_34' title="bbox 0 0 1700 5061; baseline 0 0"><span class='ocrx_word' id='word_1_331' title='bbox 0 0 1700 5061; x_wconf 95' lang='lat' dir='ltr'> </span> 
     </span>
    </p>
   </div>
  </div>
 </body>
</html>
