3392 5067
168 234 228 297 184

166 427 359 491 indicativus
383 426 500 509 legitur
522 435 618 509 atque
642 446 707 487 non
731 422 832 487 solum
855 432 927 507 post
947 424 994 506 δ’ς,
1016 446 1035 485 a
1055 446 1117 508 quo
1138 426 1327 509 pronomine
1348 448 1426 488 usus
1449 447 1560 489 earum

166 532 342 596 formarum
369 529 504 594 voculae
532 528 559 609 δ,
589 550 725 613 quarum
759 529 865 612 prima
897 527 1004 591 littera
1030 552 1049 591 τ
1075 536 1137 609 est,
1172 551 1236 593 non
1266 529 1383 609 differt,
1415 538 1447 593 et
1476 532 1560 611 δ’στε,

167 660 241 701 eum
264 637 345 699 haee
368 634 529 699 voeabuia
556 654 684 718 semper
705 633 774 697 fere
802 632 844 695 ad
868 641 956 695 eerta
979 632 1138 716 quaedam
1162 636 1300 718 nomina,
1325 656 1408 719 quae
1431 657 1561 699 accura-

165 743 228 804 tius
263 741 468 821 definiuntur,
503 737 694 817 referantur,
731 737 787 800 sed
822 738 919 800 etiam
953 746 1024 821 post
1058 737 1159 814 ὅστις,
1193 737 1280 822 quod
1310 741 1344 801 in
1374 741 1558 803 universum

167 846 289 909 dietum
321 853 377 907 est.
429 843 469 907 de
504 842 635 927 singulis
667 863 743 905 vero
778 841 856 905 loeis
889 840 971 904 haee
1005 863 1087 926 quae
1122 841 1316 906 adnotentur
1345 842 1444 926 digna
1476 853 1559 907 sunt.

167 947 316 1033 Xenoph.
341 947 428 1030 2,17
453 946 526 1013 οὐδὲ
548 949 606 1030 μὲν
628 946 657 1010 εἰ
679 954 829 1033 ταχυτῆτι
851 946 971 1025 ποδῶν,
994 952 1032 1010 τό
1054 943 1116 1029 πέρ
1130 946 1201 1009 ἐστι
1224 948 1390 1032 πρότιμον,
1415 947 1560 1032 Theogn.

168 1052 230 1116 859
253 1054 290 1139 ἢν
313 1051 349 1117 δέ
370 1050 403 1117 τί
425 1050 481 1136 μοί
504 1056 612 1117 ποθεν
634 1050 764 1133 ἐσθλόν,
788 1050 808 1113 δ
831 1053 972 1133 παοράκι
994 1047 1110 1132 γίνεται
1134 1048 1235 1136 ἀνδρί,
1263 1049 1341 1114 ibid.
1366 1050 1429 1115 909
1457 1059 1510 1115 νῦν
1532 1048 1561 1117 δ’

167 1160 224 1221 οὐκ
245 1152 341 1237 ἔστιν,
366 1155 383 1221 δ
409 1157 446 1241 δη
469 1153 524 1221 καί
546 1152 619 1238 ἐμοὶ
647 1152 726 1239 μέγα
754 1152 879 1232 πένθος
906 1153 1021 1239 δ’ρωρεν
1055 1156 1221 1217 enuntiata
1253 1154 1389 1219 relativa
1422 1178 1486 1219 non
1519 1156 1562 1220 ad

169 1259 293 1343 singula
317 1261 427 1341 verba,
452 1260 509 1322 sed
533 1259 574 1321 ad
598 1268 698 1322 totam
723 1260 915 1322 sententiam
941 1259 1111 1342 pertinent.
1158 1279 1252 1343 porro
1274 1258 1419 1342 Theogn.
1443 1259 1560 1346 237εη.

169 1364 221 1430 σοί
246 1368 303 1448 μὲν
331 1360 391 1449 ἐγὼ
418 1358 510 1449 πτέρ)
530 1359 650 1439 ἔδωκα,
680 1369 736 1426 σὺν
764 1352 812 1439 οἷς
839 1357 893 1425 ἐπ)
912 1360 1068 1447 ἀπείρονα
1094 1364 1214 1428 πόντον
1238 1363 1242 1448 Ι
1266 1368 1399 1453 πωτηση
1428 1364 1483 1431 καί
1508 1375 1564 1452 γῆν

168 1478 276 1536 πᾶσαν
308 1472 493 1554 ἀειράμενος
529 1470 577 1531 vis
612 1466 717 1529 finalis
752 1468 844 1546 inest,
882 1488 978 1550 saepe
1015 1468 1062 1529 vis
1091 1469 1313 1549 consecutiva,
1352 1469 1453 1533 veluti
1483 1470 1561 1534 ibid.

171 1575 232 1638 163
249 1598 296 1660 sq.
324 1572 406 1639 εἰσίν
429 1568 468 1656 δ’,
494 1570 529 1638 οἳ
551 1572 651 1660 βουλῇ
678 1566 708 1635 τ’
723 1575 833 1656 ἀγαθῇ
860 1569 914 1635 καὶ
941 1568 1068 1656 δαίμονι
1092 1571 1186 1658 δειλῷ
1213 1572 1217 1657 ί
1246 1572 1451 1656 μοχθίζοοσι,
1474 1572 1564 1653 τέλος

170 1673 199 1744 δ’
215 1674 364 1764 ἔργμασιν
387 1681 443 1757 οὐχ
465 1676 587 1757 ἕπεται,
619 1697 681 1760 quo
710 1698 772 1739 uno
796 1676 867 1740 loeo
894 1673 974 1740 εἰσίν
1000 1676 1045 1738 ita
1073 1686 1257 1759 usurpatur,
1287 1687 1323 1740 ut
1353 1700 1470 1742 nomen
1500 1702 1561 1743 non

170 1783 320 1865 ascedat,
348 1781 521 1866 multisque
558 1781 627 1844 aliis
657 1780 735 1845 loeis
766 1780 955 1866 plerumque
986 1780 1031 1841 ita
1061 1782 1269 1865 comparatis,
1300 1792 1335 1845 ut
1365 1785 1564 1847 enuntiatum

170 1889 360 1972 primarium
391 1888 431 1950 sit
461 1888 664 1969 negativum3
701 1884 741 1947 ef.
771 1906 822 1949 ex.
845 1905 893 1967 gr.
917 1883 1061 1967 Theogn.
1084 1883 1149 1947 415
1160 1906 1205 1968 sq.
1237 1880 1338 1951 οὐδέν’
1358 1886 1469 1971 ὁμοῖον
1491 1886 1565 1971 ἐμοὶ

172 1993 309 2076 δύναμαι
332 1990 498 2077 διζήμενος
520 1993 619 2074 εὑρεῖν
639 1989 643 2073 ί
663 1992 780 2053 πιστὸν
801 1988 936 2073 ἑταῖρον,
961 1989 1024 2075 δ’τῳ
1046 1990 1161 2077 μήτις
1184 1986 1287 2055 ἔνεστι
1310 1990 1416 2071 δόλος,
1444 1990 1508 2055 430
1516 2014 1563 2076 sq.

172 2094 275 2174 οὐδείς
290 2120 343 2161 πω
366 2098 462 2160 τοῦτό
478 2089 506 2179 γ’
522 2095 738 2180 ἐπεφράσατο,
760 2093 763 2178 ί
784 2089 875 2182 ᾧτις
896 2089 1034 2179 σώςορον1
1050 2090 1147 2180 ἔθηκε
1170 2098 1226 2158 τὸν
1241 2096 1364 2181 δίφρονα
1386 2099 1446 2161 κάκ
1467 2108 1565 2161 κακοῦ

64 2212 67 2218 ’
171 2202 300 2267 ἐσθλόν.

276 2305 324 2368 Ea
359 2314 468 2367 autem
503 2305 669 2367 enuntiata
703 2303 854 2386 relativa,
890 2305 922 2365 in
956 2303 1074 2387 quibus
1109 2305 1333 2367 eoniunetivus
1367 2305 1494 2387 legitur,
1528 2306 1566 2366 iis

173 2410 345 2474 enuntiatis
370 2407 654 2489 condicionalibus,
675 2409 707 2471 in
732 2407 850 2493 quibus
872 2408 903 2472 εἰ
918 2407 970 2470 vel
993 2409 1031 2494 ἦν
1047 2431 1119 2472 eum
1144 2410 1347 2472 coniunctivo
1371 2410 1566 2492 coniungun-

172 2524 233 2595 tur,
269 2512 475 2597 respondent.
522 2512 608 2597 quod
643 2514 763 2597 optime
794 2534 836 2575 ex
870 2511 920 2575 his
954 2511 1033 2576 loeis
1064 2512 1213 2597 adparet:
1243 2512 1335 2597 Tyrt.
1367 2513 1416 2593 12,
1447 2511 1486 2575 15
1497 2534 1565 2598 sqq.

174 2617 242 2703 (vv.
261 2616 301 2680 15
318 2626 349 2679 et
368 2616 407 2680 16
427 2618 556 2701 repetiti
573 2626 647 2680 sunt
668 2616 822 2706 Theogn'
833 2615 917 2685 1007),
933 2615 995 2703 sq.)
1018 2614 1109 2693 ξονδν
1125 2613 1154 2681 δ’
1169 2617 1289 2682 ίσθλδν
1303 2627 1397 2682 τοῦτο
1413 2615 1512 2705 πάληί
1533 2642 1568 2681 τε

173 2719 272 2787 παντί
293 2745 327 2786 τε
351 2722 450 2808 δήμῳ,
472 2722 476 2801 ί
496 2722 585 2805 ὅστις
607 2725 683 2809 ἀνὴρ
707 2722 822 2803 διαβὰς
845 2722 879 2785 ἐν
901 2725 1098 2808 προμάχοισι
1120 2719 1197 2811 με’νη
1217 2720 1222 2807 Ι
1242 2720 1412 2806 νωλεμέως,
1435 2724 1568 2808 αἰσχράς

174 2828 208 2892 δὲ
239 2836 351 2915 φυγῆς·
368 2824 424 2891 ἐπί
453 2829 557 2909 πάγχυ
588 2826 740 2913 λάθηται,
776 2824 922 2909 Theogn.
955 2825 1017 2888 609
1052 2823 1125 2891 οὐδέ
1150 2850 1181 2890 τι
1214 2827 1319 2907 καλόν,
1354 2824 1417 2912 ὅτῳ
1446 2826 1569 2911 ψεῦδος

173 2939 397 3018 προσομαρτῇ,
433 2929 494 2992 743
509 2951 578 3013 sqq.
613 2928 667 2994 καί
697 2926 792 3009 τοῦτ’,
824 2933 998 3003 ἀθανάτων
1027 2930 1169 3012 βασιλεῦ,
1202 2939 1273 3008 πῶς
1300 2930 1370 2993 ἐστι
1404 2927 1566 3013 δίκαιον,ί

174 3032 270 3121 ἔργων
290 3036 378 3112 ὅστις
400 3037 476 3119 ἀνὴρ
499 3035 589 3112 ἑκτδς
610 3034 671 3099 ἐὼν
693 3032 822 3114 ἀδίκων,
844 3035 847 3119 ί
868 3039 911 3121 μή
931 3030 991 3098 τιν’
1005 3032 1203 3119 ὑπερβασίην
1223 3032 1363 3115 κατέχων
1384 3030 1461 3122 μηδ’
1476 3035 1569 3120 δ’ρκον

173 3140 310 3224 ἀλιτρόν,
332 3138 335 3222 ί
356 3138 437 3202 ἀλλὰ
465 3136 589 3216 δίκαιος
615 3138 675 3203 ἐὼν
702 3144 744 3225 μὴ
771 3144 810 3203 τὰ
835 3137 944 3203 δίκαια
967 3143 1075 3227 πάθης
1110 3137 1227 3222 quibus
1257 3137 1335 3201 loeis
1365 3136 1454 3216 ὅστις
1483 3138 1569 3201 idem

174 3242 261 3305 valet
276 3252 372 3325 atque
395 3241 428 3306 εἴ
446 3266 503 3320 τις.
536 3251 570 3305 ut
585 3252 694 3306 autem
711 3264 806 3328 saepe
823 3245 989 3306 enuntiata
1005 3242 1238 3306 condicionalis
1254 3243 1412 3327 particula
1427 3245 1467 3308 άν
1484 3241 1566 3327 (κέν)

176 3370 286 3411 carere
301 3345 451 3427 vidimus,
476 3348 520 3410 ita
544 3348 576 3410 in
601 3348 757 3410 eiusmodi
782 3348 955 3410 enuntiatis
977 3346 1120 3409 relativis
1144 3348 1262 3429 passim
1287 3345 1371 3409 solus
1395 3349 1568 3410 coniuncti·

175 3473 236 3514 vus
266 3460 356 3515 extat
387 3453 478 3536 isque
510 3450 658 3515 omnibus
690 3450 782 3530 loeis,
812 3448 930 3534 quibus
957 3448 1032 3515 ὅστε
1058 3450 1176 3532 legitur
1206 3449 1366 3535 (Theogn.
1398 3451 1472 3533 466,
1498 3450 1569 3534 737,

175 3555 261 3638 396),
288 3564 361 3639 post
384 3556 418 3634 ὅς
446 3554 508 3619 Sol.
537 3555 585 3635 13,
609 3555 629 3616 9
653 3562 685 3617 et
718 3554 754 3616 11
787 3563 819 3617 et
849 3554 900 3631 55,
932 3553 1076 3637 Theogn.
1101 3553 1174 3636 296,
1207 3554 1280 3637 973,
1311 3554 1385 3637 406,
1414 3578 1477 3641 quo
1499 3554 1569 3617 loeo

175 3669 329 3742 extremo,
361 3662 415 3743 qui
447 3668 494 3722 est
524 3657 579 3723 καί
608 3653 640 3723 ολ
670 3654 768 3745 ἔθηκε
798 3659 912 3739 δοκεῖν,
943 3658 964 3723 δ
988 3658 1046 3742 μὲν
1074 3656 1207 3746 ᾗκακά,
1238 3655 1328 3724 ταῦτ’
1347 3654 1445 3743 ἀγάθ’
1460 3651 1567 3742 εἶναιῐ

175 3761 340 3848 εὐμαρέως,
373 3760 493 3829 ἀδάν
524 3761 543 3849 ᾖ
573 3767 720 3850 χρήσιμα,
751 3773 851 3828 ταῦτα
881 3768 971 3845 κακά,
1005 3765 1105 3827 oratio
1129 3764 1243 3844 variat,
1275 3773 1347 3848 post
1376 3764 1394 3828 ὁ
1424 3761 1568 3845 Theogn.

176 3867 249 3947 216,
279 3877 352 3951 post
382 3868 470 3946 δστις
499 3868 591 3952 Tyrt.
624 3868 672 3945 12,
708 3868 747 3931 16
775 3878 807 3931 et
832 3868 870 3931 17
903 3878 935 3931 et
957 3868 1009 3952 34,
1041 3868 1104 3934 Sol.
1131 3868 1180 3949 13,
1204 3867 1245 3931 28
1276 3877 1308 3931 et
1338 3867 1389 3949 37,
1425 3867 1567 3949 Theogn.

178 3972 238 4035 153
248 3994 294 4056 sq.
318 3970 418 4037 τίκτει
433 3997 483 4038 τοι
507 3974 600 4057 κάρος
621 3976 721 4058 ὕβριν,
745 3970 822 4037 ὅταν
844 3983 931 4062 κακῷ
954 3972 1050 4056 δλβος
1072 3970 1188 4060 ἕπηται
1209 3975 1212 4058 ί
1233 3975 1407 4059 ἀνθρώπῳ,
1430 3971 1486 4036 καί
1507 3972 1570 4057 deq>

175 4082 217 4162 μη
245 4078 316 4154 νόος
344 4076 451 4163 ἀρτιος
473 4074 505 4164 ᾖ,
535 4076 607 4156 669,
633 4076 706 4157 746,
733 4077 826 4159 1014,
852 4077 945 4159 1086,
977 4080 1031 4162 qui
1060 4099 1173 4141 versus
1204 4076 1285 4140 1238
1317 4078 1483 4160 repetitur.
1528 4074 1571 4139 ad

177 4202 255 4264 quos
286 4179 373 4243 locos
406 4180 552 4263 Theogn.
585 4180 649 4243 270
691 4178 773 4247 ἔνθα
808 4206 870 4267 περ
903 4179 923 4269 ἦ
957 4191 989 4244 et
1022 4180 1086 4244 922
1119 4183 1202 4246 δ’που
1232 4176 1292 4245 τιν’
1317 4179 1371 4270 λ’δη
1400 4179 1569 4244 aeeedunt.

177 4295 288 4348 eontra
311 4286 350 4347 ἀν
376 4294 449 4347 ante
474 4284 695 4368 Theognidem
725 4285 856 4370 quidem
882 4295 1007 4349 tantum
1035 4285 1133 4350 Phoe.
1158 4285 1187 4364 6,
1212 4285 1232 4347 2
1256 4280 1343 4370 (doo'
1363 4283 1414 4374 ἀν)
1445 4283 1570 4367 legitur,

177 4387 264 4471 apud
292 4387 517 4472 Theognidem
539 4391 644 4474 ipsum
669 4412 742 4452 eum
764 4390 879 4453 vocula
902 4390 936 4468 δς
958 4389 1032 4473 406,
1055 4388 1129 4472 479,
1162 4411 1236 4452 eum
1259 4386 1375 4452 vocula
1397 4385 1486 4466 ὅστις
1507 4386 1572 4450 469

177 4492 391 4575 coniungitur,
431 4496 573 4578 itemque
609 4492 662 4559 κέν
695 4504 820 4558 tantum
859 4494 951 4579 Tyrt.
986 4493 1035 4575 10,
1071 4494 1088 4554 7
1125 4494 1173 4578 (δς
1203 4491 1269 4577 κεν)
1300 4501 1374 4555 ante
1413 4492 1573 4573 Theogni-

178 4594 252 4659 dem
281 4606 381 4679 extat,
412 4598 444 4660 in
473 4598 672 4683 Theognidis
703 4598 821 4682 elegeis
849 4598 900 4682 96,
929 4596 1003 4679 300,
1031 4596 1104 4678 633,
1133 4596 1195 4658 919
1218 4596 1400 4681 pronomini
1426 4597 1473 4678 δ’ς,
1508 4595 1572 4659 808
