3392 5067
1456 205 1518 269 885
1545 171 1546 174 ‘

227 391 344 475 Itaque
375 391 585 455 fundamento
616 388 801 455 substructo
830 394 895 456 iam
925 392 968 456 ad
996 393 1137 477 singulos
1167 416 1280 458 versus
1303 416 1521 481 versuumque

126 495 227 580 pedes
250 494 457 558 illustrandos
480 494 767 578 transgrediamur.

658 739 691 807 Ι.
728 740 781 807 08
804 741 990 826 spondeis.

228 878 381 964 spondei,
414 900 495 965 quos
524 881 705 944 trimetrum
734 879 911 944 iambicum
941 883 1086 966 recipere
1117 884 1150 945 in
1182 881 1313 946 sedibus
1344 881 1522 968 imparibus

124 1004 206 1066 quas
229 983 375 1064 dicimus,
408 985 523 1067 prima,
557 986 660 1065 tertia,
691 986 813 1069 quinta,
845 995 896 1048 sat
919 996 1030 1050 notum
1053 996 1111 1068 est,
1134 986 1222 1070 apud
1246 997 1366 1072 poetas,
1392 987 1432 1050 de
1456 988 1522 1072 qui·

123 1085 186 1149 bus
209 1087 344 1170 agimus,
369 1086 431 1150 hoc
454 1087 619 1168 schemate
642 1097 775 1173 possunt
796 1087 966 1153 illustrari:

215 1284 308 1328 extant
326 1280 438 1344 spondei

293 1367 364 1432 apud

153 1531 335 1597 Antiphanem
366 1572 510 1583 .....
569 1533 707 1600 458588
740 1481 748 1582 l
778 1536 839 1584 584
900 1535 1037 1592 485518
1108 1537 1167 1584 588
1230 1531 1367 1602 448588
1438 1535 1496 1584 588
1555 1529 1611 1601 pra

153 1619 369 1670 Anaxandridem
402 1660 407 1669 .
587 1612 706 1686 8558
778 1623 837 1669 588
919 1619 1036 1686 5851
1109 1623 1168 1670 518
1248 1619 1367 1686 8854
1437 1623 1497 1672 584
1558 1621 1618 1680 585

153 1705 291 1755 ausurum
298 1745 510 1757 .......
572 1705 706 1774 188518
778 1710 837 1756 514
903 1705 1037 1774 18858
1109 1710 1168 1758 558
1232 1706 1367 1774 15858
1437 1709 1496 1757 455
1553 1718 1630 1778 aas·

153 1792 294 1842 alensem
332 1831 510 1843 ......
569 1794 707 1859 458588
777 1794 836 1842 588
901 1793 1037 1860 518518
1109 1797 1142 1844 55
1230 1791 1367 1862 488585
1438 1795 1471 1842 58
1555 1803 1619 1868 054

154 1880 303 1930 Timonem
332 1919 510 1930 ......
587 1879 706 1947 5855
777 1882 810 1928 45
917 1879 1037 1948 8858
1109 1884 1141 1930 51
1249 1880 1366 1949 5858
1438 1882 1496 1930 481
1559 1865 1619 1960 555

154 1968 510 2031 55881815588511..
568 1965 706 2031 455588
778 1969 834 2016 481
899 1967 1036 2035 485515
1108 1969 1167 2017 518
1230 1966 1368 2034 441588
1438 1968 1497 2016 458
1552 1979 1622 2042 pag

155 2054 341 2103 Philemonem
365 2092 509 2104 .....
570 2051 706 2120 88555
778 2056 810 2102 41
900 2053 1036 2122 88855
1109 2057 1141 2103 48
1230 2050 1367 2121 85854
1438 2055 1497 2103 455
1550 2065 1614 2142 &pp

155 2141 295 2214 niphoum
331 2179 510 2191 ......
571 2138 707 2207 15854
778 2142 836 2188 488
903 2139 1036 2208 15858
1108 2144 1141 2191 58
1231 2137 1366 2208 14855
1438 2142 1497 2189 458
1549 2161 1616 2216 m

154 2228 332 2277 Menandrum
366 2266 509 2278 .....
571 2226 704 2295 705541
777 2228 810 2275 48
899 2227 1036 2295 810544
1108 2228 1167 2276 554
1231 2226 1367 2296 790559
1438 2229 1472 2275 54
1537 2250 1618 2297 ,iffi

155 2322 225 2380 poet.
245 2316 309 2364 min.
329 2331 390 2364 nov.
409 2330 510 2365 8818..
570 2313 706 2380 365510
777 2317 837 2362 414
899 2311 1036 2380 45055
1107 2316 1167 2364 sou
1229 2313 1366 2382 47250
1438 2316 1497 2363 503
1560 2325 1628 2382 555

1522 2419 1549 2434 -Ι

126 2491 190 2553 qua
221 2492 263 2533 ex
294 2468 405 2533 tabula
435 2469 531 2533 facile
564 2491 740 2553 cognosces
770 2479 882 2554 poetas
913 2469 1055 2555 spondeo
1088 2469 1136 2533 his
1166 2471 1199 2533 in
1231 2471 1363 2534 sedibus
1395 2471 1523 2554 saepius
1545 2447 1635 2513 5,le

127 2594 202 2636 usos
226 2595 295 2637 esse
319 2596 415 2659 quam
438 2573 578 2658 pedibus
601 2573 711 2638 solutis
735 2584 768 2639 et
789 2574 905 2638 iambis
930 2575 1125 2656 summatim3
1150 2574 1236 2659 quod
1259 2596 1336 2638 num
1352 2577 1449 2638 miros
1464 2596 1522 2638 nos

126 2677 247 2740 habere
268 2677 395 2756 debeat,
415 2679 501 2742 infra
520 2679 712 2743 videbimus.
747 2679 858 2762 utique
879 2688 986 2741 autem
1005 2678 1182 2742 notandum
1202 2687 1250 2740 est
1269 2680 1372 2763 primo
1389 2679 1422 2741 in
1438 2678 1522 2763 pede

125 2782 306 2866 spondeum
326 2785 429 2867 magis
449 2786 618 2868 magisque
637 2805 772 2848 numero
794 2777 989 2863 decreuisse,
1015 2783 1100 2869 quod
1124 2805 1166 2844 ex
1186 2781 1248 2845 hac
1271 2781 1384 2846 tabula
1408 2782 1522 2863 elucet,

128 2909 201 2951 cum
225 2889 341 2951 ceteris
364 2888 442 2951 locis
463 2889 589 2952 numeri
610 2889 739 2953 omnino
759 2888 827 2951 fere
851 2888 912 2951 sibi
935 2897 1088 2952 constent.
1127 2887 1213 2970 quod
1233 2896 1269 2950 ut
1288 2887 1522 2971 intellegamus,

126 2993 267 3076 primum
291 2991 461 3056 videamus
485 2991 526 3056 de
547 2992 678 3073 iambis3
702 2991 800 3057 iambi
825 2992 976 3076 leguntur
999 2993 1032 3055 in
1055 2993 1199 3056 centenis
1223 2991 1386 3057 versibus:

157 3438 338 3502 Antiphanem
366 3476 511 3489 .....

156 3523 373 3575 Anaxaudridem
401 3566 407 3576 .
436 3566 441 3576 .
470 3565 476 3578 .
506 3566 511 3576 .

156 3611 293 3660 Eubulum
330 3652 511 3663 ......

156 3697 296 3748 Α181110881
333 3738 512 3750 ......

157 3785 304 3834 Timoclem
334 3825 512 3835 ......

157 3879 227 3939 poet.
248 3874 313 3921 min.
332 3873 401 3922 med.
421 3889 488 3921 com.
508 3911 512 3921 .

157 3960 343 4009 Philemonem
368 3997 512 4008 .....

157 4046 295 4111 Diphilum
335 4083 513 4095 ......

157 4134 335 4183 Menandrum
370 4170 513 4182 .....

157 4226 228 4286 poet.
247 4222 311 4270 min.
331 4236 391 4270 nov.
412 4236 478 4269 com.
508 4256 514 4267 .

234 4414 253 4477 ¹)
274 4415 417 4462 Brevitatis
440 4428 521 4462 causa
543 4414 620 4477 signo
644 4410 691 4460 illo
714 4412 853 4461 notissimo
879 4409 910 4477 ll„
933 4412 974 4459 uti
996 4410 1062 4459 mihi
1086 4409 1175 4472 liceat,
1202 4411 1249 4459 ubi
1271 4408 1443 4458 indicandum
1467 4409 1526 4472 erit,

129 4501 252 4565 quotiens
271 4514 395 4564 quaeque
413 4500 499 4550 forma
517 4501 545 4549 in
564 4501 686 4549 centenis
708 4499 829 4548 versibus
851 4503 984 4561 recurrat3
1007 4497 1083 4564 signo
1105 4494 1139 4560 5
1161 4512 1253 4547 eorum
1276 4496 1453 4562 spondeorum
1477 4511 1525 4544 nu·

129 4602 215 4637 meros
233 4586 352 4650 adiunxi,
371 4589 417 4652 qui
436 4587 551 4637 redeunt
569 4603 602 4637 ex
621 4586 742 4635 versibus
761 4585 870 4634 mutilis.
1427 4573 1430 4579 ¹
