3392 5067
1428 245 1499 308 ’43

96 433 160 495 tior
187 432 287 495 Iuliae
313 433 461 495 1111111111
488 432 712 497 obversabatur
738 458 758 497 a
788 433 925 498 Claudio
947 436 1069 521 pulsae.
1115 459 1178 522 quo
1201 436 1271 501 loco
1295 436 1417 502 clarum
1440 444 1497 521 est,

95 545 171 599 utra
194 535 277 601 Iulia
298 536 518 620 intellegenda
541 540 594 621 sit,
625 539 735 603 verbis
759 542 844 604 enim
867 563 888 602 a
913 540 1181 626 claudiopoleos
1204 541 1391 607 Germanici
1413 542 1497 605 filiae

95 640 237 704 alterum
264 641 398 705 exilium
429 643 586 726 tangitur3
622 666 697 708 nam
728 645 869 729 primum
896 666 917 708 a
944 643 1092 729 Caligula
1121 669 1187 710 una
1213 668 1288 710 cnm
1315 645 1498 731 Agrippina

96 766 218 827 sorore,
234 746 371 810 Neronis
387 756 500 829 matre,
524 748 558 810 in
574 748 704 811 Pontias
720 747 841 811 insulas
862 748 1006 831 relegata
1027 749 1115 836 est‚¹)
1139 750 1226 814 unde
1250 749 1404 815 Claudius
1426 772 1498 842 eam

95 848 303 935 revocavit.²)
348 872 408 935 per
431 872 465 913 se
488 859 589 935 patet,
614 874 672 915 cur
687 851 891 937 Agrippinae
916 852 1103 917 Germanici
1125 856 1236 918 uxoris
1259 864 1291 919 et
1313 855 1398 919 filiae
1419 858 1507 934 eius,¹

96 953 212 1037 Iuliae,
240 954 329 1039 apud
352 954 503 1019 Tacitum
530 958 650 1020 mentio
678 956 749 1021 fiat:
782 978 901 1042 nempe
932 958 1008 1042 quia
1037 980 1142 1044 acque
1172 968 1270 1044 atque
1298 958 1436 1023 Octavia
1464 960 1498 1023 in

97 1057 233 1122 exilium
256 1060 379 1123 eiectae
403 1069 485 1123 sunt.
531 1082 663 1146 prorsus
686 1061 778 1125 aliter
811 1070 930 1144 autem,
962 1064 1085 1127 utiam
1122 1062 1424 1148 demonstravimus,
1463 1066 1497 1130 in

97 1162 238 1226 Octavia
271 1185 324 1227 res
356 1186 390 1227 se
417 1163 526 1241 habet,
555 1164 612 1229 ubi
647 1187 712 1229 non
743 1187 854 1229 omnes
881 1166 1022 1231 feminae
1053 1166 1167 1244 domus
1202 1167 1320 1246 Iuliae,
1349 1190 1432 1253 quae
1465 1161 1498 1231 in

97 1266 232 1333 exilium
263 1268 375 1353 pulsae
404 1278 492 1351 sunt,
522 1268 855 1357 commemorantum)
906 1292 1013 1357 neque
1040 1270 1105 1335 ullo
1132 1272 1202 1336 iure
1225 1272 1360 1357 Vater⁴)
1388 1274 1498 1358 etqui

97 1395 173 1437 eum
197 1383 326 1437 secutus
350 1382 398 1437 cst
421 1374 566 1460 Braun5)
591 1383 771 1439 statuerunt
794 1374 836 1439 ab
861 1374 1018 1440 Octaviae
1041 1378 1198 1462 scriptore
1222 1378 1359 1442 eandem
1380 1377 1498 1441 Iuliam

97 1486 196 1562 atquc
224 1478 267 1542 ab
291 1478 404 1543 Tacito
433 1478 618 1563 significari,
647 1501 722 1544 cum
745 1480 895 1543 Tacitum
925 1480 979 1544 ille
1006 1482 1160 1546 imitando
1191 1483 1412 1567 expressisset.
1459 1504 1498 1545 ca

98 1584 185 1645 enim
209 1585 348 1667 quaein
372 1581 529 1647 Octaviae
549 1583 697 1648 versibus
721 1592 835 1648 extant
859 1584 945 1670 (post
967 1584 1065 1669 longa
1087 1595 1234 1671 tempora
1255 1587 1342 1650 ferro
1369 1608 1498 1650 caesam

99 1708 170 1750 esse
196 1686 313 1751 Iuliam
336 1687 423 1754 illam
447 1690 596 1773 quamvis
620 1690 752 1753 crimine
774 1687 876 1772 nullo)
901 1710 1049 1775 quaeque
1071 1692 1260 1777 rectissime,
1284 1700 1320 1755 ut
1346 1690 1497 1774 vidimus,

98 1791 187 1855 dicta
215 1794 404 1878 scriptorem
432 1793 572 1879 produnt
598 1802 707 1857 rerum
733 1792 861 1858 illarum
883 1796 1114 1880 peritissimum
1143 1796 1229 1860 nullo
1256 1805 1352 1881 pacto
1380 1817 1423 1858 ex
1444 1794 1497 1859 illo

98 1897 206 1961 Taciti
228 1896 299 1961 loco
323 1900 406 1963 sumi
429 1900 572 1983 potuisse
588 1899 796 1963 manifestum
820 1908 878 1963 est.
909 1921 985 1963 narn
1008 1902 1035 1965 si
1057 1902 1084 1963 is
1100 1900 1205 1964 Taciti
1227 1899 1334 1964 locum
1356 1900 1497 1984 legisset,

97 2000 202 2065 rerba
218 2004 286 2065 eius
308 2002 376 2065 sine
393 2001 492 2066 dubio
515 2002 599 2067 benc
622 2002 850 2085 intellexissem
872 2026 1005 2089 prorsus
1025 2006 1111 2068 enim
1133 2004 1324 2069 incredibile
1348 2014 1397 2069 est
1413 2027 1497 2082 eum,

98 2108 153 2190 qui
176 2108 209 2169 in
230 2114 296 2171 tam
319 2106 427 2173 multis
450 2107 548 2172 rebus
565 2109 684 2193 optime
701 2116 850 2173 versatus
874 2118 932 2190 est,
956 2131 1021 2173 non
1036 2108 1167 2191 vidisse,
1191 2109 1233 2173 ad
1256 2119 1363 2173 utram
1382 2108 1499 2174 Iuliam

97 2209 205 2274 Taciti
239 2210 343 2275 verba
378 2235 398 2274 o
437 2209 570 2275 Claudio
605 2213 716 2297 pulsae
750 2222 950 2299 spectarent,
985 2212 1071 2299 quod
1104 2215 1323 2298 unusquisque
1353 2222 1498 2277 nostrum

97 2316 202 2399 primo
240 2314 356 2380 obtutu
387 2319 561 2401 cognoscit.
621 2320 730 2403 itaque
762 2319 787 2382 si
819 2320 846 2381 is
877 2319 931 2403 qui
962 2317 1136 2381 Octaviam
1168 2318 1358 2403 conscripsit
1392 2318 1499 2381 Taciti
1525 2312 1528 2317 ’

97 2419 202 2484 verba
225 2420 365 2504 legisset,
390 2424 538 2486 scivisset
558 2426 655 2488 etiam
672 2445 710 2487 ea
725 2422 768 2487 ad
784 2422 972 2488 Germanici
995 2422 1094 2487 filiam
1116 2431 1275 2507 spectare,
1300 2432 1332 2486 et
1355 2424 1381 2486 si
1405 2422 1498 2486 Taci-

97 2532 166 2587 tum
183 2526 302 2589 imitari
311 2525 474 2609 voluisset,
491 2527 576 2592 hanc
592 2528 708 2591 Iuliam
717 2526 904 2592 Germanici
919 2527 1020 2591 filiam
1035 2538 1327 2609 commemorasset,
1340 2550 1404 2592 non
1420 2526 1496 2592 alte·

97 2651 178 2711 ram,
195 2631 286 2693 cuius
302 2631 390 2715 apud
405 2631 555 2696 Tacitum
570 2632 632 2696 hoc
647 2632 717 2697 loco
732 2632 822 2697 nulla
837 2632 874 2695 fit
889 2633 1019 2696 mentio.
1044 2632 1129 2695 adde
1146 2633 1232 2715 quod
1248 2632 1382 2696 Tacitus
1399 2631 1497 2695 diser-

97 2735 138 2796 tis
153 2733 265 2798 verbis
282 2734 361 2799 dicit
376 2737 432 2819 eis,
457 2737 511 2821 qui
528 2735 700 2801 Octaviam
716 2737 882 2821 vidissent,
907 2735 1109 2823 Agrippinae
1125 2746 1157 2799 et
1179 2736 1281 2800 Iuliae
1300 2738 1497 2800 mentionem

96 2840 251 2903 iniectam
275 2862 355 2905 esse.
388 2862 453 2905 non
476 2844 575 2925 igitur
597 2841 730 2905 Tacitus
754 2843 824 2926 ipse
847 2840 963 2905 harum
990 2840 1183 2905 feminarum
1209 2842 1410 2922 meminerat,
1439 2839 1497 2903 sed

97 2966 136 3007 eo
159 2952 317 3029 tempore,
342 2942 405 3030 quo
435 2945 574 3009 Octavia
598 2946 692 3010 domo
717 2945 868 3029 Augusta
890 2945 1028 3031 expulsa
1052 2954 1110 3026 est,
1134 2945 1256 3009 Romae
1278 2944 1423 3009 homines
1447 2966 1497 3008 ce-

97 3058 242 3112 terarum
270 3050 462 3113 feminarum
495 3049 641 3114 eiusdem
670 3050 784 3113 domus
812 3051 1037 3115 meminerant.
1093 3071 1199 3113 nonne
1233 3070 1310 3132 ergo
1339 3046 1497 3113 Octaviae

97 3154 237 3237 scriptor
267 3152 300 3216 id
324 3154 411 3238 quod
443 3156 477 3218 in
506 3156 649 3218 omnium
681 3164 788 3218 mente
811 3163 882 3218 erat
908 3157 978 3239 ipse
1010 3173 1263 3218 commemorare
1294 3154 1418 3239 potuit?
1464 3162 1498 3217 at

96 3259 225 3321 etiamsi
252 3280 287 3321 re
311 3278 388 3323 vera
419 3258 555 3323 caedem
577 3258 716 3323 feminac
747 3242 835 3343 apud
858 3268 1031 3344 utrumque
1055 3260 1245 3342 scriptorem
1270 3279 1497 3321 commemora·

95 3370 224 3443 rentur,
257 3361 291 3425 id
315 3362 401 3447 quod
424 3360 526 3427 Vater
549 3372 581 3426 11
604 3364 714 3427 Braun
737 3363 828 3447 falso,
860 3373 895 3427 ut
916 3364 1067 3439 vidimus,
1100 3371 1291 3443 statuerunt,
1321 3369 1430 3424 tamen
1455 3383 1498 3425 111

95 3465 160 3531 hac
184 3469 489 3532 commemoratione
512 3490 577 3531 11111
600 3478 788 3552 sequeretur
810 3490 910 3533 unum
933 3490 976 3531 ex
998 3467 1098 3532 altero
1120 3466 1277 3531 hausisse.
1311 3467 1421 3551 itaque
1444 3465 1497 3530 hic

95 3571 205 3635 Taciti
235 3571 339 3653 locus,›
366 3594 409 3635 ex
439 3593 502 3656 quo
533 3592 598 3635 uno
627 3573 693 3635 iam
716 3572 866 3636 concludi
897 3594 992 3658 posse
1021 3579 1176 3658 putarunt
1199 3570 1302 3635 Vater
1331 3579 1363 3633 11
1385 3569 1497 3633 Braun

96 3675 271 3741 Octaviam
293 3684 367 3759 post
388 3675 494 3739 Taciti
517 3675 662 3741 Annales
687 3678 904 3763 conscriptam
926 3699 1007 3758 esse,
1031 3698 1095 3740 non
1117 3673 1221 3739 solum
1243 3696 1355 3738 eorum
1378 3675 1498 3759 opinio-

95 3802 172 3845 nem
196 3804 259 3846 non
283 3780 461 3865 confirmat,
490 3780 547 3844 sed
570 3779 746 3845 clarissime
770 3780 910 3846 ostendit
938 3782 972 3844 in
995 3781 1057 3845 hac
1080 3778 1249 3864 tragoedia
1275 3778 1498 3863 componenda

95 3887 203 3950 Taciti
233 3883 408 3950 Annalium
430 3883 539 3969 libros,
564 3887 618 3969 qui
641 3884 683 3949 ad
705 3908 764 3949 nos
787 3895 1016 3970 pervenerunt,
1040 3885 1202 3951 adhibitos
1224 3906 1288 3948 non
1312 3904 1391 3947 esse.

204 4026 223 4092 ¹)
242 4026 282 4076 Of.
299 4026 379 4076 Dion.
393 4026 465 4076 Cass.
479 4026 582 4076 LVIIII
594 4029 617 4075 3:
637 4028 676 4085 τὰς
689 4023 789 4093 ἀδελφὰς
807 4024 883 4084 πάσας
895 4024 1024 4092 διαφθείρας
1043 4022 1065 4083 ἐς
1083 4029 1153 4090 νῆσον
1172 4023 1211 4083 τὰς
1229 4024 1272 4073 δύο
1290 4020 1433 4073 κατέκλεισεν
1452 4022 1498 4087 (ad

95 4130 119 4166 a.
139 4114 194 4179 37),
213 4112 316 4162 LVIHI
333 4114 365 4161 22
385 4110 424 4169 τάς
443 4128 468 4161 τε
485 4110 585 4179 ἀδελφὰς
605 4152 610 4161 .
631 4152 636 4161 .
657 4152 661 4161 .
681 4110 703 4171 ἐς
721 4110 760 4171 τὰς
779 4111 875 4171 Ilerdes
894 4110 978 4176 νήσους
997 4109 1103 4161 κατέθετο
1126 4112 1213 4175 (ada.
1232 4111 1286 4176 39),
1308 4110 1405 4159 deinde
1424 4109 1496 4160 Suet.

96 4200 154 4251 Cal.
169 4202 203 4248 24
223 4201 310 4261 1129,
329 4215 396 4265 quos
414 4199 488 4249 locos
506 4201 559 4249 iam
578 4216 657 4264 supra
676 4202 826 4250 citavimus.

204 4286 225 4351 ²)
245 4286 285 4335 cf.
304 4286 377 4336 locos
395 4288 448 4335 iam
468 4302 548 4351 supra
566 4288 670 4349 citatos,
690 4288 770 4337 Dion.
790 4287 864 4337 Oass.
883 4287 932 4336 LX
944 4289 972 4348 43
992 4286 1065 4335 Suet.
1085 4285 1203 4335 01159.

202 4372 223 4437 ³)
243 4373 330 4422 Iuliae
349 4374 420 4422 enim
439 4374 555 4438 Augusti
578 4373 650 4423 filiae
673 4376 701 4423 in
721 4374 832 4424 candem
851 4379 934 4438 atquc
953 4373 1067 4423 Octavia
1085 4372 1202 4422 insulam
1221 4371 1410 4422 Pandatariam
1429 4370 1496 4421 rele-

94 4465 177 4527 gatae
197 4458 242 4525 (cf.
256 4461 319 4510 Tac.
332 4459 400 4511 Ann.
420 4460 491 4525 153)
510 4461 587 4510 nulla
604 4461 635 4511 fit
652 4463 762 4512 mentio.

203 4546 224 4611 ⁴)
243 4546 282 4597 Of.
296 4564 322 4612 p.
335 4550 385 4598 659
400 4548 461 4597 adn.
475 4552 502 4596 et
519 4565 544 4613 p.
555 4550 613 4598 612.

204 4635 224 4699 5)
245 4634 284 4683 cf.
298 4652 322 4700 p.
336 4638 369 4684 46
388 4636 448 4684 adn.
463 4637 503 4685 26.
