3392 5067
184 209 248 273 242

182 401 244 465 hac
265 402 363 484 igitur
385 402 544 487 particula
567 402 675 486 capita
697 402 826 485 selecta,
851 404 1096 468 coniunctiones
1120 426 1201 489 quas
1224 403 1336 468 dicunt
1359 401 1580 467 subiunctivas

183 514 215 569 et
244 506 472 590 pronominum
502 528 606 591 usum,
637 507 785 570 tractavi.
824 527 915 592 ¹quae
945 515 1069 571 restant
1098 516 1135 571 ut
1164 528 1344 593 proponam
1370 507 1448 571 viris
1478 506 1580 572 doctis

183 608 354 695 diligenter
376 609 553 692 elaborata,
578 632 675 696 quam
698 608 930 675 studiosissime
954 611 1084 677 curabo.

287 712 582 798 Argonauticorum
614 713 810 778 editionibus
840 736 918 779 usus
950 737 1022 780 sum
1056 739 1076 779 a
1106 715 1305 781 Schneidero
1336 715 1468 802 (1803),
1500 717 1580 780 Her-

181 841 300 884 manno
324 817 448 906 (1805),
478 818 597 884 Abelio
625 818 740 905 (1885)
772 822 902 885 curatis.
949 820 1026 906 quid
1056 820 1097 884 de
1126 829 1219 885 textu
1251 819 1293 884 ab
1317 820 1434 885 Abelio
1465 822 1579 884 consti-

181 932 250 988 tuto
282 926 429 1006 sentiam,
463 924 596 1009 singulis
626 924 704 989 locis
734 924 901 990 indicandi
932 927 1059 991 occasio
1087 926 1164 991 data
1193 928 1262 990 erit.
1301 924 1389 1012 quod
1418 927 1581 1009 integrum

182 1027 235 1091 ille
258 1037 451 1114 apparatum
476 1030 623 1093 criticum
650 1029 762 1093 maiori
785 1028 918 1094 editioni
942 1032 1132 1113 reservavit,
1163 1051 1281 1116 magno
1305 1050 1402 1115 opere
1426 1051 1503 1093 sans
1526 1028 1580 1093 do-

182 1129 315 1197 lendum
343 1141 401 1213 est,
433 1134 623 1218 praesertim
651 1155 725 1198 cum
748 1154 785 1197 eo
815 1143 918 1198 morte
940 1135 1113 1199 immatura
1135 1134 1271 1220 abrepto
1300 1133 1397 1220 plane
1420 1135 1580 1198 incertum

181 1237 231 1317 sit,
260 1258 337 1300 num
362 1238 433 1321 quis
456 1238 557 1322 copiis
580 1236 622 1300 ab
646 1258 683 1301 eo
707 1236 851 1301 collectis
873 1260 950 1301 usus
973 1238 1146 1303 editionem
1173 1238 1261 1303 illam
1283 1237 1339 1301 diu
1362 1231 1580 1303 desideratam

181 1342 336 1425 proximis
360 1342 452 1405 annis
474 1341 679 1428 perfecturus
703 1343 752 1406 sit.
784 1364 802 1405 e
817 1341 1005 1406 melioribus
1021 1341 1189 1406 codicibus
1205 1380 1247 1391 -
1262 1341 1577 1429 R(ubnkenianum),

181 1444 485 1532 S(trahoviensem),
516 1445 755 1533 Vo(ssianum)‚
790 1445 1110 1533 V(ind0bonensem)
1141 1447 1213 1511 dieo
1251 1484 1292 1495 -
1324 1448 1419 1511 unius
1449 1445 1579 1511 Strabo-

181 1551 301 1613 viensis
324 1550 451 1614 collatio
482 1551 609 1634 integra
631 1549 753 1635 publici
777 1552 855 1615 iuris
877 1550 966 1615 facta
989 1562 1080 1615 esta
1103 1551 1139 1616 F.
1161 1550 1353 1615 Scbubertio
1376 1550 1473 1635 (Eine
1495 1572 1580 1615 neue

180 1654 365 1717 Handschr.
391 1654 421 1718 d.
446 1655 537 1741 orph.
562 1654 685 1739 Argon.
710 1654 853 1720 Vindob.
872 1654 965 1738 1881,
989 1655 1209 1740 Sitzungsber.
1235 1655 1293 1719 der
1315 1655 1451 1720 Wiener
1473 1654 1578 1719 Acad.

180 1756 344 1842 phil-hist.
360 1757 409 1823 Ol.
433 1758 486 1841 98,
502 1759 534 1842 2,
550 1758 752 1846 449-485);
791 1759 886 1825 601111.
911 1760 940 1823 R
972 1770 1004 1824 et
1027 1760 1078 1825 Vo
1101 1783 1166 1825 una
1189 1782 1263 1823 cum
1287 1758 1414 1823 duobus
1437 1759 1578 1824 11616110-

180 1861 269 1925 1111116
299 1862 589 1951 W(ratislaviensi)
621 1874 653 1928 et
683 1863 867 1951 L(eidensi)
899 1864 1034 1929 contulit
1064 1864 1104 1929 A.
1126 1864 1345 1929 Guttmannus
1375 1874 1408 1928 et
1438 1865 1580 1948 priorem

180 1974 307 2051 partem
331 1966 508 2032 collationis
533 1967 649 2053 (usque
673 1968 715 2033 ad
738 1992 769 2034 v.
792 1968 870 2056 732)
893 1968 1063 2033 nobiscum
1087 1970 1337 2033 communicavit
1359 1970 1392 2031 in
1415 1988 1580 2053 program-

180 2080 267 2134 mate
290 2071 520 2154 Regiocasensi
549 2071 796 2158 (Konigsht‘rtte)
827 2071 969 2153 111887,
1001 2072 1287 2137 Vindobonensem
1318 2074 1387 2156 ipse
1417 2070 1579 2135 nonnullis

180 2174 258 2239 locis
280 2176 527 2262 inspexeram,¹)
552 2199 626 2241 cum
649 2175 826 2241 collationis
846 2199 866 2239 a
881 2176 1054 2261 Wesselyo
1078 2187 1209 2242 curatae
1231 2199 1307 2262 pars
1330 2175 1439 2261 aliqua
1461 2176 1579 2240 emissa

180 2288 242 2360 est3
267 2279 309 2343 cf.
332 2280 445 2345 Philol.
463 2279 695 2346 XXXXVIII¹
707 2280 752 2368 (n.
770 2304 793 2345 s.
811 2280 860 2367 Π)
883 2303 914 2366 p.
932 2280 996 2344 379
1013 2303 1094 2366 sqq.,
1117 2281 1181 2344 573
1197 2303 1266 2366 sqq.

179 2491 289 2556 Lipsiae
317 2492 392 2554 1813,
415 2491 443 2539 in
466 2490 534 2540 libro
556 2492 613 2556 ipso
637 2490 820 2555 desideratur).
858 2491 929 2555 quod
951 2491 985 2540 ad
1011 2489 1119 2540 libellos
1146 2490 1179 2541 de
1201 2492 1295 2541 horum
1319 2496 1457 2555 poetarum
1486 2488 1576 2539 elocu-

180 2579 253 2627 tione
271 2579 433 2642 conscriptos
454 2578 566 2640 adtinet,
584 2578 618 2627 ad
636 2579 769 2641 syntaxim
792 2594 846 2626 non
864 2580 1000 2643 pertinent
1018 2578 1070 2627 nisi
1089 2578 1130 2627 hir
1153 2577 1183 2629 A.
1200 2578 1320 2641 Heracle,
1337 2578 1380 2627 De
1401 2576 1467 2626 eloe.
1487 2576 1577 2641 Apoll.

179 2663 335 2714 Halis1842
355 2664 498 2730 (particula
509 2664 536 2713 II
548 2666 618 2714 inest
635 2666 663 2713 in
682 2664 783 2726 libello,
802 2680 856 2730 quo
870 2664 1020 2714 Godofredo
1033 2665 1189 2729 Bernhardy
1206 2664 1335 2729 gratulati
1353 2668 1416 2713 sunt
1433 2678 1497 2713 sem.
1511 2662 1575 2712 Hal.

179 2750 254 2814 sod),
274 2751 305 2800 L.
325 2751 355 2800 L.
373 2751 403 2801 A.
417 2751 507 2814 Aulin,
535 2752 576 2802 De
595 2751 662 2802 eloe.
682 2751 749 2801 Call.
770 2752 862 2817 Upsal.
883 2754 958 2815 1856,
986 2752 1017 2801 V.
1038 2752 1063 2802 J.
1082 2752 1181 2813 Loebe,
1200 2753 1242 2803 De
1261 2752 1327 2801 6100.
1347 2750 1415 2801 Call.
1433 2751 1467 2799 Π.
1487 2765 1576 2814 progr.

179 2838 289 2888 Putbus.
310 2840 384 2899 1874,
407 2839 451 2887 Fr.
471 2837 601 2904 Spitzner,
620 2838 731 2889 Observ.
750 2840 809 2887 erit.
828 2845 856 2900 et
878 2854 989 2903 gramm.
1008 2840 1036 2887 in
1056 2838 1147 2899 Quint.
1166 2840 1275 2904 Lipsiae
1297 2840 1371 2898 1839,
1400 2837 1430 2886 A.
1450 2838 1579 2886 Zimmer·

178 2940 269 2988 mann,
288 2926 355 2974 Krit.
375 2926 481 2975 Unters.
501 2942 523 2975 z.
537 2925 561 2973 11.
576 2925 710 2975 Posthom.
730 2925 839 2990 Lipsiae
860 2926 935 2986 1889,
958 2925 992 2975 H.
1011 2925 1042 2974 Ο.
1056 2926 1184 2988 Schmidt,
1203 2927 1245 2975 De
1264 2925 1331 2975 eloe.
1350 2925 1475 2990 Oppiani.
1493 2925 1578 2973 Ienae

180 3013 255 3061 1866.
291 3010 353 3061 libri
372 3026 472 3075 eorum,
491 3012 538 3076 qui
556 3011 670 3076 singulis
688 3014 808 3075 syntaxis
826 3012 946 3076 partibus
964 3011 1131 3061 illustrandis
1150 3025 1256 3077 operam
1276 3019 1420 3076 naverunt·
1436 3012 1491 3061 suis
1508 3010 1579 3059 locis

178 3098 333 3148 adferentur
355 3100 458 3149 omissis
482 3100 523 3161 iis,
546 3100 592 3165 qui
611 3099 677 3147 mihi
694 3104 799 3163 praesto
818 3114 873 3147 non
892 3103 975 3161 erant,
995 3098 1022 3147 et
1040 3098 1207 3163 quibusdam,
1226 3100 1272 3164 qui
1292 3097 1392 3148 nullius
1417 3099 1525 3148 omniuo
1543 3098 1575 3145 in

178 3187 344 3249 quaestione,
364 3200 442 3249 quam
461 3186 574 3249 institui,
594 3185 753 3250 explicanda
771 3187 900 3235 momenti
918 3200 977 3235 esse
995 3186 1162 3236 videbantur.

283 3289 303 3354 ¹)
322 3288 441 3353 Adparet
459 3303 491 3339 ex
513 3289 556 3339 his
575 3289 765 3340 collationibus
783 3291 842 3340 iure
861 3306 878 3339 a
896 3289 1069 3341 Scheindlero
1091 3289 1135 3353 (cf.
1154 3289 1223 3338 Ann.
1242 3305 1332 3354 gymn.
1352 3288 1440 3339 Austr.
1460 3303 1484 3338 a.
1507 3289 1576 3337 1884

178 3392 203 3440 p.
219 3375 264 3441 29)
283 3377 461 3441 vituperatum
483 3390 540 3426 esse
559 3376 588 3424 F.
602 3376 799 3440 Hillmannum,
818 3377 866 3442 qui
884 3377 937 3440 (De
955 3382 1012 3447 arte
1031 3377 1088 3426 crit.
1108 3377 1136 3424 in
1154 3375 1237 3441 Orph.
1247 3376 1344 3441 Argon.
1363 3376 1449 3427 factit.
1467 3375 1578 3439 Lipsiae

180 3464 255 3526 1883,
273 3480 297 3528 p.
313 3463 356 3529 10)
375 3464 425 3512 sibi
444 3467 611 3529 persuaserat
630 3464 733 3528 ‘graves
746 3464 869 3513 codicum
887 3463 1087 3528 discrepantias,
1107 3463 1232 3529 equibus
1250 3464 1417 3529 potissimum
1436 3462 1469 3513 de
1482 3477 1578 3511 eorum

179 3551 281 3616 origine
294 3552 456 3615 cognatione
474 3552 559 3615 pretio
573 3554 675 3599 certum
688 3550 816 3600 iudicium
829 3550 899 3601 ferre
912 3550 1003 3613 liceat,
1022 3555 1127 3616 praeter
1145 3565 1244 3616 paucas
1262 3565 1354 3600 omnes
1372 3550 1405 3600 ab
1419 3550 1579 3599 Hermanno

244 3636 363 3687 adiectas
383 3651 441 3687 esse
459 3636 560 3687 videri'.
597 3651 666 3703 quae
685 3651 726 3687 res
744 3642 775 3686 ut
793 3637 972 3699 conlimatur,
994 3639 1048 3687 iam
1068 3637 1119 3686 duo
1138 3636 1258 3687 adferam
1278 3635 1409 3702 exempla.
1445 3634 1502 3685 fleri
1520 3650 1581 3685 non
1688 3645 1689 3694 j

178 3725 274 3788 potuit,
296 3725 363 3789 quin
385 3722 479 3773 Hillm.
498 3740 524 3787 p.
537 3726 570 3773 23
589 3731 701 3789 negaret
720 3738 735 3773 6
753 3725 884 3775 Vossiano
902 3725 1036 3775 derivatos
1054 3739 1112 3774 esse
1135 3724 1202 3774 duos
1220 3724 1391 3790 Augustanos
1408 3723 1466 3772 sive
1482 3721 1583 3771 Mona-

178 3825 279 3875 censes,
292 3812 390 3876 quippe
409 3812 438 3859 in
457 3811 554 3875 quibus
572 3810 678 3876 legatur
696 3828 720 3860 v.
734 3813 776 3873 96,
795 3827 875 3876 quem
893 3813 922 3861 in
940 3812 981 3861 Vo
1000 3812 1093 3861 deesse
1110 3811 1280 3860 Hermannns
1298 3815 1418 3860 testatur.
1438 3808 1486 3858 sed
1503 3824 1528 3857 v.
1542 3810 1583 3858 96

178 3902 252 3947 extat
269 3898 298 3945 in
316 3897 364 3947 Vo.
400 3899 465 3947 item
485 3898 601 3948 concidit
618 3904 813 3963 argumentum,
832 3915 886 3964 quo
905 3900 928 3947 is
946 3916 970 3964 p.
991 3900 1021 3947 21
1043 3898 1242 3947 demonstrabat
1260 3912 1275 3947 e
1293 3896 1495 3947 Vindoboneusi
1514 3895 1585 3945 reli-

178 4000 244 4050 quos
267 3983 350 4033 bonos
373 3984 478 4034 codices
500 4000 555 4035 non
577 3986 693 4036 fluxisse.
730 4000 821 4035 versus
844 3986 916 4035 enim
939 3986 982 4046 61,
1006 4000 1086 4049 quem
1105 4000 1122 4033 a
1140 3985 1163 4034 V
1182 3984 1274 4035 abesse
1293 3984 1386 4033 Hillm.
1406 3984 1521 4049 putavit,
1545 3999 1585 4035 16

178 4086 242 4121 vera
259 4071 288 4119 in
307 4085 339 4120 60
358 4071 464 4137 legitur.
