3392 5067
218 210 261 272 34

218 399 378 467 Octaviae
406 400 599 483 scriptorem
628 420 671 462 ex
695 397 847 462 Suetonio
878 420 937 462 000
966 398 1210 484 desumpsisse?
1255 398 1360 462 Taciti
1383 402 1468 465 enim
1499 400 1619 466 harum

216 526 325 569 rerum
352 505 492 568 narratio
518 525 583 567 non
612 502 654 567 06
681 512 823 567 nostram
851 504 1002 587 pervenit
1028 511 1182 584 aetatem,
1215 525 1255 565 ea
1281 512 1390 568 autem
1417 525 1500 590 quae
1528 528 1619 570 nunc

216 609 304 696 apud
326 608 467 673 Dionem
490 615 603 673 extant
624 629 701 672 cum
723 607 868 673 Suetonii
891 606 1110 692 descriptione
1133 592 1263 692 prorsus
1287 618 1478 692 congruunt.
1486 609 1510 696 ¹)

319 712 393 778 Oct.
407 713 469 777 627
483 733 540 798 sq.:
564 712 714 798 supplices
736 712 880 777 deutrum
901 722 1009 797 petant
1028 711 1034 795 Ι
1055 712 1167 775 Parui
1187 722 1346 776 cruentam
1368 722 1402 776 et
1423 714 1501 778 Tac.
1526 715 1617 781 Ann.

216 818 280 883 XV
294 816 336 881 29
352 817 408 905 (28
424 817 491 905 N.):
514 818 566 881 ille
582 816 773 903 (Tiridates)
794 817 831 881 cle
854 815 1014 879 nobilitate
1035 816 1155 901 pencris
1173 814 1304 880 muitum
1323 817 1492 903 praefatus
1514 830 1618 884 cetera

216 932 424 1007 temperanter
443 922 599 999 adiunuit,
622 923 738 985 iturum
752 920 866 1007 quippe
880 921 1011 985 Ronram
1034 919 1227 1005 laturunrqne
1241 943 1352 984 nonunt
1371 920 1503 986 Caesari
1523 925 1619 988 decus

215 1049 277 1090 non
304 1026 440 1090 aduersis
471 1026 660 1090 Parthorum
694 1024 783 1089 rebus
809 1024 979 1111 supplicem
1009 1024 1183 1089 Arsaciden
1205 1046 1271 1089 vox
1303 1025 1463 1113 ‘supplex’
1495 1028 1536 1092 60
1564 1051 1617 1093 00-

216 1131 290 1195 dem
317 1153 354 1196 re
377 1129 524 1195 adhibita
547 1139 605 1195 est.
652 1130 709 1194 006
739 1151 779 1194 00
809 1151 888 1194 0000
918 1129 959 1193 60
988 1130 1045 1212 010,
1076 1131 1131 1214 qui
1160 1130 1279 1193 infimis
1308 1130 1462 1216 precibus
1492 1130 1616 1218 aliquid

214 1245 338 1321 petunt,
362 1257 492 1321 semper
514 1236 582 1300 fere
605 1243 789 1320 usurpatur.
830 1233 960 1320 quade
983 1256 1082 1297 causa
1105 1233 1146 1297 de
1169 1236 1286 1299 artiore
1309 1234 1451 1319 quodam
1473 1237 1614 1314 vinculo,

215 1363 278 1427 quo
306 1340 340 1403 hi
366 1339 429 1404 loci
458 1342 672 1421 eontinentur,
702 1338 912 1422 cogitandum
937 1360 1003 1403 non
1031 1347 1089 1402 est.
1134 1338 1221 1403 idem
1248 1339 1289 1404 de
1317 1338 1389 1404 Oct.
1413 1361 1468 1405 vv.
1485 1340 1549 1405 624
1565 1364 1614 1426 sq.

215 1445 282 1508 licet
297 1454 426 1507 eutruat
448 1442 651 1507 marmoribus
672 1454 762 1528 atque
785 1465 864 1506 auro
886 1452 969 1527 teqat
987 1448 992 1522 1
1011 1442 1159 1528 superbus
1182 1443 1302 1520 aulam,
1326 1446 1381 1528 qui
1403 1444 1613 1527 antecedunt,

215 1548 391 1614 dicendum
414 1558 473 1612 est.
501 1548 607 1612 Taciti
631 1557 663 1611 et
685 1546 829 1612 Suetonii
845 1546 957 1611 verbis
981 1546 1022 1610 de
1037 1569 1137 1611 aurea
1159 1546 1254 1611 domo
1276 1549 1442 1632 respectis,
1466 1548 1507 1611 cf.
1525 1548 1612 1613 Anu.

213 1653 279 1718 XV
294 1652 337 1716 42
360 1661 392 1715 ct
413 1651 491 1716 Ner.
508 1652 561 1733 31,
585 1673 624 1715 ea
646 1674 730 1736 quae
752 1654 786 1715 in
809 1650 948 1716 Octavia
971 1660 1083 1715 extant
1105 1651 1315 1716 illustrantur.

316 1756 388 1821 Oct.
413 1756 477 1820 646
493 1777 578 1841 sqq.:
611 1759 731 1840 parcite
762 1756 900 1819 lacrimis
933 1754 1019 1819 urbis
1040 1755 1152 1841 festo}
1177 1755 1315 1840 laetoque
1344 1756 1403 1835 die,
1439 1780 1476 1820 ne
1506 1767 1613 1821 tantus

213 1884 301 1925 arnor
320 1861 324 1946 1
344 1862 496 1945 nostrique
510 1860 612 1945 favor
628 1860 784 1946 princepis
807 1882 893 1923 acres
914 1863 918 1941 Ι
937 1862 1062 1923 suscitet
1083 1860 1152 1922 iras
1173 1860 1313 1943 uobisque
1336 1882 1389 1944 090
1411 1859 1613 1944 0010100000

212 1965 366 2029 malorum
389 1965 500 2028 Braun
523 1964 680 2050 explicari
703 1966 853 2050 opinatur
875 1966 932 2049 eis,
957 1985 1040 2050 quae
1063 1965 1151 2049 apud
1167 1964 1245 2028 Tac.
1263 1963 1424 2028 XIIII-60
1445 1966 1611 2048 leguntur:
1667 2041 1668 2046 ἵ

213 2082 300 2146 actae
314 2068 350 2133 od
365 2070 400 2132 id
415 2069 464 2154 (ut
479 2067 618 2133 Octavia
641 2067 790 2131 adulterii
814 2069 1083 2153 convinceretur)
1101 2068 1139 2130 de
1162 2067 1287 2132 0001110
1309 2070 1506 2154 quaestiones,
1530 2080 1559 2132 et
1582 2071 1614 2133 vi

212 2184 431 2238 tormentorum
445 2159 534 2235 uictis
548 2171 741 2257 quibusdam,
758 2182 791 2234 ut
805 2171 902 2256 falsa
918 2182 1096 2245 arznuerent
1114 2172 1225 2257 plures
1239 2174 1400 2257 perstitere
1414 2174 1612 2237 sanctitatem

212 2278 358 2342 dominae
381 2279 472 2341 tueri.
506 2276 562 2340 sed
586 2276 648 2339 hoc
664 2297 792 2361 quoque
816 2275 887 2340 loco
903 2286 939 2339 ut
962 2277 1075 2340 ceteris
1092 2276 1192 2340 falsus
1209 2287 1271 2357 est3
1295 2278 1420 2341 namin
1441 2279 1612 2361 tragoedia

171 2366 174 2371 ¹
211 2382 349 2447 Neronis
365 2404 448 2445 uxor
462 2381 496 2444 id
512 2389 637 2445 tantum
653 2389 771 2462 monet,
795 2389 831 2444 ut
846 2380 989 2444 lacrimis
1012 2391 1174 2466 parcatur,
1191 2403 1232 2445 00
1248 2383 1355 2445 mariti
1378 2382 1426 2445 ira
1441 2393 1611 2446 moveatur

211 2508 294 2551 neve
321 2486 430 2571 populi
462 2485 554 2550 favor
582 2487 743 2549 excitatus
776 2492 809 2547 et
835 2483 897 2548 sibi
925 2494 957 2547 et
983 2486 1084 2569 ipsius
1116 2484 1298 2549 fautoribus
1328 2488 1528 2570 perniciosus
1556 2489 1607 2569 sit,

210 2589 297 2675 quod
320 2612 356 2654 re
378 2612 458 2654 vera
479 2598 592 2675 postea
615 2588 737 2653 factum
760 2598 817 2652 est.
864 2588 953 2673 apud
977 2589 1126 2653 Tacitum
1149 2598 1259 2653 autem
1282 2589 1323 2653 60
1346 2590 1466 2653 aliare
1489 2592 1605 2674 agitur.

313 2694 367 2759 Ex
396 2692 468 2757 Oct.
486 2692 559 2757 657:
590 2716 678 2756 soror
700 2692 836 2778 Anqusti
869 2715 932 2756 non
953 2714 1036 2756 uuor
1070 2715 1121 2756 ero
1148 2702 1181 2756 et
1210 2693 1289 2758 Tac.
1314 2692 1399 2758 Anu.
1424 2694 1528 2758 XIIII
1549 2695 1606 2758 64:

207 2798 319 2883 paucis
346 2799 451 2863 deliine
477 2798 644 2861 interiectis
670 2795 775 2859 diebus
797 2796 878 2859 rnori
903 2795 1029 2859 iubetur
1051 2780 1230 2882 (Octavia),
1257 2818 1327 2860 cum
1348 2797 1414 2859 ianr
1436 2798 1560 2861 viduans
1575 2821 1607 2861 se

209 2914 237 2966 et
268 2913 390 2966 tantum
420 2923 554 2966 sororem
586 2910 750 2963 testaretur
779 2900 929 2965 videmus
964 2899 1109 2965 homines
1141 2900 1314 2966 Octaviam
1344 2923 1460 2987 reapse
1487 2902 1606 2968 talibus

209 3006 319 3071 verbis
342 3028 375 3070 se
399 3005 627 3070 defendentem
653 3004 797 3067 finxisse.
843 3003 902 3067 006
925 3005 986 3067 0101
1013 3006 1078 3069 iam
1105 3005 1190 3068 inter
1216 3026 1275 3069 nos
1299 3015 1425 3069 constat
1447 3004 1604 3070 Octaviae

209 3110 410 3195 tragoediam
432 3120 504 3196 post
518 3110 624 3173 Taciti
640 3108 787 3172 Annales
811 3110 1028 3194 conscriptam
1044 3131 1125 3190 esse,
1149 3131 1190 3172 ex
1214 3109 1270 3173 tali
1286 3110 1495 3174 similitudine
1509 3132 1605 3174 nemo

208 3216 278 3279 iure
294 3214 410 3278 elicere
432 3214 548 3300 poterit
570 3211 701 3277 fabulae
717 3214 907 3296 scriptorem
931 3234 973 3275 ex
988 3211 1101 3277 Tacito
1124 3212 1284 3298 pendere,
1307 3215 1404 3279 immo
1428 3223 1605 3279 statuamus

209 3327 336 3405 oportet
362 3327 394 3382 et
424 3340 463 3381 ea
491 3339 574 3401 quae
602 3317 734 3381 Tacitus
764 3316 899 3381 tradidit
928 3325 961 3379 et
990 3337 1135 3401 eaquae
1164 3318 1197 3380 10
1220 3316 1360 3382 Octavia
1389 3318 1541 3411 leguntur
1562 3319 1604 3383 ad

211 3443 413 3488 communem
443 3419 607 3505 quendam
637 3420 758 3483 fontem
791 3420 907 3484 redire.
959 3421 1036 3484 item
1066 3420 1146 3483 nihil
1175 3420 1218 3485 ad
1248 3421 1383 3486 Braunii
1413 3425 1603 3488 sententiam

210 3525 485 3613 comprobandam
508 3522 998 3589 Tao.Ann.XIH160verba:
1021 3523 1167 3587 exturbat
1190 3524 1306 3611 (Nero)
1333 3525 1495 3591 Octauiam
1516 3528 1604 3590 steri-

315 3722 334 3785 ¹)
353 3720 471 3769 Eaedem
489 3721 560 3769 enim
579 3733 620 3769 res
639 3719 709 3784 apud
726 3719 895 3784 Xiphilinum
914 3735 983 3784 quae
1001 3721 1073 3785 apud
1085 3720 1244 3771 Suetonium
1262 3720 1403 3785 leguntur3
1422 3721 1486 3771 ordo
1498 3726 1602 3788 tantum

210 3823 263 3873 quo
282 3806 389 3872 singula
406 3806 519 3855 Neronis
538 3806 610 3855 dicta
628 3804 798 3869 proferuntur
816 3806 937 3856 diuersus
956 3812 1003 3856 est.
1034 3806 1120 3856 veluti
1132 3807 1202 3857 Nero
1221 3807 1301 3872 Xiph.
1314 3807 1404 3857 LXIII
1417 3809 1487 3870 29,2
1506 3809 1534 3856 in
1545 3810 1604 3873 ipsa

209 3900 294 3945 morte
316 3887 337 3943 ὦ
355 3892 398 3943 Ζεῦ
420 3893 552 3943 exclamat
575 3881 623 3949 01ος
641 3890 743 3959 τεχνίτης
761 3889 951 3960 superillitum,
975 3893 1047 3959 apud
1069 3894 1227 3943 Suetonium
1250 3897 1312 3956 iam,
1335 3900 1480 3958 antequam
1499 3897 1603 3959 equites

209 3982 463 4047 appropinquarunt,
486 3980 553 4029 flens
571 3979 605 4029 ad
628 3980 735 4045 singula
752 3979 898 4029 identidem
922 3982 1040 4030 dictitat:
1064 3980 1167 4041 ‘Qualis
1189 3981 1286 4030 artifex
1309 3982 1412 4047 pereol'
1447 3982 1513 4031 item
1535 3980 1603 4031 illud

209 4070 280 4133 ‘ergo
304 4082 392 4132 neque
415 4068 531 4116 amicum
555 4066 641 4116 habeo
664 4081 755 4132 neque
781 4068 930 4116 inimicum’
953 4067 1024 4117 Nero
1047 4067 1119 4133 apud
1141 4067 1299 4118 Suetonium
1328 4068 1412 4117 multo
1436 4073 1500 4117 ante
1523 4083 1602 4131 quam

209 4155 280 4219 apud
303 4154 472 4218 Xiphilinum
495 4154 603 4218 profert,
627 4155 674 4218 qui
696 4154 777 4204 tradit
801 4153 878 4203 illum
903 4156 930 4202 in
948 4155 1007 4219 1000
1029 4154 1121 4202 mortis
1139 4153 1213 4216 hora,
1237 4170 1297 4204 oum
1322 4154 1414 4204 nullus
1433 4170 1533 4217 eorum,
1555 4156 1602 4219 qui

209 4242 329 4303 aderant,
349 4255 409 4290 eum
427 4238 579 4290 interficere
596 4239 688 4303 vellet,
707 4240 885 4290 exclamasse:
904 4237 952 4307 ἐγὼ
970 4237 1194 4307 paraeneseos
1213 4238 1266 4290 aire
1284 4237 1367 4309 ἐχθρὸν
1386 4237 1443 4309 ἔχω.
1479 4257 1539 4291 000
1557 4241 1602 4290 Χ1-

209 4328 311 4394 philino
330 4329 455 4389 zonarae,
474 4326 542 4377 alter
560 4327 655 4376 Dionis
674 4329 842 4392 epitomator,
860 4343 967 4391 prorsus
986 4328 1128 4390 consentit,
1148 4327 1181 4377 cf.
1194 4328 1233 4377 XI
1248 4330 1287 4377 13.
1318 4342 1387 4391 quae
1406 4344 1466 4377 cum
1484 4328 1524 4377 ita
1540 4330 1601 4391 sint,

208 4431 255 4480 pro
275 4420 347 4465 certo
366 4414 505 4465 adfirmare
523 4430 578 4465 non
597 4430 736 4480 possumus
754 4430 815 4464 cum
834 4413 968 4465 Schillero
986 4430 1012 4479 p.
1030 4415 1063 4463 29
1081 4416 1199 4465 Dionem
1216 4416 1246 4463 in
1263 4414 1377 4465 Neronis
1395 4416 1469 4464 vitae
1487 4414 1540 4464 fine
1557 4414 1601 4465 de·

208 4503 348 4553 scribendo
371 4506 459 4553 totum
485 4518 518 4552 ex
541 4502 670 4553 Suetonio
693 4502 818 4566 pendere,
845 4503 1001 4567 praesertim
1021 4519 1082 4553 cum
1107 4518 1140 4553 ea
1162 4518 1232 4568 quae
1250 4503 1361 4552 Tacitus
1379 4501 1525 4552 tradiderat
1547 4517 1601 4552 non

208 4595 308 4640 extent.
