3392 5067
1445 265 1508 330 365

217 451 281 518 Sed
308 455 373 516 iam
396 453 574 538 videamus,
602 453 682 539 quid
710 453 751 517 de
777 454 816 517 iis
840 453 989 518 versibus
1017 453 1224 522 statuendum
1252 456 1302 539 sit,
1330 455 1363 518 in
1391 455 1508 542 quibus

113 557 175 621 hae
199 579 352 630 caesurae
375 557 572 645 principales
595 581 660 623 non
683 561 935 644 conspiciuntur,
958 567 994 624 ut
1016 559 1049 624 id
1071 560 1273 644 potissimum
1293 558 1508 643 enucleemus,

113 670 222 726 utrum
252 661 323 726 aliis
355 663 496 727 caesuris
526 672 657 748 praeter
687 663 978 749 penthemimerem
1012 672 1043 728 et
1075 663 1385 748 hephthemimerem
1419 665 1510 730 locus

115 765 242 830 dandus
265 768 306 830 sit
326 789 439 832 necne.
479 769 597 831 etenim
618 790 692 833 cum
712 767 872 832 iambicae
894 790 973 852 quas
995 768 1107 833 dicunt
1130 770 1266 832 trimetri
1290 790 1442 833 caesurae
1465 771 1510 834 in-

114 871 226 956 primis
257 879 330 956 post
352 871 585 958 Preussium,1)
612 870 654 936 A.
679 870 942 958 Schmidtium,²)
971 871 1232 960 Naumannum3)
1264 873 1413 938 omnibus
1442 874 1510 938 fere

114 976 192 1039 viris
223 974 325 1040 doctis
356 977 543 1061 exploratae
574 999 644 1040 esse
674 977 878 1078 viderentur,
909 977 1039 1064 Klotze)
1070 999 1189 1042 novam
1219 988 1315 1064 atque
1347 1001 1389 1042 cx
1419 989 1510 1064 parte

115 1080 286 1167 principali
308 1083 441 1166 quidem
464 1091 531 1146 tam
553 1082 733 1147 inauditam
757 1082 797 1146 de
822 1083 965 1146 caesuris
993 1083 1126 1168 protulit
1155 1085 1357 1165 sententiam,
1385 1093 1421 1147 ut
1447 1106 1510 1148 non

115 1184 255 1249 alienum
285 1194 396 1271 putem
425 1188 539 1272 paucis
570 1186 655 1250 hanc
682 1186 801 1250 Klotzii
831 1185 938 1270 legem
966 1187 1130 1272 explicare
1159 1196 1256 1274 atque
1284 1190 1510 1272 perstringere.

114 1288 233 1354 Klotaii
257 1293 342 1354 euim
366 1293 525 1355 sententia
548 1312 659 1355 omnes
683 1292 818 1355 trimetri
842 1300 898 1355 aut
924 1313 1058 1355 caesura
1079 1291 1249 1377 principali
1269 1302 1343 1356 sunt
1364 1294 1512 1356 instructi

116 1404 171 1458 aut
187 1417 321 1459 caesura
337 1397 466 1460 omnino
483 1406 604 1460 carent.
644 1397 702 1460 sed
716 1418 981 1483 unumquemque
998 1397 1093 1461 facile
1109 1403 1228 1462 sentire
1243 1406 1320 1482 puto
1337 1397 1512 1480 Klotzium,

117 1498 194 1562 dum
221 1520 331 1564 omnes
354 1521 469 1563 versus
496 1501 530 1563 in
560 1499 641 1564 duas
670 1499 787 1564 classes
818 1500 1016 1584 distinguere
1048 1500 1169 1582 studet,
1198 1501 1369 1566 violentius
1397 1504 1511 1587 egisse.
1580 1544 1581 1550 .

117 1604 237 1667 etenim
264 1604 406 1668 caesuris
434 1603 668 1689 principalibus
695 1604 794 1668 multo
822 1606 978 1669 maiorem
1006 1604 1162 1669 ambitum
1186 1604 1275 1670 dedit
1298 1616 1394 1692 atque
1416 1609 1513 1671 etiam

117 1710 149 1771 in
165 1706 284 1772 talibus
297 1707 446 1772 versibus
459 1717 514 1771 aut
529 1708 818 1793 penthemimerem
833 1719 890 1773 aut
906 1708 1216 1795 hephthemimerem
1233 1713 1345 1775 statuit
1361 1711 1406 1796 (p.
1426 1710 1512 1796 188),

118 1811 229 1896 quales
245 1819 334 1876 sunt:
351 1811 445 1876 Alex.
459 1811 557 1896 2191,
571 1811 758 1899 ἀφειμένους
768 1813 804 1878 ἐκ
823 1815 828 1898 l
847 1824 904 1879 τοῦ
915 1817 1060 1880 θανάτου
1075 1812 1203 1880 καὶτοῦ
1217 1817 1359 1897 σκότους,
1379 1815 1460 1900 143,
1473 1821 1513 1881 B.

117 1925 188 1996 πῶς
210 1917 386 2002 σνμβολάς;
410 1915 449 1980 Α.
465 1921 522 1996 τὰς
541 1916 545 2001 l
565 1915 691 1996 ταινίας
712 1911 746 1983 οἱ
767 1917 944 1996 Χαλκιδεῖς
966 1918 1006 1983 al.
1039 1940 1189 1983 caesuras
1212 1920 1406 2005 principales
1429 1921 1514 1985 euim

118 2020 241 2085 eisdem
270 2020 514 2086 condicionibus
541 2021 668 2085 admitti
696 2031 788 2107 putat
811 2018 928 2108 quibus
951 2044 1066 2087 versus
1095 2023 1254 2088 clausulas
1281 2014 1389 2109 itaque
1415 2047 1514 2089 voces

118 2123 357 2211 monosyllabas
391 2133 461 2189 arte
496 2147 570 2188 cum
605 2126 762 2212 proximis
797 2126 1008 2190 cohaerentes
1042 2126 1143 2211 veluti
1177 2130 1429 2214 praepositiones
1462 2128 1515 2192 vel

118 2228 290 2294 articulum
316 2238 352 2294 ut
378 2231 411 2293 in
433 2251 547 2294 versus
571 2229 717 2295 clausula
743 2229 784 2294 ab
808 2231 846 2294 iis
871 2231 1010 2315 disiungi
1037 2253 1142 2316 posse.
1188 2233 1246 2296 sed
1269 2233 1302 2296 id
1325 2254 1515 2319 perversum

119 2354 190 2397 esse
223 2356 265 2397 ex
298 2336 369 2418 ipsa
404 2356 558 2400 caesurae
593 2344 710 2399 natura
744 2337 933 2400 evincitur..
961 2357 1037 2399 nam
1068 2358 1204 2401 caesura
1234 2339 1384 2402 orationis
1414 2359 1516 2423 pausa

119 2437 328 2524 significatur,
357 2462 422 2504 non
449 2461 564 2503 versus
592 2437 750 2523 clausula;
779 2461 842 2502 non
870 2461 982 2503 versus
1011 2442 1200 2522 recitantur,
1231 2441 1287 2506 sed
1320 2441 1467 2506 membra
1496 2464 1516 2504 a

120 2563 254 2606 caesura
274 2543 317 2606 ad
338 2565 506 2607 caesuram
525 2542 699 2629 pertinent.
735 2564 836 2628 quare
857 2541 952 2628 longe
974 2543 1123 2609 diversae
1144 2553 1219 2610 sunt
1238 2568 1352 2610 versus
1373 2545 1516 2610 clausula

120 2654 152 2708 et
174 2666 317 2710 caesura.
364 2669 441 2711 sane
469 2646 659 2710 facillimum
686 2655 735 2710 est
757 2668 888 2711 versum
916 2655 1082 2733 tamquam
1107 2648 1225 2713 lineola
1247 2651 1279 2712 in
1303 2649 1384 2715 duas
1407 2660 1516 2735 partes

119 2747 292 2830 dissecare,
322 2750 380 2814 sed
403 2751 474 2835 quis
498 2771 619 2835 quaeso
641 2750 700 2814 hos
723 2752 884 2815 trimetros
907 2754 1045 2816 recitare
1068 2753 1195 2838 potest?
1239 2755 1380 2818 maxime
1408 2765 1515 2819 autem

119 2851 153 2914 in
176 2873 214 2916 eo
234 2855 383 2936 peccavit
402 2853 510 2936 Klotz,
532 2855 618 2939 quod
638 2857 842 2919 extrinsecus
864 2878 1031 2920 caesuram
1051 2858 1084 2920 in
1104 2879 1217 2921 versus
1237 2859 1380 2938 intrusit,
1405 2869 1517 2922 contra

120 2955 199 3019 mihi
222 2958 353 3042 quidem
377 2980 451 3022 cum
470 2959 622 3023 Preussio
646 2969 679 3024 et
700 2959 903 3038 Naumanno,
929 2962 984 3046 qui
1007 2983 1037 3046 p.
1063 2961 1080 3023 7
1106 2963 1225 3046 optime
1249 2961 1289 3025 de
1312 2962 1374 3026 hac
1396 2985 1431 3026 re
1455 2963 1516 3026 dis-

120 3062 229 3143 seruit,
254 3062 458 3148 exploratum
480 3073 529 3127 est
553 3086 750 3128 caesuram
772 3086 844 3128 non
869 3065 1005 3142 oculiS,
1031 3065 1097 3129 sed
1124 3067 1281 3130 auribus
1309 3089 1393 3131 esse
1424 3067 1517 3131 iudi-

122 3166 292 3232 candam.
337 3190 516 3255 numquam
543 3169 641 3252 igitur
667 3169 824 3253 adducar,
852 3179 888 3233 ut
915 3170 993 3236 mihi
1021 3171 1237 3256 persuadeam
1264 3171 1319 3235 tali
1347 3172 1441 3235 modo
1464 3173 1517 3236 tri-

121 3280 240 3335 metros
264 3272 359 3336 condi
382 3282 480 3359 atque
502 3273 632 3337 recitari
655 3295 759 3358 posse.
806 3273 892 3358 quod
916 3273 1036 3339 deinde
1058 3274 1156 3339 Klotz
1179 3275 1363 3340 Mcklerum
1388 3286 1517 3340 secutus

122 3377 163 3439 de
190 3375 326 3442 caesura
353 3376 474 3442 latente
502 3400 600 3463 quam
627 3378 740 3442 dicunt
767 3385 800 3441 et
827 3377 867 3442 de
895 3378 1064 3443 vocabulis
1090 3379 1204 3463 longis,
1236 3380 1353 3465 quibus
1382 3403 1517 3444 caesura

121 3479 327 3566 impediatur,
356 3482 445 3563 dicit,
473 3503 525 3545 me
553 3482 790 3546 adsentientem
818 3482 927 3560 babet,
956 3505 1153 3570 quamquam
1180 3486 1293 3578 negari
1320 3507 1383 3549 non
1411 3493 1518 3569 potest

122 3593 235 3648 extare
270 3607 397 3668 versus,
430 3587 485 3671 qui
519 3596 570 3651 sat
602 3585 706 3670 longis
741 3585 877 3651 vocibus
915 3586 1097 3653 efficiantur
1131 3610 1170 3652 ac
1205 3598 1314 3654 tamen
1351 3611 1517 3653 caesuram

121 3688 335 3774 principalem
358 3688 546 3775 praebeant,
571 3689 661 3754 velut
685 3690 781 3755 Alex.
809 3690 871 3753 149
879 3738 905 3775 Η
936 3687 1057 3779 dioc'li
1086 3696 1340 3782 προοπτήσαντα
1367 3691 1518 3774 χλιαίνειν

122 3793 231 3871 πάλιν,
257 3792 317 3856 149
327 3839 354 3878 1,
377 3794 397 3881 ἢ
443 3798 462 3880 ὴ
483 3795 738 3883 προοπτήσαντα
759 3796 918 3860 συντελεῖν
940 3796 1019 3877 ταχύ
1041 3796 1082 3860 al.

227 3897 355 3977 Quibus
367 3900 520 3984 expositis
531 3899 596 3962 iam
608 3920 662 3962 eos
674 3920 786 3963 versus
799 3897 996 3981 adscribam,
1009 3901 1041 3963 in
1055 3901 1183 3986 quibus,
1197 3903 1256 3964 etsi
1268 3923 1329 3963 nec
1341 3902 1518 3985 penthemi-

123 4021 228 4064 meres
244 4024 306 4066 nec
323 4002 617 4088 hephthemimeres
633 4002 794 4086 audiatur,
811 4012 920 4068 tamen
938 4003 1033 4068 aliam
1051 4026 1217 4068 caesuram
1230 4005 1435 4068 statuendam
1448 4027 1518 4068 csse

123 4126 385 4193 unumquemque
398 4109 515 4172 sentire
527 4116 615 4193 puto.
632 4130 709 4172 nam
720 4129 791 4172 mec
803 4108 935 4193 quidem
947 4108 1066 4172 iudicio
1075 4111 1186 4194 utique
1196 4130 1349 4174 caesurae
1359 4109 1518 4173 iambicae

229 4317 248 4381 ¹)
268 4317 322 4367 ‘Do
339 4319 439 4368 senarii
457 4317 553 4368 Graeci
571 4318 696 4368 caesuris'
715 4319 776 4369 diss.
794 4318 965 4384 Rogiomont.
985 4333 1009 4369 a.
1030 4319 1103 4369 1558.

227 4402 249 4468 ²)
268 4404 322 4454 ‘De
341 4419 450 4455 caesura
467 4403 556 4454 modia
573 4404 602 4453 in
620 4403 782 4456 Graecorum
800 4407 870 4455 trim.
890 4406 979 4455 iamb’
998 4406 1059 4455 dias.
1078 4407 1163 4455 Bonn.
1183 4422 1207 4455 a.
1229 4407 1302 4456 1865.

228 4489 251 4554 ³)
270 4491 373 4542 ‘Uebor
395 4492 438 4541 die
456 4491 592 4541 ansureu
614 4491 661 4540 des
684 4491 829 4542 Trimeters
852 4493 880 4540 in
905 4492 952 4541 dor
974 4491 1084 4542 Electra
1106 4493 1153 4542 des
1176 4489 1330 4560 Sophocles’
1349 4508 1435 4558 progr.
1460 4492 1519 4542 Bal·

124 4577 241 4641 garda.
263 4578 337 4626 1877.

228 4662 251 4728 ι)
270 4663 288 4712 ι.
307 4679 329 4712 ι.
349 4677 408 4729 pag.
430 4664 573 4714 rar-roc.
