3392 5067
1481 220 1544 285 245

148 411 234 476 cedit
264 412 349 496 quod
379 412 672 496 Argonauticorum
706 414 842 497 scriptor
874 412 960 475 locos
990 411 1170 476 homericos
1201 411 1451 497 hesiodeosque,
1489 415 1544 498 qni

145 517 221 581 inde
252 515 294 581 ab
326 518 513 581 Hermanno
542 515 658 601 (Orph.
683 538 713 600 p.
741 516 803 579 775
824 516 909 601 666.)
941 525 1074 602 propter
1105 519 1304 600 pronominis
1332 507 1367 583 οἶ
1395 520 1461 581 vim
1489 539 1542 581 ne·
1607 518 1610 530 '

145 622 283 705 glectam
301 621 417 705 corrigi
440 620 551 701 solent,
584 630 670 685 certe
694 622 738 683 ita
764 619 873 704 legere
903 622 1016 705 potuit,
1049 629 1085 684 ut
1114 643 1200 685 nunc
1231 623 1264 685 in
1295 621 1386 686 libris
1418 631 1540 705 extant,

145 748 262 811 eosque
285 727 412 789 imitari.
449 735 592 789 ceterum
615 724 777 788 Rzachius
800 726 834 788 in
857 724 969 790 Iliadis
993 726 1142 802 editione,
1167 748 1250 812 quae
1273 726 1393 812 prodiit
1415 727 1542 810 Pragae

147 829 340 913 188611887,
363 834 391 895 Ε
405 829 477 907 338,
507 837 537 893 Ζ
556 830 626 911 101,
653 835 682 895 Y
699 828 761 892 282
791 829 939 901 codicum
967 833 1161 917 scripturam
1189 833 1330 896 retinuit.
1381 832 1542 918 persuasit

144 934 206 999 sibi
228 936 279 999 vir
302 935 505 999 doctissimus
535 957 566 1021 p.
584 934 648 998 374
671 943 776 997 certas
805 954 876 996 esse
906 936 1107 999 coniecturas
1130 935 1172 1000 ab
1202 936 1390 1000 Hermanno
1420 935 1462 999 ad
1485 957 1539 999 vv.

145 1039 220 1121 183,
252 1040 324 1121 223,
357 1040 428 1122 677,
461 1039 524 1103 680
554 1039 705 1124 prolatas.
751 1048 785 1103 at
814 1040 847 1101 in
879 1061 910 1104 v.
929 1039 991 1103 223
1021 1045 1121 1123 αὐτὰρ
1153 1040 1191 1129 δή
1218 1042 1252 1105 16
1282 1045 1381 1127 αὐτὰρ
1411 1035 1443 1107 oi
1475 1062 1541 1105 mu·

143 1143 233 1208 tandi
262 1143 352 1208 nulla
383 1166 481 1208 causa
509 1166 580 1207 esse
607 1143 746 1208 videtur.
792 1146 824 1207 in
848 1166 903 1210 vv.
929 1142 992 1207 184
1022 1154 1055 1207 et
1085 1144 1146 1207 677
1178 1142 1244 1226 sut,
1276 1145 1362 1230 quod
1392 1145 1541 1210 meliores

141 1247 215 1313 libri
239 1248 404 1332 exhibent,
428 1248 585 1332 explicari
608 1269 703 1334 posse
727 1246 811 1312 infra
834 1247 959 1312 docebo
982 1256 1080 1333 atque
1105 1247 1145 1311 de
1168 1269 1199 1312 v.
1213 1249 1286 1331 680,
1309 1250 1343 1311 in
1367 1270 1428 1333 quo
1453 1249 1539 1312 codi-

142 1375 215 1417 cum
238 1353 332 1417 lectio
349 1361 398 1415 est
419 1356 518 1438 6ὐτὰρ
541 1350 623 1433 ἐπεὶ,
647 1352 829 1437 disputabo.
862 1351 1016 1416 hocloco
1038 1352 1071 1416 id
1093 1374 1193 1417 unum
1218 1354 1295 1417 mihi
1319 1352 1539 1418 demonstran·

142 1457 219 1522 dum
246 1467 295 1529 est
324 1456 569 1544 productionem
600 1456 745 1542 syllabae
776 1456 882 1521 finalis
909 1459 941 1520 in
972 1459 1209 1543 praepositione
1240 1456 1297 1522 tat
1326 1456 1403 1521 ferri
1433 1479 1538 1543 posse,

141 1562 228 1648 quod
250 1562 383 1645 negavit
413 1561 584 1626 Rzachius.
630 1561 853 1646 producuntur
875 1563 908 1623 in
932 1560 1161 1645 Argonauticis
1185 1559 1330 1647 syllabae
1352 1563 1386 1625 16
1408 1561 1538 1627 vocales

140 1675 296 1731 exeuntes
324 1675 397 1730 ante
427 1665 565 1751 liquidas
594 1666 673 1730 locis
702 1665 888 1729 aRzachio
915 1666 949 1729 in
976 1666 1064 1747 libri,
1096 1667 1150 1751 qni
1172 1665 1361 1730 inscribitur
1392 1664 1539 1731 ‘Studien

140 1794 198 1835 zur
224 1770 375 1835 Technik
405 1771 463 1834 des
491 1770 661 1834 nachhom.
693 1770 760 1834 her.
785 1769 917 1833 Verses'
949 1769 1185 1855 (Sitzungsber.
1219 1769 1250 1834 d.
1274 1770 1410 1835 Wiener
1433 1770 1537 1836 Acad.

138 1875 303 1959 phil-hist.
328 1873 439 1939 Classe
462 1874 556 1939 XCV
579 1896 610 1959 p.
628 1874 689 1938 681
708 1873 794 1960 666.)
817 1896 848 1959 p.
868 1874 931 1937 724
947 1896 994 1959 66.
1018 1876 1194 1957 congestis:
1227 1874 1289 1938 779
1313 1875 1369 1959 (cf.
1393 1880 1432 1941 A
1448 1875 1537 1960 396),

140 1978 202 2043 808
227 1978 412 2064 (61Β58),
438 1978 520 2041 1118
544 1978 600 2061 (cf.
617 1978 636 2057 ξ
651 1978 739 2065 251),
765 1977 848 2042 1190
872 1978 929 2064 (cf.
950 1982 981 2042 Ψ
1002 1977 1091 2065 366),
1117 1978 1199 2042 1198
1224 1978 1428 2065 (661229),
1454 1980 1537 2043 1376

139 2082 209 2167 (ubi
233 2084 413 2148 Hermanni
446 2085 527 2146 coni.
551 2084 619 2147 sine
651 2082 749 2147 dubio
780 2081 950 2168 probanda
985 2090 1047 2165 est3
1082 2083 1123 2146 cf.
1156 2108 1175 2147 τ
1205 2083 1293 2170 516).
1339 2105 1402 2148 666
1436 2083 1535 2170 16661)

139 2187 324 2273 exemplum
357 2187 558 2252 homericum
588 2185 675 2271 quod
706 2208 837 2271 prorsus
868 2186 971 2251 simile
1001 2188 1042 2251 sit
1076 2187 1214 2251 conferri
1244 2189 1367 2273 nequit,
1398 2211 1429 2251 v.
1452 2188 1535 2253 1258

137 2289 234 2377 κοίλῳ
256 2289 313 2356 ἐπὶ
335 2292 435 2378 λυγρῷ
460 2291 495 2358 δὲ
517 2292 777 2377 περιστροφάδην
799 2291 950 2379 ἀλάλητο.
989 2291 1044 2355 ‘Es
1060 2290 1186 2354 scheint
1199 2291 1290 2374 hier',
1314 2294 1359 2356 ait
1374 2293 1536 2357 Rzachius

138 2396 157 2460 l.
176 2417 203 2461 6.
229 2394 291 2459 ‘die
314 2394 516 2460 ausserliche'
534 2395 693 2478 Analogie
717 2418 780 2460 von
802 2396 935 2481 λιγυρός,
959 2395 1017 2459 das
1041 2396 1086 2459 oft
1109 2395 1274 2480 Lttngung
1293 2419 1353 2461 vor
1376 2397 1444 2461 sich
1468 2398 1536 2461 auf-

138 2501 239 2581 weist,
272 2523 313 2565 66
336 2499 443 2563 dieser
465 2498 677 2583 Neubildung
703 2499 914 2584 beigetragen
938 2522 979 2563 66
1001 2498 1119 2581 haben,
1143 2503 1237 2563 wenn
1260 2502 1352 2565 nicht
1373 2501 1535 2566 1116166611-

137 2605 213 2689 lich,
240 2606 301 2669 wic
332 2604 501 2667 Hermann
532 2605 642 2688 meint,
674 2603 726 2667 die
753 2604 917 2687 Langung
946 2626 1005 2667 vor
1031 2604 1142 2689 λυγρός
1170 2605 1203 2668 16
1231 2606 1336 2669 616616
1364 2605 1535 2670 verlornen

138 2708 243 2774 Stuck
266 2706 400 2791 vorlag.'
435 2716 606 2793 praeterea
629 2706 756 2772 codices
780 2707 941 2793 syllabam
964 2707 1093 2772 finalem
1115 2710 1362 2793 praepositionis
1385 2705 1442 2775 ἐπὶ
1463 2734 1533 2796 pro-

138 2812 269 2877 ductam
293 2812 451 2877 exhibent
477 2820 553 2876 ante
575 2811 757 2877 litteramc
785 2815 818 2877 in
846 2834 900 2876 vv.
925 2812 985 2876 184
1016 2815 1115 2899 αὐτὰρ
1145 2811 1202 2877 ἐπὶ
1234 2813 1395 2897 Τελαμών,
1426 2836 1532 2899 6666

137 2918 207 2983 1666
230 2917 348 2981 161166
372 2918 558 3001 quaestione
581 2916 778 2981 instituenda
800 2916 938 3003 profecti
962 2940 1081 2999 sumus,
1105 2927 1138 2980 et
1153 2916 1218 2980 324
1240 2906 1321 3001 αἷμα
1344 2911 1532 2985 6661666

138 3046 218 3106 ροιο,
249 3022 326 3085 item
361 3020 402 3084 ab
433 3021 621 3085 Hermanno
653 3022 699 3084 sic
727 3023 910 3085 immutato:
948 3010 1027 3104 αἷμα
1051 3018 1088 3087 δέ
1110 3015 1143 3087 oi
1164 3022 1304 3106 ταύροιο,
1337 3023 1429 3085 66166
1460 3044 1532 3087 666-

137 3130 278 3191 iecturae
302 3125 605 3190 commemorandae
627 3125 769 3189 Rzachio
799 3127 925 3189 occasio
948 3125 1025 3189 data
1051 3147 1116 3189 non
1140 3133 1217 3188 erat.
1264 3124 1337 3187 talis
1359 3127 1531 3209 productio

137 3252 215 3295 6666
237 3252 301 3295 666
324 3230 487 3293 invenitur
508 3230 626 3293 616116
650 3228 769 3293 oracul.
795 3228 911 3314 Sibyll.
936 3228 993 3315 (cf.
1016 3227 1137 3310 Rzach,
1160 3230 1253 3293 Neue
1276 3228 1375 3295 Beitr.
1400 3253 1432 3316 p.
1453 3231 1531 3317 321)

136 3334 238 3399 Ι358
269 3332 375 3416 πέντε,
406 3338 447 3398 τά
478 3342 510 3398 et
532 3334 599 3399 XII
629 3334 690 3397 179
718 3334 803 3399 ἑπτά
817 3355 823 3368 ·
837 3339 914 3412 τοῖς.
960 3332 1018 3397 sed
1046 3335 1072 3396 si
1094 3332 1265 3418 productio
1295 3343 1370 3397 ante
1392 3334 1532 3400 litteram

138 3440 167 3522 d,
192 3461 276 3525 quae
300 3447 375 3502 ante
405 3447 509 3503 certas
537 3447 662 3503 tantum
685 3460 782 3503 voces
809 3437 880 3502 fieri
902 3438 1008 3522 potnit
1029 3446 1162 3524 propter
1181 3439 1326 3522 geminas
1349 3461 1433 3524 quae
1456 3439 1531 3504 olim

135 3544 264 3609 fuerant
298 3564 472 3628 consonas,
512 3544 556 3608 ad
589 3543 669 3607 alias
706 3544 862 3608 translata
896 3552 944 3607 cst
977 3542 1066 3627 apud
1099 3544 1293 3628 posteriores
1327 3552 1438 3628 poetas
1473 3543 1528 3630 (cf.

134 3649 256 3731 Rzach,
279 3648 371 3712 Neue
393 3649 493 3713 Beitr.
510 3671 542 3734 p.
564 3646 628 3712 315
644 3646 717 3733 66),
749 3669 814 3712 666
836 3647 942 3729 video,
967 3668 1025 3710 cur
1047 3648 1226 3732 productio,
1251 3669 1334 3733 quae
1358 3648 1429 3711 fieri
1451 3649 1529 3714 solc-

134 3753 191 3819 bat
220 3760 294 3817 ante
325 3752 463 3838 liquidas
494 3761 526 3816 et
555 3753 583 3829 d,
615 3752 657 3816 ad
687 3752 826 3816 litteram
857 3775 878 3816 τ
908 3752 1076 3815 transferri
1105 3753 1297 3837 nequiverit.
1343 3772 1408 3836 qua
1436 3755 1528 3817 inre

134 3859 280 3922 conferas
304 3878 424 3943 quaeso
447 3855 586 3920 Hartelii
610 3856 721 3935 verba,
746 3878 829 3941 quae
853 3855 905 3919 ille
929 3855 1020 3921 Stud.
1036 3855 1068 3918 Ι2
1091 3878 1120 3940 p.
1139 3855 1181 3919 56
1205 3855 1246 3919 de
1269 3856 1413 3921 Homero
1436 3856 1527 3922 fecit:

135 3970 152 4024 ‘.
171 4011 178 4026 .
194 3984 261 4031 was
283 3962 378 4025 liesse
402 3960 470 4024 sich
494 3960 695 4026 erhebliches
726 3959 874 4044 dagegen
896 3960 1096 4043 einwenden,
1129 3958 1203 4023 dass
1237 3958 1289 4024 die
1312 3959 1473 4045 Langung
1494 3963 1527 4025 in

133 4065 174 4129 38
200 4118 207 4130 .
232 4117 239 4131 .
264 4064 377 4129 Fallen
406 4064 492 4131 nach
522 4064 663 4129 falscher
693 4064 851 4148 Analogie
881 4063 935 4128 bei
960 4064 1061 4149 jenen
1090 4064 1284 4148 Endungen,
1316 4064 1439 4129 welche
1469 4088 1528 4130 vor

132 4170 288 4255 liquidem
322 4170 444 4235 Anlaut
476 4168 588 4253 htufig
623 4168 710 4252 sind,
744 4169 853 4234 indem
885 4168 972 4233 diese
1006 4191 1065 4232 vor
1098 4169 1300 4253 explosivem
1332 4168 1454 4233 Anlaut
1487 4191 1528 4233 66

131 4383 338 4393 ...αα-...φοο-

236 4523 257 4588 ¹)
276 4522 307 4571 In
326 4538 351 4572 v.
364 4526 397 4573 22
421 4524 493 4574 enim
517 4525 617 4591 ὄρεσιν,
637 4524 708 4589 quod
726 4524 899 4574 Hermannus
922 4524 1037 4575 coniecit
1060 4537 1107 4591 pro
1126 4523 1209 4589 ὄρεσι,
1232 4513 1344 4571 revera
1365 4520 1393 4569 in
1418 4521 1526 4588 optimis

130 4609 206 4659 libris
224 4615 316 4659 extare
335 4626 407 4659 nnnc
427 4616 590 4676 compertum
610 4610 748 4660 habemus.
