3392 5067
360 225 482 289 140

356 417 478 481 hoc
528 420 723 481 etiam
771 417 897 481 Sol.
945 419 1046 499 36,
1094 417 1171 480 12
1218 419 1543 504 (trimetr.)
1589 420 1851 502 legitur,
1909 419 2234 501 Theognis
2280 439 2436 481 vero
2492 438 2684 479 sensu
2739 414 2874 479 fere
2923 414 3149 477 eodem

358 522 525 586 1015
570 524 878 608 πτήσσειν
921 525 1061 586 τινά
1110 522 1373 586 adhibet
1424 518 1605 608 (πρίν
1634 518 1693 587 τ’
1717 525 1988 609 ἐχθροὺς
2031 521 2323 609 πτῆξαι),
2373 544 2540 606 quae
2589 522 2977 583 constructio
3023 540 3145 581 non

352 628 443 690 ita
491 649 684 712 saepe
730 648 940 711 neque
988 649 1294 712 umquam
1339 630 1405 690 in
1446 628 1714 692 Homeri
1762 626 2155 691 carminibus
2202 635 2399 692 extat.
2479 648 2562 688 ex
2609 624 2826 689 verbis
2873 622 3151 687 cavendi

353 732 772 813 εὐλαβεῖσθαι
837 731 1013 815 apud
1073 731 1326 795 Atticos
1388 731 1647 795 demum
1708 734 2053 808 invenitur,
2124 732 2571 818 φυλάττεσθαι
2629 751 2807 811 vero,
2879 729 2998 791 etsi
3065 726 3147 790 ab

353 838 631 919 antiquis
688 836 1083 899 carminibus
1131 837 1329 920 epicis
1376 859 1505 900 non
1551 836 1834 900 alienum
1879 849 2004 918 est,
2062 836 2253 900 aliam
2300 837 2432 900 vim
2478 834 2692 899 habet.
2787 842 3010 897 contra
3065 854 3150 895 ex

354 939 593 1022 elegeis
661 939 790 1003 huc
856 940 1263 1005 referendum
1337 950 1434 1004 est
1499 940 1790 1024 Theogn.
1853 941 2018 1005 1309
2074 947 2151 1005 σὺ
2206 942 2277 1006 δὲ
2330 949 2528 1005 ταῦτα
2583 937 2879 1025 φύλαξαι.
2971 959 3148 1022 prae:

353 1053 530 1107 terea
612 1047 1215 1109 commemoratione
1296 1046 1493 1127 digna
1576 1057 1724 1109 sunt
1800 1044 2240 1134 ὀλοφύρεσθαί
2305 1070 2447 1110 τινα
2524 1044 2736 1129 (Tyrt.
2792 1043 2890 1124 12,
2939 1042 3016 1105 27
3089 1052 3152 1104 et

353 1148 641 1232 Theogn.
683 1149 897 1235 1131),
944 1172 1061 1235 pro
1096 1172 1220 1233 quo
1252 1172 1569 1235 nusquam
1616 1151 1968 1236 ὀδύρεσθαι
2015 1132 2374 1224 adhibetur,
2424 1154 2694 1215 πενθεῖν
2723 1172 2786 1212 τι
2830 1147 3148 1230 (Theogn.

354 1253 508 1332 83ος
558 1252 637 1316 cf.
687 1260 747 1317 T
780 1253 908 1317 225
957 1263 1020 1315 et
1072 1257 1135 1317 Ψ
1172 1253 1355 1340 283),
1413 1254 1709 1338 οἰμώζειν
1752 1259 1896 1319 τινά
1951 1253 2160 1339 (Tyrt.
2200 1255 2256 1333 7,
2295 1255 2379 1336 1),
2437 1252 2609 1337 quod
2661 1253 2930 1316 verbum
2975 1251 3150 1336 apud

352 1357 705 1422 Homerum
752 1381 1105 1444 numquam
1156 1360 1490 1422 transitive
1538 1367 1904 1443 usurpatur.
1984 1381 2148 1443 quae
2196 1369 2294 1421 est
2339 1381 2554 1439 causa,
2614 1380 2729 1421 cur
2773 1359 2838 1420 in
2887 1357 3153 1421 Homeri

352 1463 743 1527 carminibus
801 1472 1050 1527 tantum
1113 1464 1358 1528 formae
1420 1466 1673 1527 activae
1732 1473 1981 1543 extent,
2046 1466 2111 1526 in
2168 1463 2403 1545 elegeis
2459 1464 2650 1526 etiam
2707 1464 3006 1547 passivae
3060 1463 3150 1524 in-

350 1568 635 1645 niantur3
685 1568 765 1631 cf.
799 1568 1087 1651 Theogn.
1128 1567 1293 1631 1203
1313 1590 1405 1651 sq.
1456 1564 1623 1633 οὐδ’.
1647 1620 1659 1633 .
1685 1620 1700 1633 .
1730 1568 1736 1654 Ι
1774 1566 2129 1651 οἰμωχθεὶς
2160 1570 2286 1632 ὑπὸ
2325 1576 2437 1654 γῆν
2474 1558 2602 1632 εἶσι
2639 1568 2937 1650 τύραννος
2976 1569 3146 1652 ἀνήρ.

559 1671 648 1735 Ut
714 1674 842 1735 iam
908 1672 992 1734 ad
1054 1672 1289 1753 verba,
1362 1695 1527 1757 quae
1590 1674 1725 1737 vim
1785 1672 2166 1756 fugiendi,
2241 1670 2687 1752 deficiendi,
2760 1669 3146 1749 manendi,

350 1775 671 1857 latendi,
734 1775 1092 1840 imitandi
1154 1776 1416 1856 habent,
1480 1777 1821 1858 accedam,
1892 1777 2052 1840 haec
2114 1778 2338 1861 paucis
2407 1774 2901 1860 perstringenda
2969 1783 3144 1837 sunt:

351 1889 583 1963 poetae
645 1879 914 1962 elegiaci
978 1902 1125 1942 cum
1186 1880 1469 1944 Homero
1526 1881 1730 1945 verba
1789 1885 2058 1969 φεύγειν,
2128 1881 2469 1966 ἐκφεύγειν,
2539 1884 2922 1968 προφεύγειν
2984 1901 3146 1942 com-

350 1985 569 2048 munia
629 1983 890 2065 habent,
948 1983 1151 2047 verba
1209 2006 1355 2048 cum
1411 1984 1579 2047 binis
1632 1985 1738 2048 vel
1792 1984 2723 2069 pluribus'praepositionibus
2771 1985 3146 2068 composita,

350 2087 564 2171 qualia
629 2098 777 2151 sunt
829 2090 1262 2176 ὑπεκφεύγειν,
1318 2090 1880 2176 ὗπεκπροφεύγειν,
1937 2090 2544 2174 παρεκπροφεύγειν,
2606 2091 2673 2151 in
2729 2088 2965 2171 elegeis
3020 2109 3144 2150 non

354 2202 595 2255 extant.
689 2213 878 2277 porro
934 2190 1252 2257 ἐκλείπειν
1304 2197 1446 2257 τινά
1502 2193 1788 2276 Theogn.
1848 2193 1994 2274 942,
2050 2191 2408 2258 ἐπιλείπειν
2461 2192 2615 2255 ibid.
2670 2192 2830 2256 1131
2896 2191 3148 2275 legitur,

350 2320 476 2361 non
540 2298 695 2359 item
756 2296 934 2382 apud
995 2297 1355 2361 Homerum
1415 2319 1623 2383 neque
1688 2297 1864 2381 apud
1920 2297 2297 2360 Hesiodum.
2405 2320 2489 2359 ex
2559 2297 2775 2360 verbis
2843 2296 3147 2360 manendi

350 2401 639 2485 Theogn.
684 2401 807 2465 907
858 2393 1048 2467 αἶσαν
1092 2397 1313 2487 ἔμιμνε
1359 2403 1669 2466 traditum
1717 2413 1833 2485 est,
1879 2402 2088 2486 μένειν
2133 2412 2349 2465 autem
2394 2424 2716 2487 nusquam
2765 2423 2910 2464 cum
2955 2422 3144 2463 accu-

352 2509 558 2568 sativo
623 2508 1050 2589 coniungitur,
1124 2506 1190 2570 id
1238 2507 1436 2591 quod,
1501 2509 1635 2570 sive
1701 2517 1798 2570 est
1854 2508 2227 2570 ‘sustinere'
2278 2509 2412 2570 sive
2460 2506 2889 2591 ‘expectare',
2955 2527 3146 2591 saepe

349 2610 525 2695 apud
573 2611 930 2675 Homerum
981 2611 1073 2675 fit.
1166 2612 1278 2674 sed
1333 2614 1397 2675 in
1456 2611 1692 2696 elegeis
1750 2635 1866 2697 pro
1914 2634 2076 2676 voce
2121 2610 2329 2695 μένειν
2374 2611 2579 2675 verba
2634 2612 2987 2695 composita
3043 2632 3143 2673 no-

348 2716 520 2777 tione
577 2717 970 2799 expectandi
1026 2718 1341 2780 instructa
1397 2727 1571 2792 sunt,
1628 2715 1969 2799 ὖπομένειν
2014 2716 2303 2799 Theogn.
2357 2716 2518 2778 1127
2567 2719 2606 2804 ἥ
2651 2740 2759 2799 μιν
2813 2710 3146 2804 δήθ’ὑπέ-

348 2843 519 2902 μεινε
565 2817 730 2905 φίλῳ
778 2824 953 2905 παρὰ
996 2819 1189 2886 παιδὶ
1233 2819 1528 2904 μένουσα,
1574 2819 1957 2906 προσμένειν
2015 2821 2182 2883 1144
2234 2818 2468 2886 ἐλπίδα
2515 2819 2946 2905 προσμενέτω,
2996 2841 3143 2904 quo—

347 2945 491 2987 rum
546 2923 666 2988 hoc
722 2924 804 2988 ab
851 2923 1055 2987 Iliade
1112 2935 1176 2987 et
1222 2923 1506 3009 Odyssia
1562 2926 1840 2989 alienum
1899 2934 2020 3008 est,
2080 2926 2235 2989 illud
2285 2924 2641 2988 ‘sustinere'
2691 2923 2864 3009 apud
2912 2925 3145 2987 Home-

348 3050 488 3090 rum
546 3028 882 3110 significat.
969 3031 1124 3092 item
1171 3036 1518 3114 μιμεῖσθαι
1576 3030 1659 3094 ab
1708 3030 1974 3093 Homeri
2032 3040 2096 3092 et
2150 3030 2418 3092 Hesiodi
2475 3028 2872 3092 carminibus
2936 3028 3145 3109 abest,

349 3132 545 3194 semel
592 3133 659 3196 in
706 3132 940 3216 elegeis
988 3143 1169 3197 extat
1215 3135 1534 3219 (Theogn.
1584 3135 1760 3220 370).

554 3237 693 3299 Iam
741 3238 822 3300 de
869 3239 1197 3321 singulis
1245 3240 1706 3323 quibusdam
1755 3239 2017 3303 verbis
2065 3261 2277 3323 pauca
2321 3238 2623 3302 addenda
2670 3246 2835 3302 sunt.
2893 3261 2971 3302 ac
3019 3240 3142 3323 pri-

348 3363 524 3403 mum
571 3341 830 3424 quidem
879 3357 1004 3405 non
1053 3344 1287 3407 desunt
1327 3344 1549 3427 verba,
1600 3366 1765 3427 quae
1813 3343 1896 3406 ab
1946 3344 2226 3406 Homero
2274 3344 2675 3406 intransitive
2731 3354 3143 3426 usurpentur,

346 3446 411 3507 in
459 3445 695 3526 elegeis
742 3449 1098 3510 transitive.
1169 3448 1369 3510 veluti
1417 3449 1710 3530 Theogn.
1766 3447 1928 3509 1199
1979 3445 2089 3513 καί
2135 3471 2244 3530 μοι
2292 3445 2552 3533 κραδίην
2597 3444 2877 3522 ἐπάταξε
2922 3445 3146 3531 μέλαι-

346 3576 460 3614 ναν
524 3550 778 3633 legitur,
849 3554 1019 3636 apud
1084 3554 1437 3616 Homerum
1508 3558 1871 3618 πατάσσειν
1939 3562 2035 3615 est
2091 3553 2400 3637 ‘pulsare,
2462 3552 2815 3637 trepidare'
2880 3552 2978 3636 (N
3016 3551 3144 3615 282

346 3653 571 3742 κραδίη
618 3706 631 3719 .
669 3708 682 3719 .
719 3708 732 3721 .
782 3655 1099 3741 στέρνοισι
1150 3656 1523 3741 πατάσσει).
1613 3660 1766 3720 item
1831 3659 2104 3722 διανύειν
2164 3683 2197 3741 ρ
2254 3657 2376 3720 517
2431 3656 2639 3735 (ἅπαξ
2684 3658 2830 3743 εἰρ.)
2891 3655 3145 3720 obiecto

349 3768 527 3821 caret
581 3760 658 3823 οὔ
693 3783 798 3823 πω
844 3763 1165 3848 κακότητα
1214 3762 1501 3848 διήνυσεν
1546 3760 1620 3849 ἢν
1666 3763 1994 3847 ἀγορεύων,
2061 3764 2163 3824 61ιί
2219 3760 2359 3825 1060
2408 3760 2697 3842 Theogn.
2756 3761 2878 3823 511
2929 3765 3146 3841 βαθὺν

348 3862 457 3927 διὰ
501 3866 740 3929 πόντον
784 3866 1058 3942 ἀνύσσας
1110 3886 1418 3949 opponas,
1467 3888 1746 3949 quocum
1794 3866 2168 3929 conferendi
2217 3876 2364 3929 sunt
2413 3867 2564 3928 Hes.
2610 3864 2732 3949 Op.
2770 3865 2895 3928 635
2940 3865 3146 3930 πολὺν

348 3968 457 4032 διὰ
487 3970 728 4033 πόντον
758 3972 1030 4046 ἀνύσσας
1073 3979 1135 4031 et
1176 3970 1395 4053 hymn.
1432 3969 1644 4053 Apoll.
1682 3969 1827 4033 Del.
1872 3970 1988 4033 108
2036 3969 2278 4051 ταχέως
2319 3971 2388 4035 δὲ
2437 3971 2686 4056 διήνυσε
2732 3977 2864 4034 πᾶν
2908 3973 2982 4034 τὸ
3029 3994 3146 4052 με-

348 4077 504 4159 σηγύ
558 4082 622 4134 et
674 4072 895 4156 hymn.
947 4072 1091 4137 Ger.
1143 4072 1269 4136 380
1323 4072 1528 4159 ῥίμφα
1584 4076 1651 4139 δὲ
1699 4081 1908 4158 μακρὰ
1953 4074 2228 4140 κέλευθα
2277 4076 2573 4161 διήνυσαν
2621 4073 2730 4158 (cf.
2780 4074 2881 4136 La
2923 4072 3144 4137 Roche

349 4180 386 4256 ξ
420 4175 522 4258 89,
555 4177 645 4260 2).
738 4178 1061 4240 Homerus
1108 4185 1344 4260 autem,
1392 4201 1521 4242 non
1567 4181 1721 4241 item
1767 4179 2114 4259 HesiodUS,
2165 4180 2391 4243 eodem
2438 4202 2630 4241 sensu
2677 4177 2894 4241 verbis
2940 4181 3146 4264 πρήτ-

346 4304 479 4343 τειν
525 4291 588 4344 et
633 4282 1043 4369 διαπρήττειν
1089 4284 1304 4360 utitur,
1364 4281 1477 4345 sed
1531 4284 1647 4361 ita,
1706 4293 1777 4345 ut
1837 4285 2249 4345 aecusativus
2307 4306 2560 4368 semper
2615 4285 2695 4345 sit
2747 4282 3144 4368 κέλευθονςῐ)

350 4385 432 4448 cf.
477 4408 577 4447 ex.
622 4408 715 4467 gr.
759 4411 791 4448 ν
831 4384 913 4447 83
960 4384 1163 4473 ῥίμφα
1209 4390 1566 4474 πρήσσουσι
1613 4385 1936 4468 κέλευθον,
1987 4393 2063 4453 Α
2109 4387 2235 4451 483
2286 4389 2772 4474 διαπρήσσουσα
2816 4386 3143 4475 κέλευθον,

560 4527 600 4592 1)
637 4528 995 4576 Inveniuntur
1051 4544 1114 4577 ea
1159 4528 1323 4578 verba
1378 4532 1538 4578 etiam
1595 4532 1651 4578 in
1697 4530 1913 4594 hymnis
1958 4531 2242 4580 homericis
2296 4536 2348 4581 et
2403 4531 2544 4596 apud
2591 4532 2914 4581 recentiores
2959 4536 3146 4595 poetas

350 4616 552 4678 epicos;
591 4615 684 4665 sed
720 4615 905 4665 horum
944 4632 1070 4665 usus
1107 4617 1173 4666 ab
1211 4633 1312 4667 usu
1346 4617 1567 4666 Homeri
1606 4631 1669 4666 eo
1709 4617 1902 4679 differt,
1941 4620 2081 4682 quod
2120 4619 2227 4668 alia
2265 4619 2600 4668 substantiva
2637 4619 2833 4669 obiecti
2871 4620 2990 4669 vice
3025 4618 3143 4669 fun—
