<?xml version="1.0" encoding="UTF-8"?>
<!DOCTYPE html PUBLIC "-//W3C//DTD XHTML 1.0 Transitional//EN"
    "http://www.w3.org/TR/xhtml1/DTD/xhtml1-transitional.dtd">
<html xmlns="http://www.w3.org/1999/xhtml" xml:lang="en" lang="en">
 <head>
  <title>
</title>
<meta http-equiv="Content-Type" content="text/html;charset=utf-8" />
  <meta name='ocr-system' content='tesseract 3.04.00' />
  <meta name='ocr-capabilities' content='ocr_page ocr_carea ocr_par ocr_line ocrx_word'/>
</head>
<body>
  <div class='ocr_page' id='page_1' title='image "./dissertationesp04wiengoog_0133.png"; bbox 0 0 3392 5067; ppageno 0'>
   <div class='ocr_carea' id='block_1_1' title="bbox 357 241 480 304">
    <p class='ocr_par' dir='ltr' id='par_1_1' title="bbox 357 241 480 304">
     <span class='ocr_line' id='line_1_1' title="bbox 357 241 480 304; baseline 0 0"><span class='ocrx_word' id='word_1_1' title='bbox 357 241 480 304; x_wconf 79' lang='lat'>122</span> 
     </span>
    </p>
   </div>
   <div class='ocr_carea' id='block_1_2' title="bbox 353 434 3168 4703">
    <p class='ocr_par' dir='ltr' id='par_1_2' title="bbox 353 434 3165 2603">
     <span class='ocr_line' id='line_1_2' title="bbox 353 434 3165 520; baseline 0.001 -21"><span class='ocrx_word' id='word_1_2' title='bbox 353 457 417 519; x_wconf 91' lang='lat' dir='ltr'>p.</span> <span class='ocrx_word' id='word_1_3' title='bbox 454 435 558 497; x_wconf 84' lang='lat'>61.</span> <span class='ocrx_word' id='word_1_4' title='bbox 637 437 700 497; x_wconf 92' lang='lat' dir='ltr'>in</span> <span class='ocrx_word' id='word_1_5' title='bbox 745 434 983 517; x_wconf 85' lang='lat' dir='ltr'>elegeis</span> <span class='ocrx_word' id='word_1_6' title='bbox 1032 445 1249 499; x_wconf 90' lang='lat' dir='ltr'>autem</span> <span class='ocrx_word' id='word_1_7' title='bbox 1287 434 1353 497; x_wconf 87' lang='lat' dir='ltr'>id</span> <span class='ocrx_word' id='word_1_8' title='bbox 1398 457 1602 518; x_wconf 86' lang='lat' dir='ltr'>genus</span> <span class='ocrx_word' id='word_1_9' title='bbox 1647 436 1948 520; x_wconf 84' lang='lat' dir='ltr'>exempla</span> <span class='ocrx_word' id='word_1_10' title='bbox 1980 437 2222 520; x_wconf 87' lang='lat' dir='ltr'>ubique</span> <span class='ocrx_word' id='word_1_11' title='bbox 2254 439 2567 517; x_wconf 77' lang='lat' dir='ltr'>inveniaS,</span> <span class='ocrx_word' id='word_1_12' title='bbox 2616 439 2795 502; x_wconf 89' lang='lat' dir='ltr'>velut</span> <span class='ocrx_word' id='word_1_13' title='bbox 2825 438 2954 502; x_wconf 81' lang='lat' dir='ltr'>Sol.</span> <span class='ocrx_word' id='word_1_14' title='bbox 2988 440 3048 520; x_wconf 88' lang='grc'>4,</span> <span class='ocrx_word' id='word_1_15' title='bbox 3090 440 3165 502; x_wconf 93' lang='grc'>15</span> 
     </span>
     <span class='ocr_line' id='line_1_3' title="bbox 354 535 3165 627; baseline 0.001 -23"><span class='ocrx_word' id='word_1_16' title='bbox 354 539 393 627; x_wconf 74' lang='grc' dir='ltr'>ἢ</span> <span class='ocrx_word' id='word_1_17' title='bbox 441 548 686 623; x_wconf 82' lang='grc' dir='ltr'><em>σιγῶσα</em></span> <span class='ocrx_word' id='word_1_18' title='bbox 739 539 987 604; x_wconf 85' lang='grc' dir='ltr'><em>σύνοιδε</em></span> <span class='ocrx_word' id='word_1_19' title='bbox 1042 542 1122 602; x_wconf 83' lang='grc' dir='ltr'>τὰ</span> <span class='ocrx_word' id='word_1_20' title='bbox 1168 540 1497 623; x_wconf 79' lang='grc' dir='ltr'><em>γιγνόμενα</em></span> <span class='ocrx_word' id='word_1_21' title='bbox 1542 541 1671 623; x_wconf 92' lang='grc' dir='ltr'>πρό</span> <span class='ocrx_word' id='word_1_22' title='bbox 1717 535 1999 620; x_wconf 73' lang='grc' dir='ltr'><em>τ’ἐόντα,</em></span> <span class='ocrx_word' id='word_1_23' title='bbox 2053 543 2154 603; x_wconf 86' lang='lat' dir='ltr'>cui</span> <span class='ocrx_word' id='word_1_24' title='bbox 2201 541 2342 604; x_wconf 92' lang='lat' dir='ltr'>loco</span> <span class='ocrx_word' id='word_1_25' title='bbox 2390 541 2748 605; x_wconf 87' lang='lat' dir='ltr'>simillimus</span> <span class='ocrx_word' id='word_1_26' title='bbox 2795 553 2893 606; x_wconf 90' lang='lat' dir='ltr'>est</span> <span class='ocrx_word' id='word_1_27' title='bbox 2938 566 3165 606; x_wconf 89' lang='lat' dir='ltr'>versus</span> 
     </span>
     <span class='ocr_line' id='line_1_4' title="bbox 353 637 3165 732; baseline 0.003 -28"><span class='ocrx_word' id='word_1_28' title='bbox 353 642 413 704; x_wconf 86' lang='lat' dir='ltr'><strong><em>A</em></strong></span> <span class='ocrx_word' id='word_1_29' title='bbox 447 643 529 706; x_wconf 86' lang='lat'>70</span> <span class='ocrx_word' id='word_1_30' title='bbox 574 642 643 721; x_wconf 84' lang='grc' dir='ltr'>ὃς</span> <span class='ocrx_word' id='word_1_31' title='bbox 685 645 806 732; x_wconf 73' lang='grc' dir='ltr'>ᾔδη</span> <span class='ocrx_word' id='word_1_32' title='bbox 852 648 933 707; x_wconf 84' lang='grc' dir='ltr'>τά</span> <span class='ocrx_word' id='word_1_33' title='bbox 978 637 1239 709; x_wconf 75' lang='grc' dir='ltr'><em>τ’ἒόντα</em></span> <span class='ocrx_word' id='word_1_34' title='bbox 1285 648 1365 707; x_wconf 88' lang='grc' dir='ltr'>τά</span> <span class='ocrx_word' id='word_1_35' title='bbox 1410 639 1468 707; x_wconf 74' lang='grc' dir='ltr'>τ’</span> <span class='ocrx_word' id='word_1_36' title='bbox 1492 645 1806 729; x_wconf 75' lang='grc' dir='ltr'><em>ἐσσόμενα</em></span> <span class='ocrx_word' id='word_1_37' title='bbox 1852 647 1979 730; x_wconf 89' lang='grc' dir='ltr'>πρό</span> <span class='ocrx_word' id='word_1_38' title='bbox 2025 641 2085 708; x_wconf 74' lang='grc' dir='ltr'>τ’</span> <span class='ocrx_word' id='word_1_39' title='bbox 2101 646 2305 725; x_wconf 79' lang='grc' dir='ltr'><em>ἐόντα,</em></span> <span class='ocrx_word' id='word_1_40' title='bbox 2354 645 2645 730; x_wconf 85' lang='lat' dir='ltr'>Theogn.</span> <span class='ocrx_word' id='word_1_41' title='bbox 2686 647 2808 711; x_wconf 79' lang='grc'>162</span> <span class='ocrx_word' id='word_1_42' title='bbox 2851 651 2927 712; x_wconf 83' lang='grc' dir='ltr'>τὸ</span> <span class='ocrx_word' id='word_1_43' title='bbox 2971 651 3165 712; x_wconf 86' lang='grc' dir='ltr'><em>κακὸν</em></span> 
     </span>
     <span class='ocr_line' id='line_1_5' title="bbox 358 746 3160 834; baseline 0 -22"><span class='ocrx_word' id='word_1_44' title='bbox 358 747 593 826; x_wconf 84' lang='grc' dir='ltr'><em>δοκέον,</em></span> <span class='ocrx_word' id='word_1_45' title='bbox 646 747 765 809; x_wconf 79' lang='grc'>721</span> <span class='ocrx_word' id='word_1_46' title='bbox 816 753 896 812; x_wconf 82' lang='grc' dir='ltr'>τὰ</span> <span class='ocrx_word' id='word_1_47' title='bbox 943 746 1189 827; x_wconf 78' lang='grc' dir='ltr'><em>δέοντα,</em></span> <span class='ocrx_word' id='word_1_48' title='bbox 1243 747 1404 811; x_wconf 95' lang='grc'><strong>1077</strong></span> <span class='ocrx_word' id='word_1_49' title='bbox 1462 752 1590 833; x_wconf 80' lang='grc' dir='ltr'>πρὸ</span> <span class='ocrx_word' id='word_1_50' title='bbox 1638 749 1708 813; x_wconf 79' lang='grc' dir='ltr'>δὲ</span> <span class='ocrx_word' id='word_1_51' title='bbox 1754 760 1868 813; x_wconf 81' lang='grc' dir='ltr'>τοῦ</span> <span class='ocrx_word' id='word_1_52' title='bbox 1911 750 2251 828; x_wconf 85' lang='grc' dir='ltr'><em>μέλλοντος</em></span> <span class='ocrx_word' id='word_1_53' title='bbox 2295 746 2598 831; x_wconf 66' lang='grc' dir='ltr'><em>ἔσεσθαι,</em></span> <span class='ocrx_word' id='word_1_54' title='bbox 2646 753 2801 814; x_wconf 89' lang='lat' dir='ltr'>item</span> <span class='ocrx_word' id='word_1_55' title='bbox 2846 759 2966 815; x_wconf 88' lang='lat' dir='ltr'>art.</span> <span class='ocrx_word' id='word_1_56' title='bbox 3015 773 3160 834; x_wconf 84' lang='lat' dir='ltr'>gen.</span> 
     </span>
     <span class='ocr_line' id='line_1_6' title="bbox 357 850 3164 941; baseline 0.002 -27"><span class='ocrx_word' id='word_1_57' title='bbox 357 874 554 914; x_wconf 89' lang='lat' dir='ltr'>masc.</span> <span class='ocrx_word' id='word_1_58' title='bbox 599 851 725 915; x_wconf 85' lang='lat' dir='ltr'>Sol.</span> <span class='ocrx_word' id='word_1_59' title='bbox 767 851 865 932; x_wconf 85' lang='lat'>13,</span> <span class='ocrx_word' id='word_1_60' title='bbox 910 852 987 914; x_wconf 88' lang='lat'>61</span> <span class='ocrx_word' id='word_1_61' title='bbox 1031 856 1141 916; x_wconf 83' lang='grc' dir='ltr'><em>τὸν</em></span> <span class='ocrx_word' id='word_1_62' title='bbox 1177 860 1262 919; x_wconf 78' lang='grc'><em>...’</em></span> <span class='ocrx_word' id='word_1_63' title='bbox 1296 855 1702 937; x_wconf 81' lang='grc' dir='ltr'><em>κακούμενον,</em></span> <span class='ocrx_word' id='word_1_64' title='bbox 1746 854 2034 941; x_wconf 75' lang='lat' dir='ltr'>Theogp.</span> <span class='ocrx_word' id='word_1_65' title='bbox 2069 853 2197 917; x_wconf 83' lang='lat'>473</span> <span class='ocrx_word' id='word_1_66' title='bbox 2235 863 2324 940; x_wconf 79' lang='grc' dir='ltr'>τῷ</span> <span class='ocrx_word' id='word_1_67' title='bbox 2356 853 2566 920; x_wconf 81' lang='grc' dir='ltr'><em>πίνειν</em></span> <span class='ocrx_word' id='word_1_68' title='bbox 2599 850 2992 935; x_wconf 70' lang='grc' dir='ltr'><em>δ’ἑθέλοντι,</em></span> <span class='ocrx_word' id='word_1_69' title='bbox 3038 856 3164 920; x_wconf 87' lang='grc'>904</span> 
     </span>
     <span class='ocr_line' id='line_1_7' title="bbox 353 958 3161 1045; baseline 0.002 -26"><span class='ocrx_word' id='word_1_70' title='bbox 353 963 490 1033; x_wconf 83' lang='grc' dir='ltr'><em>τοῖς</em></span> <span class='ocrx_word' id='word_1_71' title='bbox 520 963 783 1021; x_wconf 81' lang='grc' dir='ltr'><em>συνιεῖσι</em></span> <span class='ocrx_word' id='word_1_72' title='bbox 818 958 962 1020; x_wconf 89' lang='lat' dir='ltr'>alia.</span> <span class='ocrx_word' id='word_1_73' title='bbox 1006 960 1114 1041; x_wconf 91' lang='lat' dir='ltr'>qui</span> <span class='ocrx_word' id='word_1_74' title='bbox 1155 980 1308 1022; x_wconf 91' lang='lat' dir='ltr'>usus</span> <span class='ocrx_word' id='word_1_75' title='bbox 1351 968 1664 1043; x_wconf 88' lang='lat' dir='ltr'>quantum</span> <span class='ocrx_word' id='word_1_76' title='bbox 1706 969 1942 1043; x_wconf 89' lang='lat' dir='ltr'>pateat,</span> <span class='ocrx_word' id='word_1_77' title='bbox 1987 960 2225 1044; x_wconf 90' lang='lat' dir='ltr'>optime</span> <span class='ocrx_word' id='word_1_78' title='bbox 2271 981 2354 1022; x_wconf 83' lang='lat' dir='ltr'>ex</span> <span class='ocrx_word' id='word_1_79' title='bbox 2396 959 2716 1023; x_wconf 83' lang='lat' dir='ltr'>similibus</span> <span class='ocrx_word' id='word_1_80' title='bbox 2764 960 2920 1024; x_wconf 88' lang='lat' dir='ltr'>locis</span> <span class='ocrx_word' id='word_1_81' title='bbox 2967 961 3161 1045; x_wconf 89' lang='lat' dir='ltr'>adpa-</span> 
     </span>
     <span class='ocr_line' id='line_1_8' title="bbox 354 1063 3162 1146; baseline 0.002 -25"><span class='ocrx_word' id='word_1_82' title='bbox 354 1071 454 1122; x_wconf 90' lang='lat' dir='ltr'>ret</span> <span class='ocrx_word' id='word_1_83' title='bbox 492 1063 581 1123; x_wconf 89' lang='lat' dir='ltr'>ita</span> <span class='ocrx_word' id='word_1_84' title='bbox 623 1065 1030 1145; x_wconf 77' lang='lat' dir='ltr'>comparatiS,</span> <span class='ocrx_word' id='word_1_85' title='bbox 1079 1074 1148 1125; x_wconf 90' lang='lat' dir='ltr'>ut</span> <span class='ocrx_word' id='word_1_86' title='bbox 1195 1086 1233 1125; x_wconf 92' lang='lat' dir='ltr'>a</span> <span class='ocrx_word' id='word_1_87' title='bbox 1274 1065 1479 1146; x_wconf 89' lang='lat' dir='ltr'>poetis</span> <span class='ocrx_word' id='word_1_88' title='bbox 1523 1063 1827 1146; x_wconf 79' lang='lat' dir='ltr'>elegiacis</span> <span class='ocrx_word' id='word_1_89' title='bbox 1871 1063 2178 1126; x_wconf 79' lang='lat' dir='ltr'>articulus</span> <span class='ocrx_word' id='word_1_90' title='bbox 2220 1064 2559 1145; x_wconf 83' lang='lat' dir='ltr'>adiciatur,</span> <span class='ocrx_word' id='word_1_91' title='bbox 2615 1066 2679 1128; x_wconf 91' lang='lat' dir='ltr'>in</span> <span class='ocrx_word' id='word_1_92' title='bbox 2723 1066 2989 1129; x_wconf 89' lang='lat' dir='ltr'>Homeri</span> <span class='ocrx_word' id='word_1_93' title='bbox 3032 1088 3162 1128; x_wconf 92' lang='lat' dir='ltr'>car-</span> 
     </span>
     <span class='ocr_line' id='line_1_9' title="bbox 356 1163 3163 1254; baseline 0 -22"><span class='ocrx_word' id='word_1_94' title='bbox 356 1167 634 1232; x_wconf 89' lang='lat' dir='ltr'>minibus</span> <span class='ocrx_word' id='word_1_95' title='bbox 677 1166 863 1250; x_wconf 89' lang='lat' dir='ltr'>desit,</span> <span class='ocrx_word' id='word_1_96' title='bbox 908 1167 1085 1230; x_wconf 88' lang='lat' dir='ltr'>velut</span> <span class='ocrx_word' id='word_1_97' title='bbox 1123 1166 1413 1249; x_wconf 81' lang='lat' dir='ltr'>Theogn.</span> <span class='ocrx_word' id='word_1_98' title='bbox 1449 1167 1577 1230; x_wconf 87' lang='grc'>515</span> <span class='ocrx_word' id='word_1_99' title='bbox 1624 1168 1843 1231; x_wconf 86' lang='lat' dir='ltr'>verbis</span> <span class='ocrx_word' id='word_1_100' title='bbox 1888 1176 2016 1231; x_wconf 83' lang='grc' dir='ltr'><em>τῶν</em></span> <span class='ocrx_word' id='word_1_101' title='bbox 2062 1163 2338 1233; x_wconf 73' lang='grc' dir='ltr'><em>δ’ὅντων</em></span> <span class='ocrx_word' id='word_1_102' title='bbox 2381 1170 2650 1251; x_wconf 70' lang='grc' dir='ltr'><em>τᾶριστα</em></span> <span class='ocrx_word' id='word_1_103' title='bbox 2698 1167 3055 1254; x_wconf 78' lang='grc' dir='ltr'><em>παρέξομεν</em></span> <span class='ocrx_word' id='word_1_104' title='bbox 3101 1180 3163 1233; x_wconf 88' lang='lat' dir='ltr'>et</span> 
     </span>
     <span class='ocr_line' id='line_1_10' title="bbox 356 1271 3163 1358; baseline 0 -22"><span class='ocrx_word' id='word_1_105' title='bbox 356 1273 644 1336; x_wconf 91' lang='lat' dir='ltr'>eiusdem</span> <span class='ocrx_word' id='word_1_106' title='bbox 684 1281 915 1356; x_wconf 86' lang='lat' dir='ltr'>poetae</span> <span class='ocrx_word' id='word_1_107' title='bbox 957 1271 1176 1335; x_wconf 88' lang='lat' dir='ltr'>verbis</span> <span class='ocrx_word' id='word_1_108' title='bbox 1216 1272 1340 1334; x_wconf 89' lang='grc'>517</span> <span class='ocrx_word' id='word_1_109' title='bbox 1390 1273 1533 1336; x_wconf 65' lang='grc' dir='ltr'><em>οὔτε</em></span> <span class='ocrx_word' id='word_1_110' title='bbox 1572 1296 1636 1336; x_wconf 93' lang='grc' dir='ltr'><em>τι</em></span> <span class='ocrx_word' id='word_1_111' title='bbox 1682 1282 1810 1337; x_wconf 80' lang='grc' dir='ltr'><em>τῶν</em></span> <span class='ocrx_word' id='word_1_112' title='bbox 1855 1272 2053 1337; x_wconf 71' lang='grc' dir='ltr'><em>ὄντων</em></span> <span class='ocrx_word' id='word_1_113' title='bbox 2099 1276 2523 1358; x_wconf 68' lang='grc' dir='ltr'><em>ἀποθήσομαι</em></span> <span class='ocrx_word' id='word_1_114' title='bbox 2573 1273 2824 1336; x_wconf 88' lang='lat' dir='ltr'>collatis</span> <span class='ocrx_word' id='word_1_115' title='bbox 2873 1296 3020 1337; x_wconf 92' lang='lat' dir='ltr'>cum</span> <span class='ocrx_word' id='word_1_116' title='bbox 3065 1274 3163 1336; x_wconf 92' lang='lat' dir='ltr'>his</span> 
     </span>
     <span class='ocr_line' id='line_1_11' title="bbox 356 1374 3163 1462; baseline 0.002 -26"><span class='ocrx_word' id='word_1_117' title='bbox 356 1376 649 1441; x_wconf 82' lang='lat' dir='ltr'>versibus</span> <span class='ocrx_word' id='word_1_118' title='bbox 704 1375 1073 1439; x_wconf 84' lang='lat' dir='ltr'>homericis:</span> <span class='ocrx_word' id='word_1_119' title='bbox 1121 1402 1159 1462; x_wconf 80' lang='grc' dir='ltr'>η</span> <span class='ocrx_word' id='word_1_120' title='bbox 1212 1376 1333 1439; x_wconf 89' lang='grc'>166</span> <span class='ocrx_word' id='word_1_121' title='bbox 1383 1377 1625 1461; x_wconf 78' lang='grc' dir='ltr'><em>δόρπον</em></span> <span class='ocrx_word' id='word_1_122' title='bbox 1668 1424 1681 1438; x_wconf 92' lang='grc'><strong>.</strong></span> <span class='ocrx_word' id='word_1_123' title='bbox 1712 1428 1769 1441; x_wconf 94' lang='grc'>..</span> <span class='ocrx_word' id='word_1_124' title='bbox 1821 1378 1988 1442; x_wconf 89' lang='grc' dir='ltr'><em>δότω</em></span> <span class='ocrx_word' id='word_1_125' title='bbox 2036 1374 2216 1442; x_wconf 77' lang='grc' dir='ltr'><em>ἔνδον</em></span> <span class='ocrx_word' id='word_1_126' title='bbox 2259 1377 2492 1442; x_wconf 79' lang='grc' dir='ltr'><em>ἐόντων</em></span> <span class='ocrx_word' id='word_1_127' title='bbox 2538 1386 2601 1439; x_wconf 89' lang='lat' dir='ltr'>et</span> <span class='ocrx_word' id='word_1_128' title='bbox 2647 1403 2688 1442; x_wconf 89' lang='grc' dir='ltr'><em>α</em></span> <span class='ocrx_word' id='word_1_129' title='bbox 2741 1378 2864 1441; x_wconf 89' lang='grc'>140</span> <span class='ocrx_word' id='word_1_130' title='bbox 2910 1377 3163 1462; x_wconf 77' lang='grc' dir='ltr'><em>χαριζο-</em></span> 
     </span>
     <span class='ocr_line' id='line_1_12' title="bbox 355 1480 3160 1568; baseline 0 -23"><span class='ocrx_word' id='word_1_131' title='bbox 355 1480 508 1567; x_wconf 78' lang='grc' dir='ltr'><em>μένη</em></span> <span class='ocrx_word' id='word_1_132' title='bbox 556 1482 937 1566; x_wconf 84' lang='grc' dir='ltr'><em>παρεόντων.</em></span> <span class='ocrx_word' id='word_1_133' title='bbox 1013 1491 1234 1545; x_wconf 87' lang='lat' dir='ltr'>contra</span> <span class='ocrx_word' id='word_1_134' title='bbox 1280 1503 1425 1545; x_wconf 86' lang='lat' dir='ltr'>raro</span> <span class='ocrx_word' id='word_1_135' title='bbox 1474 1481 1786 1544; x_wconf 88' lang='lat' dir='ltr'>eiusmodi</span> <span class='ocrx_word' id='word_1_136' title='bbox 1841 1481 1964 1543; x_wconf 92' lang='lat' dir='ltr'>loci</span> <span class='ocrx_word' id='word_1_137' title='bbox 2029 1492 2253 1543; x_wconf 85' lang='lat' dir='ltr'>carent</span> <span class='ocrx_word' id='word_1_138' title='bbox 2307 1480 2482 1566; x_wconf 88' lang='lat' dir='ltr'>apud</span> <span class='ocrx_word' id='word_1_139' title='bbox 2538 1481 2910 1564; x_wconf 80' lang='lat' dir='ltr'>elegearum</span> <span class='ocrx_word' id='word_1_140' title='bbox 2967 1484 3160 1568; x_wconf 90' lang='lat' dir='ltr'>scrip-</span> 
     </span>
     <span class='ocr_line' id='line_1_13' title="bbox 354 1576 3160 1672; baseline 0.001 -24"><span class='ocrx_word' id='word_1_141' title='bbox 354 1595 523 1649; x_wconf 86' lang='lat' dir='ltr'>tores</span> <span class='ocrx_word' id='word_1_142' title='bbox 595 1584 895 1661; x_wconf 82' lang='lat' dir='ltr'>articulO,</span> <span class='ocrx_word' id='word_1_143' title='bbox 966 1587 1145 1648; x_wconf 88' lang='lat' dir='ltr'>velut</span> <span class='ocrx_word' id='word_1_144' title='bbox 1206 1585 1495 1667; x_wconf 86' lang='lat' dir='ltr'>Theogn.</span> <span class='ocrx_word' id='word_1_145' title='bbox 1558 1584 1681 1648; x_wconf 80' lang='grc'>251</span> <span class='ocrx_word' id='word_1_146' title='bbox 1715 1607 1806 1670; x_wconf 90' lang='lat' dir='ltr'>sq.</span> <span class='ocrx_word' id='word_1_147' title='bbox 1869 1594 2033 1650; x_wconf 84' lang='grc' dir='ltr'><em>πᾶσι</em></span> <span class='ocrx_word' id='word_1_148' title='bbox 2096 1590 2228 1669; x_wconf 83' lang='grc' dir='ltr'><em>γάρ,</em></span> <span class='ocrx_word' id='word_1_149' title='bbox 2293 1576 2426 1650; x_wconf 81' lang='grc' dir='ltr'><em>οἷσι</em></span> <span class='ocrx_word' id='word_1_150' title='bbox 2486 1584 2740 1672; x_wconf 83' lang='grc' dir='ltr'><em>μέμηλε,</em></span> <span class='ocrx_word' id='word_1_151' title='bbox 2803 1585 2912 1652; x_wconf 80' lang='grc' dir='ltr'>καὶ</span> <span class='ocrx_word' id='word_1_152' title='bbox 2971 1587 3160 1652; x_wconf 77' lang='grc' dir='ltr'><em>ἑσσο-</em></span> 
     </span>
     <span class='ocr_line' id='line_1_14' title="bbox 353 1685 3160 1777; baseline -0 -23"><span class='ocrx_word' id='word_1_153' title='bbox 353 1691 638 1774; x_wconf 87' lang='grc' dir='ltr'><em>μένοισιν</em></span> <span class='ocrx_word' id='word_1_154' title='bbox 685 1689 872 1775; x_wconf 81' lang='grc' dir='ltr'><em>ἀοιδὴ</em></span> <span class='ocrx_word' id='word_1_155' title='bbox 914 1688 922 1773; x_wconf 90' lang='grc' dir='ltr'>Ι</span> <span class='ocrx_word' id='word_1_156' title='bbox 964 1685 1146 1777; x_wconf 80' lang='grc' dir='ltr'><em>ἔσσῃ,</em></span> <span class='ocrx_word' id='word_1_157' title='bbox 1210 1688 1320 1752; x_wconf 91' lang='lat' dir='ltr'>ubi</span> <span class='ocrx_word' id='word_1_158' title='bbox 1381 1690 1687 1752; x_wconf 82' lang='lat' dir='ltr'>articulus</span> <span class='ocrx_word' id='word_1_159' title='bbox 1751 1692 2020 1754; x_wconf 90' lang='lat' dir='ltr'>omissus</span> <span class='ocrx_word' id='word_1_160' title='bbox 2084 1712 2168 1752; x_wconf 81' lang='lat' dir='ltr'>ex</span> <span class='ocrx_word' id='word_1_161' title='bbox 2229 1691 2585 1754; x_wconf 83' lang='lat' dir='ltr'>imitatione</span> <span class='ocrx_word' id='word_1_162' title='bbox 2656 1692 2985 1755; x_wconf 87' lang='lat' dir='ltr'>homerica</span> <span class='ocrx_word' id='word_1_163' title='bbox 3055 1714 3160 1754; x_wconf 85' lang='lat' dir='ltr'>ex-</span> 
     </span>
     <span class='ocr_line' id='line_1_15' title="bbox 355 1791 3163 1884; baseline 0.001 -26"><span class='ocrx_word' id='word_1_164' title='bbox 355 1795 633 1879; x_wconf 89' lang='lat' dir='ltr'>plicatur</span> <span class='ocrx_word' id='word_1_165' title='bbox 694 1831 775 1839; x_wconf 95' lang='lat'><strong>—</strong></span> <span class='ocrx_word' id='word_1_166' title='bbox 838 1793 917 1855; x_wconf 89' lang='lat' dir='ltr'>cf.</span> <span class='ocrx_word' id='word_1_167' title='bbox 976 1798 1029 1859; x_wconf 72' lang='grc' dir='ltr'><em>θ</em></span> <span class='ocrx_word' id='word_1_168' title='bbox 1076 1793 1204 1857; x_wconf 92' lang='grc'><strong>580</strong></span> <span class='ocrx_word' id='word_1_169' title='bbox 1262 1794 1366 1858; x_wconf 82' lang='grc' dir='ltr'><em>ἵνα</em></span> <span class='ocrx_word' id='word_1_170' title='bbox 1425 1791 1532 1882; x_wconf 75' lang='grc' dir='ltr'><em>ᾖσι</em></span> <span class='ocrx_word' id='word_1_171' title='bbox 1592 1793 1702 1859; x_wconf 80' lang='grc' dir='ltr'>καὶ</span> <span class='ocrx_word' id='word_1_172' title='bbox 1761 1792 2204 1877; x_wconf 77' lang='grc' dir='ltr'><em>ἐσσομένοισιν</em></span> <span class='ocrx_word' id='word_1_173' title='bbox 2264 1795 2450 1884; x_wconf 76' lang='grc' dir='ltr'><em>ἀοιδή</em></span> <span class='ocrx_word' id='word_1_174' title='bbox 2514 1806 2577 1858; x_wconf 89' lang='lat' dir='ltr'>et</span> <span class='ocrx_word' id='word_1_175' title='bbox 2628 1818 2665 1877; x_wconf 81' lang='grc' dir='ltr'><em>γ</em></span> <span class='ocrx_word' id='word_1_176' title='bbox 2723 1794 2850 1858; x_wconf 80' lang='grc'><strong>204</strong></span> <span class='ocrx_word' id='word_1_177' title='bbox 2916 1793 3163 1860; x_wconf 70' lang='grc' dir='ltr'><em>οἴσουσι</em></span> 
     </span>
     <span class='ocr_line' id='line_1_16' title="bbox 357 1896 3163 1987; baseline 0 -24"><span class='ocrx_word' id='word_1_178' title='bbox 357 1897 534 1976; x_wconf 81' lang='grc' dir='ltr'><em>κλέος</em></span> <span class='ocrx_word' id='word_1_179' title='bbox 592 1902 733 1982; x_wconf 83' lang='grc' dir='ltr'><em>εὐρὺ</em></span> <span class='ocrx_word' id='word_1_180' title='bbox 796 1896 904 1962; x_wconf 80' lang='grc' dir='ltr'>καὶ</span> <span class='ocrx_word' id='word_1_181' title='bbox 958 1896 1398 1983; x_wconf 76' lang='grc' dir='ltr'><em>ἐσσομένοισιν</em></span> <span class='ocrx_word' id='word_1_182' title='bbox 1457 1899 1682 1987; x_wconf 78' lang='grc' dir='ltr'><em>ἀοιδήν</em></span> <span class='ocrx_word' id='word_1_183' title='bbox 1740 1938 1819 1945; x_wconf 92' lang='grc'>-</span> <span class='ocrx_word' id='word_1_184' title='bbox 1871 1897 2000 1973; x_wconf 76' lang='lat' dir='ltr'>vel,</span> <span class='ocrx_word' id='word_1_185' title='bbox 2067 1898 2179 1962; x_wconf 92' lang='lat' dir='ltr'>ubi</span> <span class='ocrx_word' id='word_1_186' title='bbox 2239 1901 2446 1963; x_wconf 89' lang='lat' dir='ltr'>variat</span> <span class='ocrx_word' id='word_1_187' title='bbox 2506 1900 2729 1978; x_wconf 89' lang='lat' dir='ltr'>orati0,</span> <span class='ocrx_word' id='word_1_188' title='bbox 2787 1898 2913 1962; x_wconf 83' lang='lat'>845</span> <span class='ocrx_word' id='word_1_189' title='bbox 2946 1920 3038 1983; x_wconf 87' lang='lat' dir='ltr'>sq.</span> <span class='ocrx_word' id='word_1_190' title='bbox 3096 1897 3163 1963; x_wconf 81' lang='grc' dir='ltr'><em>εὖ</em></span> 
     </span>
     <span class='ocr_line' id='line_1_17' title="bbox 356 2000 3162 2093; baseline 0 -26"><span class='ocrx_word' id='word_1_191' title='bbox 356 2005 469 2087; x_wconf 81' lang='grc' dir='ltr'>μὲν</span> <span class='ocrx_word' id='word_1_192' title='bbox 524 2000 811 2085; x_wconf 80' lang='grc' dir='ltr'><em>κείμενον</em></span> <span class='ocrx_word' id='word_1_193' title='bbox 871 2003 1071 2086; x_wconf 79' lang='grc' dir='ltr'><em>ἄνδρα</em></span> <span class='ocrx_word' id='word_1_194' title='bbox 1138 2011 1346 2079; x_wconf 83' lang='grc' dir='ltr'><em>κακῶς</em></span> <span class='ocrx_word' id='word_1_195' title='bbox 1407 2001 1609 2085; x_wconf 71' lang='grc' dir='ltr'><em>θέμεν</em></span> <span class='ocrx_word' id='word_1_196' title='bbox 1668 2001 1933 2087; x_wconf 79' lang='grc' dir='ltr'><em>εὐμαρές</em></span> <span class='ocrx_word' id='word_1_197' title='bbox 1991 2004 2245 2093; x_wconf 12' lang='grc' dir='ltr'><em>ἐστιν,ιξ</em></span> <span class='ocrx_word' id='word_1_198' title='bbox 2296 2000 2366 2068; x_wconf 79' lang='grc' dir='ltr'><em>εὖ</em></span> <span class='ocrx_word' id='word_1_199' title='bbox 2433 2004 2503 2068; x_wconf 80' lang='grc' dir='ltr'>δὲ</span> <span class='ocrx_word' id='word_1_200' title='bbox 2564 2004 2765 2088; x_wconf 71' lang='grc' dir='ltr'><em>θέμεν</em></span> <span class='ocrx_word' id='word_1_201' title='bbox 2821 2007 2896 2068; x_wconf 83' lang='grc' dir='ltr'>τὸ</span> <span class='ocrx_word' id='word_1_202' title='bbox 2955 2013 3162 2081; x_wconf 81' lang='grc' dir='ltr'><em>κακῶς</em></span> 
     </span>
     <span class='ocr_line' id='line_1_18' title="bbox 356 2104 3160 2193; baseline -0.001 -20"><span class='ocrx_word' id='word_1_203' title='bbox 356 2107 644 2193; x_wconf 82' lang='grc' dir='ltr'><em>κείμενον</em></span> <span class='ocrx_word' id='word_1_204' title='bbox 727 2104 1049 2191; x_wconf 74' lang='grc' dir='ltr'><em>ἀργαλέον.</em></span> <span class='ocrx_word' id='word_1_205' title='bbox 1160 2129 1551 2191; x_wconf 86' lang='lat' dir='ltr'>quamquam</span> <span class='ocrx_word' id='word_1_206' title='bbox 1627 2109 1826 2189; x_wconf 85' lang='lat' dir='ltr'>igitur</span> <span class='ocrx_word' id='word_1_207' title='bbox 1900 2108 1934 2172; x_wconf 81' lang='grc' dir='ltr'><em>ὁ</em></span> <span class='ocrx_word' id='word_1_208' title='bbox 2012 2131 2206 2193; x_wconf 86' lang='lat' dir='ltr'>saepe</span> <span class='ocrx_word' id='word_1_209' title='bbox 2275 2109 2632 2192; x_wconf 86' lang='lat' dir='ltr'>participiis</span> <span class='ocrx_word' id='word_1_210' title='bbox 2711 2110 3160 2192; x_wconf 88' lang='lat' dir='ltr'>praemittitur,</span> 
     </span>
     <span class='ocr_line' id='line_1_19' title="bbox 359 2210 3161 2297; baseline -0.001 -21"><span class='ocrx_word' id='word_1_211' title='bbox 359 2223 575 2276; x_wconf 86' lang='lat' dir='ltr'>tamen</span> <span class='ocrx_word' id='word_1_212' title='bbox 624 2213 761 2275; x_wconf 89' lang='lat' dir='ltr'>eius</span> <span class='ocrx_word' id='word_1_213' title='bbox 808 2234 981 2292; x_wconf 81' lang='lat' dir='ltr'>usuS,</span> <span class='ocrx_word' id='word_1_214' title='bbox 1032 2233 1223 2295; x_wconf 90' lang='lat' dir='ltr'>quem</span> <span class='ocrx_word' id='word_1_215' title='bbox 1270 2221 1466 2293; x_wconf 87' lang='lat' dir='ltr'>negat</span> <span class='ocrx_word' id='word_1_216' title='bbox 1506 2211 1773 2275; x_wconf 84' lang='lat' dir='ltr'>Classen</span> <span class='ocrx_word' id='word_1_217' title='bbox 1817 2212 1854 2274; x_wconf 95' lang='lat' dir='ltr'>l.</span> <span class='ocrx_word' id='word_1_218' title='bbox 1892 2235 1945 2275; x_wconf 93' lang='lat' dir='ltr'>c.</span> <span class='ocrx_word' id='word_1_219' title='bbox 1994 2235 2301 2297; x_wconf 89' lang='lat' dir='ltr'>umquam</span> <span class='ocrx_word' id='word_1_220' title='bbox 2350 2214 2416 2275; x_wconf 89' lang='lat' dir='ltr'>in</span> <span class='ocrx_word' id='word_1_221' title='bbox 2457 2213 2725 2275; x_wconf 90' lang='lat' dir='ltr'>Homeri</span> <span class='ocrx_word' id='word_1_222' title='bbox 2768 2210 3161 2276; x_wconf 89' lang='lat' dir='ltr'>carminibus</span> 
     </span>
     <span class='ocr_line' id='line_1_20' title="bbox 358 2315 3154 2402; baseline -0.001 -23"><span class='ocrx_word' id='word_1_223' title='bbox 358 2319 661 2397; x_wconf 88' lang='lat' dir='ltr'>inveniri,</span> <span class='ocrx_word' id='word_1_224' title='bbox 735 2325 803 2378; x_wconf 91' lang='lat' dir='ltr'>ut</span> <span class='ocrx_word' id='word_1_225' title='bbox 860 2317 1269 2401; x_wconf 84' lang='lat' dir='ltr'>participium</span> <span class='ocrx_word' id='word_1_226' title='bbox 1331 2315 1599 2379; x_wconf 89' lang='lat' dir='ltr'>articulo</span> <span class='ocrx_word' id='word_1_227' title='bbox 1660 2320 2049 2380; x_wconf 90' lang='lat' dir='ltr'>instructum</span> <span class='ocrx_word' id='word_1_228' title='bbox 2110 2317 2421 2382; x_wconf 82' lang='lat' dir='ltr'>adtributi</span> <span class='ocrx_word' id='word_1_229' title='bbox 2491 2318 2631 2380; x_wconf 93' lang='lat' dir='ltr'>loco</span> <span class='ocrx_word' id='word_1_230' title='bbox 2702 2318 2982 2402; x_wconf 88' lang='lat' dir='ltr'>positum</span> <span class='ocrx_word' id='word_1_231' title='bbox 3055 2317 3154 2395; x_wconf 90' lang='lat' dir='ltr'>sit,</span> 
     </span>
     <span class='ocr_line' id='line_1_21' title="bbox 360 2419 3156 2505; baseline -0.001 -20"><span class='ocrx_word' id='word_1_232' title='bbox 360 2445 438 2485; x_wconf 91' lang='lat' dir='ltr'>ne</span> <span class='ocrx_word' id='word_1_233' title='bbox 514 2424 578 2484; x_wconf 92' lang='lat' dir='ltr'>in</span> <span class='ocrx_word' id='word_1_234' title='bbox 657 2421 895 2502; x_wconf 82' lang='lat' dir='ltr'>elegeis</span> <span class='ocrx_word' id='word_1_235' title='bbox 974 2420 1232 2503; x_wconf 89' lang='lat' dir='ltr'>quidem</span> <span class='ocrx_word' id='word_1_236' title='bbox 1317 2420 1461 2505; x_wconf 89' lang='lat' dir='ltr'>plus</span> <span class='ocrx_word' id='word_1_237' title='bbox 1547 2443 1744 2483; x_wconf 88' lang='lat' dir='ltr'>unum</span> <span class='ocrx_word' id='word_1_238' title='bbox 1822 2421 2191 2505; x_wconf 83' lang='lat' dir='ltr'>exemplum</span> <span class='ocrx_word' id='word_1_239' title='bbox 2278 2422 2612 2503; x_wconf 82' lang='lat' dir='ltr'>indagavi,</span> <span class='ocrx_word' id='word_1_240' title='bbox 2712 2420 3002 2502; x_wconf 85' lang='lat' dir='ltr'>Theogn.</span> <span class='ocrx_word' id='word_1_241' title='bbox 3075 2419 3156 2481; x_wconf 91' lang='grc'><strong>36</strong></span> 
     </span>
     <span class='ocr_line' id='line_1_22' title="bbox 360 2524 1371 2603; baseline -0.002 -12"><span class='ocrx_word' id='word_1_242' title='bbox 360 2527 626 2603; x_wconf 79' lang='grc' dir='ltr'><em>ἀπολεῖς</em></span> <span class='ocrx_word' id='word_1_243' title='bbox 668 2524 777 2591; x_wconf 81' lang='grc' dir='ltr'>καὶ</span> <span class='ocrx_word' id='word_1_244' title='bbox 820 2529 932 2589; x_wconf 81' lang='grc' dir='ltr'><em>τὸν</em></span> <span class='ocrx_word' id='word_1_245' title='bbox 975 2525 1163 2590; x_wconf 78' lang='grc' dir='ltr'><em>ἐόντα</em></span> <span class='ocrx_word' id='word_1_246' title='bbox 1209 2526 1371 2589; x_wconf 90' lang='grc' dir='ltr'><em>νόον.</em></span> 
     </span>
    </p>

    <p class='ocr_par' dir='ltr' id='par_1_3' title="bbox 359 2630 3168 4703">
     <span class='ocr_line' id='line_1_23' title="bbox 569 2630 3159 2714; baseline -0.001 -21"><span class='ocrx_word' id='word_1_247' title='bbox 569 2631 658 2693; x_wconf 86' lang='lat' dir='ltr'>Ut</span> <span class='ocrx_word' id='word_1_248' title='bbox 712 2639 929 2693; x_wconf 89' lang='lat' dir='ltr'>autem</span> <span class='ocrx_word' id='word_1_249' title='bbox 986 2630 1329 2714; x_wconf 86' lang='lat' dir='ltr'>participia</span> <span class='ocrx_word' id='word_1_250' title='bbox 1376 2630 1464 2691; x_wconf 89' lang='lat' dir='ltr'>ita</span> <span class='ocrx_word' id='word_1_251' title='bbox 1510 2630 1837 2693; x_wconf 86' lang='lat' dir='ltr'>adiectiva</span> <span class='ocrx_word' id='word_1_252' title='bbox 1883 2632 2122 2714; x_wconf 86' lang='lat' dir='ltr'>passim</span> <span class='ocrx_word' id='word_1_253' title='bbox 2173 2653 2318 2693; x_wconf 88' lang='lat' dir='ltr'>cum</span> <span class='ocrx_word' id='word_1_254' title='bbox 2366 2630 2634 2693; x_wconf 89' lang='lat' dir='ltr'>articulo</span> <span class='ocrx_word' id='word_1_255' title='bbox 2683 2632 3027 2693; x_wconf 91' lang='lat' dir='ltr'>coniuncta</span> <span class='ocrx_word' id='word_1_256' title='bbox 3072 2631 3159 2691; x_wconf 90' lang='lat' dir='ltr'>in·</span> 
     </span>
     <span class='ocr_line' id='line_1_24' title="bbox 359 2733 3160 2820; baseline -0 -23"><span class='ocrx_word' id='word_1_257' title='bbox 359 2737 726 2799; x_wconf 79' lang='lat' dir='ltr'>veniuntur.</span> <span class='ocrx_word' id='word_1_258' title='bbox 783 2734 1002 2815; x_wconf 90' lang='lat' dir='ltr'>veluti,</span> <span class='ocrx_word' id='word_1_259' title='bbox 1046 2744 1117 2797; x_wconf 89' lang='lat' dir='ltr'>ut</span> <span class='ocrx_word' id='word_1_260' title='bbox 1148 2756 1359 2817; x_wconf 90' lang='lat' dir='ltr'>pauca</span> <span class='ocrx_word' id='word_1_261' title='bbox 1391 2733 1682 2797; x_wconf 86' lang='lat' dir='ltr'>adferam</span> <span class='ocrx_word' id='word_1_262' title='bbox 1717 2735 2037 2819; x_wconf 82' lang='lat' dir='ltr'>exempla,</span> <span class='ocrx_word' id='word_1_263' title='bbox 2083 2734 2475 2820; x_wconf 86' lang='lat' dir='ltr'>ubicumque</span> <span class='ocrx_word' id='word_1_264' title='bbox 2507 2734 2681 2820; x_wconf 86' lang='lat' dir='ltr'>apud</span> <span class='ocrx_word' id='word_1_265' title='bbox 2714 2733 3160 2817; x_wconf 83' lang='lat' dir='ltr'>Theognidem</span> 
     </span>
     <span class='ocr_line' id='line_1_25' title="bbox 361 2837 3161 2924; baseline -0.003 -19"><span class='ocrx_word' id='word_1_266' title='bbox 361 2842 686 2920; x_wconf 89' lang='lat' dir='ltr'>adiectivi,</span> <span class='ocrx_word' id='word_1_267' title='bbox 737 2839 904 2923; x_wconf 90' lang='lat' dir='ltr'>quod</span> <span class='ocrx_word' id='word_1_268' title='bbox 955 2848 1051 2901; x_wconf 87' lang='lat' dir='ltr'>est</span> <span class='ocrx_word' id='word_1_269' title='bbox 1097 2837 1361 2919; x_wconf 86' lang='grc' dir='ltr'><em>δίκαιος,</em></span> <span class='ocrx_word' id='word_1_270' title='bbox 1409 2838 1616 2902; x_wconf 87' lang='lat' dir='ltr'>forma</span> <span class='ocrx_word' id='word_1_271' title='bbox 1662 2840 1879 2924; x_wconf 87' lang='lat' dir='ltr'>aliqua</span> <span class='ocrx_word' id='word_1_272' title='bbox 1922 2841 2056 2902; x_wconf 89' lang='lat' dir='ltr'>sive</span> <span class='ocrx_word' id='word_1_273' title='bbox 2097 2840 2352 2921; x_wconf 83' lang='lat' dir='ltr'>generis</span> <span class='ocrx_word' id='word_1_274' title='bbox 2393 2839 2728 2902; x_wconf 88' lang='lat' dir='ltr'>masculini</span> <span class='ocrx_word' id='word_1_275' title='bbox 2774 2840 2910 2901; x_wconf 89' lang='lat' dir='ltr'>sive</span> <span class='ocrx_word' id='word_1_276' title='bbox 2950 2838 3161 2901; x_wconf 88' lang='lat' dir='ltr'>neutri</span> 
     </span>
     <span class='ocr_line' id='line_1_26' title="bbox 363 2942 3157 3029; baseline -0.001 -22"><span class='ocrx_word' id='word_1_277' title='bbox 363 2946 749 3008; x_wconf 82' lang='lat' dir='ltr'>substantivi</span> <span class='ocrx_word' id='word_1_278' title='bbox 806 2954 1022 3029; x_wconf 87' lang='lat' dir='ltr'>partes</span> <span class='ocrx_word' id='word_1_279' title='bbox 1081 2942 1345 3023; x_wconf 89' lang='lat' dir='ltr'>obtinet,</span> <span class='ocrx_word' id='word_1_280' title='bbox 1403 2982 1486 2988; x_wconf 87' lang='lat'>—-</span> <span class='ocrx_word' id='word_1_281' title='bbox 1544 2943 1666 3006; x_wconf 88' lang='lat' dir='ltr'>loci</span> <span class='ocrx_word' id='word_1_282' title='bbox 1723 2954 1938 3006; x_wconf 86' lang='lat' dir='ltr'>autem</span> <span class='ocrx_word' id='word_1_283' title='bbox 1993 2947 2082 3006; x_wconf 91' lang='lat' dir='ltr'>ita</span> <span class='ocrx_word' id='word_1_284' title='bbox 2139 2946 2492 3027; x_wconf 87' lang='lat' dir='ltr'>comparati</span> <span class='ocrx_word' id='word_1_285' title='bbox 2538 2953 2687 3005; x_wconf 90' lang='lat' dir='ltr'>sunt</span> <span class='ocrx_word' id='word_1_286' title='bbox 2731 2942 3032 3027; x_wconf 88' lang='lat' dir='ltr'>permulti</span> <span class='ocrx_word' id='word_1_287' title='bbox 3079 2980 3157 2988; x_wconf 89' lang='lat'>—</span> 
     </span>
     <span class='ocr_line' id='line_1_27' title="bbox 363 3046 3161 3132; baseline -0.001 -20"><span class='ocrx_word' id='word_1_288' title='bbox 363 3050 671 3113; x_wconf 88' lang='lat' dir='ltr'>articulus</span> <span class='ocrx_word' id='word_1_289' title='bbox 740 3071 1058 3132; x_wconf 87' lang='lat' dir='ltr'>nusquam</span> <span class='ocrx_word' id='word_1_290' title='bbox 1122 3048 1330 3126; x_wconf 75' lang='lat' dir='ltr'>deest3</span> <span class='ocrx_word' id='word_1_291' title='bbox 1412 3071 1562 3111; x_wconf 92' lang='lat' dir='ltr'>nam</span> <span class='ocrx_word' id='word_1_292' title='bbox 1638 3048 1810 3132; x_wconf 89' lang='lat' dir='ltr'>quod</span> <span class='ocrx_word' id='word_1_293' title='bbox 1883 3048 2010 3111; x_wconf 84' lang='lat'>313</span> <span class='ocrx_word' id='word_1_294' title='bbox 2080 3050 2147 3111; x_wconf 78' lang='grc' dir='ltr'><em>ἐν</em></span> <span class='ocrx_word' id='word_1_295' title='bbox 2211 3049 2280 3113; x_wconf 81' lang='grc' dir='ltr'>δὲ</span> <span class='ocrx_word' id='word_1_296' title='bbox 2345 3046 2621 3125; x_wconf 85' lang='grc' dir='ltr'><em>δικαίοις</em></span> <span class='ocrx_word' id='word_1_297' title='bbox 2693 3049 2946 3130; x_wconf 82' lang='lat' dir='ltr'>legitur,</span> <span class='ocrx_word' id='word_1_298' title='bbox 3017 3049 3161 3110; x_wconf 89' lang='lat' dir='ltr'>arti-</span> 
     </span>
     <span class='ocr_line' id='line_1_28' title="bbox 364 3151 3163 3238; baseline -0.001 -20"><span class='ocrx_word' id='word_1_299' title='bbox 364 3155 545 3218; x_wconf 91' lang='lat' dir='ltr'>culus</span> <span class='ocrx_word' id='word_1_300' title='bbox 591 3154 698 3216; x_wconf 89' lang='lat' dir='ltr'>hic</span> <span class='ocrx_word' id='word_1_301' title='bbox 745 3175 825 3216; x_wconf 88' lang='lat' dir='ltr'>ne</span> <span class='ocrx_word' id='word_1_302' title='bbox 873 3155 939 3215; x_wconf 92' lang='lat' dir='ltr'>in</span> <span class='ocrx_word' id='word_1_303' title='bbox 980 3176 1169 3237; x_wconf 86' lang='lat' dir='ltr'>prosa</span> <span class='ocrx_word' id='word_1_304' title='bbox 1213 3152 1473 3238; x_wconf 90' lang='lat' dir='ltr'>quidem</span> <span class='ocrx_word' id='word_1_305' title='bbox 1518 3157 1804 3216; x_wconf 88' lang='lat' dir='ltr'>oratione</span> <span class='ocrx_word' id='word_1_306' title='bbox 1847 3154 2210 3236; x_wconf 81' lang='lat' dir='ltr'>requiritur.</span> <span class='ocrx_word' id='word_1_307' title='bbox 2283 3152 2394 3215; x_wconf 90' lang='lat' dir='ltr'>sed</span> <span class='ocrx_word' id='word_1_308' title='bbox 2437 3153 2559 3215; x_wconf 85' lang='lat' dir='ltr'>hoc</span> <span class='ocrx_word' id='word_1_309' title='bbox 2593 3152 2854 3236; x_wconf 90' lang='lat' dir='ltr'>quidem</span> <span class='ocrx_word' id='word_1_310' title='bbox 2889 3151 3163 3214; x_wconf 87' lang='lat' dir='ltr'>verbum</span> 
     </span>
     <span class='ocr_line' id='line_1_29' title="bbox 362 3256 3162 3341; baseline -0.001 -20"><span class='ocrx_word' id='word_1_311' title='bbox 362 3259 684 3321; x_wconf 85' lang='lat' dir='ltr'>Homerus</span> <span class='ocrx_word' id='word_1_312' title='bbox 743 3259 822 3321; x_wconf 91' lang='lat' dir='ltr'>de</span> <span class='ocrx_word' id='word_1_313' title='bbox 880 3257 1075 3320; x_wconf 89' lang='lat' dir='ltr'>rebus</span> <span class='ocrx_word' id='word_1_314' title='bbox 1132 3257 1444 3320; x_wconf 88' lang='lat' dir='ltr'>adhibere</span> <span class='ocrx_word' id='word_1_315' title='bbox 1503 3280 1630 3320; x_wconf 89' lang='lat' dir='ltr'>non</span> <span class='ocrx_word' id='word_1_316' title='bbox 1689 3257 1866 3336; x_wconf 87' lang='lat' dir='ltr'>solet,</span> <span class='ocrx_word' id='word_1_317' title='bbox 1930 3279 2160 3340; x_wconf 88' lang='lat' dir='ltr'>neque,</span> <span class='ocrx_word' id='word_1_318' title='bbox 2225 3256 2335 3319; x_wconf 92' lang='lat' dir='ltr'>ubi</span> <span class='ocrx_word' id='word_1_319' title='bbox 2397 3256 2480 3318; x_wconf 91' lang='lat' dir='ltr'>ad</span> <span class='ocrx_word' id='word_1_320' title='bbox 2544 3256 2835 3320; x_wconf 90' lang='lat' dir='ltr'>homines</span> <span class='ocrx_word' id='word_1_321' title='bbox 2893 3264 3162 3341; x_wconf 85' lang='lat' dir='ltr'>spectat,</span> 
     </span>
     <span class='ocr_line' id='line_1_30' title="bbox 365 3359 3161 3444; baseline -0.001 -20"><span class='ocrx_word' id='word_1_322' title='bbox 365 3363 769 3426; x_wconf 87' lang='lat' dir='ltr'>substantivo</span> <span class='ocrx_word' id='word_1_323' title='bbox 816 3385 943 3426; x_wconf 89' lang='lat' dir='ltr'>non</span> <span class='ocrx_word' id='word_1_324' title='bbox 989 3362 1242 3424; x_wconf 84' lang='lat' dir='ltr'>adiecto</span> <span class='ocrx_word' id='word_1_325' title='bbox 1290 3383 1364 3422; x_wconf 94' lang='lat' dir='ltr'>eo</span> <span class='ocrx_word' id='word_1_326' title='bbox 1411 3364 1637 3441; x_wconf 79' lang='lat' dir='ltr'>utitur3</span> <span class='ocrx_word' id='word_1_327' title='bbox 1696 3383 1892 3444; x_wconf 85' lang='lat' dir='ltr'>quare</span> <span class='ocrx_word' id='word_1_328' title='bbox 1943 3362 2022 3422; x_wconf 90' lang='lat' dir='ltr'>de</span> <span class='ocrx_word' id='word_1_329' title='bbox 2071 3359 2273 3423; x_wconf 87' lang='lat' dir='ltr'>altero</span> <span class='ocrx_word' id='word_1_330' title='bbox 2319 3382 2608 3443; x_wconf 78' lang='lat' dir='ltr'>agamUS,</span> <span class='ocrx_word' id='word_1_331' title='bbox 2657 3359 2830 3443; x_wconf 90' lang='lat' dir='ltr'>quod</span> <span class='ocrx_word' id='word_1_332' title='bbox 2879 3369 2943 3422; x_wconf 89' lang='lat' dir='ltr'>et</span> <span class='ocrx_word' id='word_1_333' title='bbox 2989 3359 3161 3443; x_wconf 89' lang='lat' dir='ltr'>apud</span> 
     </span>
     <span class='ocr_line' id='line_1_31' title="bbox 367 3462 3164 3549; baseline -0.002 -19"><span class='ocrx_word' id='word_1_334' title='bbox 367 3469 719 3531; x_wconf 91' lang='lat' dir='ltr'>Homerum</span> <span class='ocrx_word' id='word_1_335' title='bbox 784 3477 846 3532; x_wconf 92' lang='lat' dir='ltr'>et</span> <span class='ocrx_word' id='word_1_336' title='bbox 905 3471 970 3531; x_wconf 91' lang='lat' dir='ltr'>in</span> <span class='ocrx_word' id='word_1_337' title='bbox 1034 3466 1272 3548; x_wconf 75' lang='lat' dir='ltr'>elegcis</span> <span class='ocrx_word' id='word_1_338' title='bbox 1335 3487 1527 3549; x_wconf 85' lang='lat' dir='ltr'>saepe</span> <span class='ocrx_word' id='word_1_339' title='bbox 1592 3465 1980 3528; x_wconf 88' lang='lat' dir='ltr'>substantivi</span> <span class='ocrx_word' id='word_1_340' title='bbox 2041 3467 2243 3527; x_wconf 87' lang='lat' dir='ltr'>instar</span> <span class='ocrx_word' id='word_1_341' title='bbox 2304 3475 2419 3545; x_wconf 88' lang='lat' dir='ltr'>est,</span> <span class='ocrx_word' id='word_1_342' title='bbox 2484 3465 2629 3527; x_wconf 88' lang='lat' dir='ltr'>dico</span> <span class='ocrx_word' id='word_1_343' title='bbox 2689 3464 2898 3548; x_wconf 87' lang='grc' dir='ltr'><em>μέσος.</em></span> <span class='ocrx_word' id='word_1_344' title='bbox 2993 3462 3164 3547; x_wconf 92' lang='lat' dir='ltr'>quod</span> 
     </span>
     <span class='ocr_line' id='line_1_32' title="bbox 364 3567 3164 3656; baseline -0.001 -23"><span class='ocrx_word' id='word_1_345' title='bbox 364 3572 539 3656; x_wconf 88' lang='lat' dir='ltr'>apud</span> <span class='ocrx_word' id='word_1_346' title='bbox 593 3572 770 3634; x_wconf 92' lang='lat' dir='ltr'>illum</span> <span class='ocrx_word' id='word_1_347' title='bbox 828 3570 1098 3635; x_wconf 89' lang='lat' dir='ltr'>articulo</span> <span class='ocrx_word' id='word_1_348' title='bbox 1156 3591 1411 3654; x_wconf 78' lang='lat' dir='ltr'>semper</span> <span class='ocrx_word' id='word_1_349' title='bbox 1468 3579 1643 3632; x_wconf 86' lang='lat' dir='ltr'>caret</span> <span class='ocrx_word' id='word_1_350' title='bbox 1711 3572 1993 3653; x_wconf 88' lang='lat' dir='ltr'>itemque</span> <span class='ocrx_word' id='word_1_351' title='bbox 2050 3569 2225 3654; x_wconf 88' lang='lat' dir='ltr'>apud</span> <span class='ocrx_word' id='word_1_352' title='bbox 2283 3568 2659 3648; x_wconf 87' lang='lat' dir='ltr'>Hesiodum,</span> <span class='ocrx_word' id='word_1_353' title='bbox 2729 3567 2904 3653; x_wconf 89' lang='lat' dir='ltr'>apud</span> <span class='ocrx_word' id='word_1_354' title='bbox 2960 3568 3164 3631; x_wconf 88' lang='lat' dir='ltr'>Theo-</span> 
     </span>
     <span class='ocr_line' id='line_1_33' title="bbox 364 3672 3164 3759; baseline -0.002 -19"><span class='ocrx_word' id='word_1_355' title='bbox 364 3678 624 3759; x_wconf 83' lang='lat' dir='ltr'>gnidem</span> <span class='ocrx_word' id='word_1_356' title='bbox 685 3698 838 3737; x_wconf 86' lang='lat' dir='ltr'>vero</span> <span class='ocrx_word' id='word_1_357' title='bbox 907 3685 1157 3738; x_wconf 88' lang='lat' dir='ltr'>tantum</span> <span class='ocrx_word' id='word_1_358' title='bbox 1228 3676 1302 3735; x_wconf 91' lang='lat' dir='ltr'>iis</span> <span class='ocrx_word' id='word_1_359' title='bbox 1364 3674 1541 3754; x_wconf 75' lang='lat' dir='ltr'>lociS,</span> <span class='ocrx_word' id='word_1_360' title='bbox 1611 3673 1724 3735; x_wconf 88' lang='lat' dir='ltr'>ubi</span> <span class='ocrx_word' id='word_1_361' title='bbox 1785 3676 1852 3737; x_wconf 77' lang='grc' dir='ltr'><em>ἐν</em></span> <span class='ocrx_word' id='word_1_362' title='bbox 1912 3675 2247 3759; x_wconf 86' lang='lat' dir='ltr'>praecedit</span> <span class='ocrx_word' id='word_1_363' title='bbox 2309 3674 2396 3758; x_wconf 86' lang='lat'>(3,</span> <span class='ocrx_word' id='word_1_364' title='bbox 2446 3674 2591 3758; x_wconf 78' lang='grc'><strong>994,</strong></span> <span class='ocrx_word' id='word_1_365' title='bbox 2646 3674 2860 3757; x_wconf 75' lang='grc'><strong>1164),</strong></span> <span class='ocrx_word' id='word_1_366' title='bbox 2920 3684 2984 3736; x_wconf 92' lang='lat' dir='ltr'>et</span> <span class='ocrx_word' id='word_1_367' title='bbox 3038 3672 3164 3736; x_wconf 83' lang='grc'>335</span> 
     </span>
     <span class='ocr_line' id='line_1_34' title="bbox 364 3777 3162 3865; baseline -0.002 -20"><span class='ocrx_word' id='word_1_368' title='bbox 364 3785 624 3845; x_wconf 82' lang='grc' dir='ltr'><em>πάντων</em></span> <span class='ocrx_word' id='word_1_369' title='bbox 696 3777 844 3865; x_wconf 73' lang='grc' dir='ltr'><em>μέσ’</em></span> <span class='ocrx_word' id='word_1_370' title='bbox 892 3782 1150 3861; x_wconf 72' lang='grc' dir='ltr'><em>ἄριστα,</em></span> <span class='ocrx_word' id='word_1_371' title='bbox 1237 3800 1401 3862; x_wconf 86' lang='lat' dir='ltr'>quae</span> <span class='ocrx_word' id='word_1_372' title='bbox 1470 3778 1673 3840; x_wconf 84' lang='lat' dir='ltr'>verba</span> <span class='ocrx_word' id='word_1_373' title='bbox 1760 3778 2088 3862; x_wconf 84' lang='lat' dir='ltr'>proverbii</span> <span class='ocrx_word' id='word_1_374' title='bbox 2174 3780 2456 3862; x_wconf 90' lang='lat' dir='ltr'>speciem</span> <span class='ocrx_word' id='word_1_375' title='bbox 2540 3799 2696 3861; x_wconf 89' lang='lat' dir='ltr'>prae</span> <span class='ocrx_word' id='word_1_376' title='bbox 2775 3799 2843 3839; x_wconf 90' lang='lat' dir='ltr'>se</span> <span class='ocrx_word' id='word_1_377' title='bbox 2927 3777 3162 3841; x_wconf 88' lang='lat' dir='ltr'>ferunt.</span> 
     </span>
     <span class='ocr_line' id='line_1_35' title="bbox 368 3877 3166 3968; baseline -0.001 -22"><span class='ocrx_word' id='word_1_378' title='bbox 368 3894 590 3948; x_wconf 87' lang='lat' dir='ltr'>contra</span> <span class='ocrx_word' id='word_1_379' title='bbox 636 3884 941 3948; x_wconf 89' lang='lat' dir='ltr'>articulus</span> <span class='ocrx_word' id='word_1_380' title='bbox 989 3885 1421 3968; x_wconf 88' lang='lat' dir='ltr'>praemittitur</span> <span class='ocrx_word' id='word_1_381' title='bbox 1474 3882 1601 3945; x_wconf 86' lang='grc'>495</span> <span class='ocrx_word' id='word_1_382' title='bbox 1651 3893 1713 3945; x_wconf 89' lang='lat' dir='ltr'>et</span> <span class='ocrx_word' id='word_1_383' title='bbox 1760 3883 1883 3945; x_wconf 90' lang='grc'>678</span> <span class='ocrx_word' id='word_1_384' title='bbox 1940 3883 2004 3961; x_wconf 79' lang='grc' dir='ltr'>ἐς</span> <span class='ocrx_word' id='word_1_385' title='bbox 2049 3886 2123 3946; x_wconf 85' lang='grc' dir='ltr'>τὸ</span> <span class='ocrx_word' id='word_1_386' title='bbox 2169 3880 2380 3966; x_wconf 89' lang='grc' dir='ltr'><em>μέσον,</em></span> <span class='ocrx_word' id='word_1_387' title='bbox 2432 3881 2555 3944; x_wconf 84' lang='grc'><strong>839</strong></span> <span class='ocrx_word' id='word_1_388' title='bbox 2602 3886 2840 3946; x_wconf 85' lang='grc' dir='ltr'><em>τούτων</em></span> <span class='ocrx_word' id='word_1_389' title='bbox 2888 3877 3039 3946; x_wconf 71' lang='grc' dir='ltr'><em>δ’ἀν</em></span> <span class='ocrx_word' id='word_1_390' title='bbox 3091 3884 3166 3945; x_wconf 84' lang='grc' dir='ltr'>τὸ</span> 
     </span>
     <span class='ocr_line' id='line_1_36' title="bbox 365 3985 3164 4077; baseline -0.002 -24"><span class='ocrx_word' id='word_1_391' title='bbox 365 3989 561 4074; x_wconf 88' lang='grc' dir='ltr'><em>μέσον</em></span> <span class='ocrx_word' id='word_1_392' title='bbox 627 3993 1107 4077; x_wconf 80' lang='grc' dir='ltr'><em>στρωφήσομαι.</em></span> <span class='ocrx_word' id='word_1_393' title='bbox 1203 4009 1287 4049; x_wconf 84' lang='lat' dir='ltr'>ex</span> <span class='ocrx_word' id='word_1_394' title='bbox 1347 3987 1676 4050; x_wconf 89' lang='lat' dir='ltr'>adverbiis</span> <span class='ocrx_word' id='word_1_395' title='bbox 1751 4009 1897 4050; x_wconf 92' lang='lat' dir='ltr'>cum</span> <span class='ocrx_word' id='word_1_396' title='bbox 1961 3987 2230 4049; x_wconf 89' lang='lat' dir='ltr'>articulo</span> <span class='ocrx_word' id='word_1_397' title='bbox 2295 3988 2655 4049; x_wconf 87' lang='lat' dir='ltr'>coniunctis</span> <span class='ocrx_word' id='word_1_398' title='bbox 2717 3985 2954 4069; x_wconf 86' lang='lat' dir='ltr'>elegeis</span> <span class='ocrx_word' id='word_1_399' title='bbox 3018 4007 3164 4048; x_wconf 92' lang='lat' dir='ltr'>cum</span> 
     </span>
     <span class='ocr_line' id='line_1_37' title="bbox 367 4088 3168 4175; baseline -0.002 -18"><span class='ocrx_word' id='word_1_400' title='bbox 367 4095 755 4159; x_wconf 89' lang='lat' dir='ltr'>carminibus</span> <span class='ocrx_word' id='word_1_401' title='bbox 815 4093 1157 4157; x_wconf 89' lang='lat' dir='ltr'>homericis</span> <span class='ocrx_word' id='word_1_402' title='bbox 1221 4101 1369 4154; x_wconf 88' lang='lat' dir='ltr'>sunt</span> <span class='ocrx_word' id='word_1_403' title='bbox 1430 4094 1796 4154; x_wconf 88' lang='lat' dir='ltr'>communia</span> <span class='ocrx_word' id='word_1_404' title='bbox 1855 4095 1929 4156; x_wconf 83' lang='grc' dir='ltr'>τὸ</span> <span class='ocrx_word' id='word_1_405' title='bbox 1993 4101 2248 4174; x_wconf 84' lang='grc' dir='ltr'><em>πρῶτον</em></span> <span class='ocrx_word' id='word_1_406' title='bbox 2309 4090 2467 4154; x_wconf 82' lang='lat' dir='ltr'>Call.</span> <span class='ocrx_word' id='word_1_407' title='bbox 2534 4093 2587 4170; x_wconf 93' lang='lat'>1,</span> <span class='ocrx_word' id='word_1_408' title='bbox 2642 4090 2717 4151; x_wconf 92' lang='lat'>11</span> <span class='ocrx_word' id='word_1_409' title='bbox 2779 4100 2842 4152; x_wconf 90' lang='lat' dir='ltr'>et</span> <span class='ocrx_word' id='word_1_410' title='bbox 2885 4094 2960 4154; x_wconf 81' lang='grc' dir='ltr'>τὸ</span> <span class='ocrx_word' id='word_1_411' title='bbox 3014 4088 3168 4175; x_wconf 85' lang='grc' dir='ltr'><em>πρίν</em></span> 
     </span>
     <span class='ocr_line' id='line_1_38' title="bbox 366 4193 3166 4283; baseline -0.001 -21"><span class='ocrx_word' id='word_1_412' title='bbox 366 4199 654 4283; x_wconf 83' lang='lat' dir='ltr'>Theogn.</span> <span class='ocrx_word' id='word_1_413' title='bbox 702 4198 849 4261; x_wconf 89' lang='grc'><strong>483.</strong></span> <span class='ocrx_word' id='word_1_414' title='bbox 941 4200 1005 4261; x_wconf 90' lang='lat' dir='ltr'>in</span> <span class='ocrx_word' id='word_1_415' title='bbox 1059 4198 1292 4279; x_wconf 81' lang='lat' dir='ltr'>clegeis</span> <span class='ocrx_word' id='word_1_416' title='bbox 1350 4206 1562 4260; x_wconf 89' lang='lat' dir='ltr'>autem</span> <span class='ocrx_word' id='word_1_417' title='bbox 1619 4206 1958 4281; x_wconf 85' lang='lat' dir='ltr'>praeterea</span> <span class='ocrx_word' id='word_1_418' title='bbox 2005 4198 2237 4279; x_wconf 82' lang='lat' dir='ltr'>legitur</span> <span class='ocrx_word' id='word_1_419' title='bbox 2281 4200 2361 4259; x_wconf 83' lang='grc' dir='ltr'>τὰ</span> <span class='ocrx_word' id='word_1_420' title='bbox 2406 4206 2512 4259; x_wconf 76' lang='grc' dir='ltr'>νῦν</span> <span class='ocrx_word' id='word_1_421' title='bbox 2557 4195 2847 4276; x_wconf 85' lang='lat' dir='ltr'>Theogn.</span> <span class='ocrx_word' id='word_1_422' title='bbox 2898 4193 3043 4275; x_wconf 89' lang='grc'>604,</span> <span class='ocrx_word' id='word_1_423' title='bbox 3091 4197 3166 4258; x_wconf 85' lang='grc' dir='ltr'>τὸ</span> 
     </span>
     <span class='ocr_line' id='line_1_39' title="bbox 368 4300 3167 4388; baseline -0.004 -19"><span class='ocrx_word' id='word_1_424' title='bbox 368 4300 733 4388; x_wconf 75' lang='grc' dir='ltr'><em>δ’ἄτρεκρές</em></span> <span class='ocrx_word' id='word_1_425' title='bbox 796 4302 1035 4385; x_wconf 75' lang='lat' dir='ltr'>(genau</span> <span class='ocrx_word' id='word_1_426' title='bbox 1082 4302 1494 4387; x_wconf 83' lang='lat' dir='ltr'>genommen)</span> <span class='ocrx_word' id='word_1_427' title='bbox 1559 4302 1718 4365; x_wconf 91' lang='lat' dir='ltr'>ibid.</span> <span class='ocrx_word' id='word_1_428' title='bbox 1774 4302 1912 4377; x_wconf 89' lang='grc'><strong>167,</strong></span> <span class='ocrx_word' id='word_1_429' title='bbox 1974 4323 2254 4384; x_wconf 90' lang='lat' dir='ltr'>quocum</span> <span class='ocrx_word' id='word_1_430' title='bbox 2315 4300 2455 4363; x_wconf 94' lang='lat' dir='ltr'>loco</span> <span class='ocrx_word' id='word_1_431' title='bbox 2527 4300 2886 4384; x_wconf 87' lang='lat' dir='ltr'>comparari</span> <span class='ocrx_word' id='word_1_432' title='bbox 2957 4306 3167 4382; x_wconf 88' lang='lat' dir='ltr'>potest</span> 
     </span>
     <span class='ocr_line' id='line_1_40' title="bbox 367 4399 3166 4495; baseline -0.002 -24"><span class='ocrx_word' id='word_1_433' title='bbox 367 4409 608 4471; x_wconf 91' lang='lat' dir='ltr'>Herod.</span> <span class='ocrx_word' id='word_1_434' title='bbox 640 4407 701 4469; x_wconf 93' lang='lat' dir='ltr'>V</span> <span class='ocrx_word' id='word_1_435' title='bbox 736 4406 773 4468; x_wconf 87' lang='lat'>9</span> <span class='ocrx_word' id='word_1_436' title='bbox 830 4409 903 4469; x_wconf 85' lang='grc' dir='ltr'>τὸ</span> <span class='ocrx_word' id='word_1_437' title='bbox 962 4407 1031 4469; x_wconf 79' lang='grc' dir='ltr'>δὲ</span> <span class='ocrx_word' id='word_1_438' title='bbox 1084 4410 1247 4488; x_wconf 81' lang='grc' dir='ltr'><em>πρὸς</em></span> <span class='ocrx_word' id='word_1_439' title='bbox 1298 4405 1503 4489; x_wconf 79' lang='grc' dir='ltr'><em>βορέω</em></span> <span class='ocrx_word' id='word_1_440' title='bbox 1559 4403 1653 4471; x_wconf 72' lang='grc' dir='ltr'><em>ἔτι</em></span> <span class='ocrx_word' id='word_1_441' title='bbox 1702 4416 1812 4495; x_wconf 85' lang='grc' dir='ltr'>τῆς</span> <span class='ocrx_word' id='word_1_442' title='bbox 1858 4411 2061 4491; x_wconf 86' lang='grc' dir='ltr'><em>χώρης</em></span> <span class='ocrx_word' id='word_1_443' title='bbox 2103 4410 2334 4490; x_wconf 74' lang='grc' dir='ltr'><em>ταύτης</em></span> <span class='ocrx_word' id='word_1_444' title='bbox 2380 4403 2586 4482; x_wconf 77' lang='grc' dir='ltr'><em>οὐδεὶς</em></span> <span class='ocrx_word' id='word_1_445' title='bbox 2629 4399 2756 4485; x_wconf 73' lang='grc' dir='ltr'><em>ἔχει</em></span> <span class='ocrx_word' id='word_1_446' title='bbox 2803 4407 3048 4489; x_wconf 81' lang='grc' dir='ltr'><em>φράσαι</em></span> <span class='ocrx_word' id='word_1_447' title='bbox 3091 4405 3166 4466; x_wconf 83' lang='grc' dir='ltr'>τὸ</span> 
     </span>
     <span class='ocr_line' id='line_1_41' title="bbox 366 4506 3165 4597; baseline -0.003 -21"><span class='ocrx_word' id='word_1_448' title='bbox 366 4509 639 4596; x_wconf 78' lang='grc' dir='ltr'><em>ἀτρεκές,</em></span> <span class='ocrx_word' id='word_1_449' title='bbox 692 4512 815 4575; x_wconf 85' lang='lat' dir='ltr'>nisi</span> <span class='ocrx_word' id='word_1_450' title='bbox 863 4510 1035 4595; x_wconf 89' lang='lat' dir='ltr'>quod</span> <span class='ocrx_word' id='word_1_451' title='bbox 1088 4510 1195 4573; x_wconf 90' lang='lat' dir='ltr'>hic</span> <span class='ocrx_word' id='word_1_452' title='bbox 1248 4515 1322 4576; x_wconf 84' lang='grc' dir='ltr'>τὸ</span> <span class='ocrx_word' id='word_1_453' title='bbox 1371 4509 1624 4597; x_wconf 81' lang='grc' dir='ltr'><em>ἀτρεκές</em></span> <span class='ocrx_word' id='word_1_454' title='bbox 1678 4510 2062 4575; x_wconf 86' lang='lat' dir='ltr'>substantivi</span> <span class='ocrx_word' id='word_1_455' title='bbox 2117 4513 2320 4573; x_wconf 87' lang='lat' dir='ltr'>instar</span> <span class='ocrx_word' id='word_1_456' title='bbox 2367 4519 2481 4592; x_wconf 87' lang='lat' dir='ltr'>est,</span> <span class='ocrx_word' id='word_1_457' title='bbox 2537 4512 2611 4573; x_wconf 87' lang='grc' dir='ltr'>τὸ</span> <span class='ocrx_word' id='word_1_458' title='bbox 2658 4507 2957 4593; x_wconf 75' lang='grc' dir='ltr'><em>μέγιστον</em></span> <span class='ocrx_word' id='word_1_459' title='bbox 3008 4506 3165 4570; x_wconf 88' lang='lat' dir='ltr'>ibid.</span> 
     </span>
     <span class='ocr_line' id='line_1_42' title="bbox 370 4616 1161 4703; baseline 0.004 -25"><span class='ocrx_word' id='word_1_460' title='bbox 370 4617 492 4678; x_wconf 87' lang='lat'>111</span> <span class='ocrx_word' id='word_1_461' title='bbox 541 4618 607 4679; x_wconf 92' lang='lat' dir='ltr'>in</span> <span class='ocrx_word' id='word_1_462' title='bbox 652 4616 791 4681; x_wconf 92' lang='lat' dir='ltr'>loco</span> <span class='ocrx_word' id='word_1_463' title='bbox 840 4626 1161 4703; x_wconf 82' lang='lat' dir='ltr'>corrupto,</span> 
     </span>
    </p>
   </div>
  </div>
 </body>
</html>
