<?xml version="1.0" encoding="UTF-8"?>
<!DOCTYPE html PUBLIC "-//W3C//DTD XHTML 1.0 Transitional//EN"
    "http://www.w3.org/TR/xhtml1/DTD/xhtml1-transitional.dtd">
<html xmlns="http://www.w3.org/1999/xhtml" xml:lang="en" lang="en">
 <head>
  <title>
</title>
<meta http-equiv="Content-Type" content="text/html;charset=utf-8" />
  <meta name='ocr-system' content='tesseract 3.04.00' />
  <meta name='ocr-capabilities' content='ocr_page ocr_carea ocr_par ocr_line ocrx_word'/>
</head>
<body>
  <div class='ocr_page' id='page_1' title='image "./dissertationesp04wiengoog_0161.png"; bbox 0 0 3392 5067; ppageno 0'>
   <div class='ocr_carea' id='block_1_1' title="bbox 170 231 231 295">
    <p class='ocr_par' dir='ltr' id='par_1_1' title="bbox 170 231 231 295">
     <span class='ocr_line' id='line_1_1' title="bbox 170 231 231 295; baseline 0.033 -2"><span class='ocrx_word' id='word_1_1' title='bbox 170 231 231 295; x_wconf 81' lang='lat'>150</span> 
     </span>
    </p>
   </div>
   <div class='ocr_carea' id='block_1_2' title="bbox 164 419 1623 1245">
    <p class='ocr_par' dir='ltr' id='par_1_2' title="bbox 164 419 1623 1245">
     <span class='ocr_line' id='line_1_2' title="bbox 164 419 1623 513; baseline 0.001 -26"><span class='ocrx_word' id='word_1_2' title='bbox 164 424 295 510; x_wconf 79' lang='grc' dir='ltr'><strong><em>κήρυκος</em></strong></span> <span class='ocrx_word' id='word_1_3' title='bbox 308 420 358 488; x_wconf 78' lang='grc' dir='ltr'>ἀν’</span> <span class='ocrx_word' id='word_1_4' title='bbox 375 421 429 502; x_wconf 87' lang='grc' dir='ltr'>ούς</span> <span class='ocrx_word' id='word_1_5' title='bbox 443 419 495 505; x_wconf 82' lang='grc' dir='ltr'>ἐχε</span> <span class='ocrx_word' id='word_1_6' title='bbox 510 429 616 508; x_wconf 86' lang='grc' dir='ltr'><em>μακρὰ</em></span> <span class='ocrx_word' id='word_1_7' title='bbox 631 428 782 506; x_wconf 77' lang='grc' dir='ltr'><em>βοῶντος.</em></span> <span class='ocrx_word' id='word_1_8' title='bbox 818 432 917 507; x_wconf 87' lang='lat' dir='ltr'>atque</span> <span class='ocrx_word' id='word_1_9' title='bbox 933 420 1014 488; x_wconf 92' lang='grc' dir='ltr'><em>ἀιέιν</em></span> <span class='ocrx_word' id='word_1_10' title='bbox 1029 423 1179 508; x_wconf 89' lang='lat' dir='ltr'>Xenoph.</span> <span class='ocrx_word' id='word_1_11' title='bbox 1198 424 1265 507; x_wconf 80' lang='lat'>6,5</span> <span class='ocrx_word' id='word_1_12' title='bbox 1289 432 1379 489; x_wconf 86' lang='lat' dir='ltr'>extat</span> <span class='ocrx_word' id='word_1_13' title='bbox 1394 426 1489 512; x_wconf 77' lang='grc' dir='ltr'><em>ψυχή,</em></span> <span class='ocrx_word' id='word_1_14' title='bbox 1512 432 1569 513; x_wconf 78' lang='grc' dir='ltr'>τὴν</span> <span class='ocrx_word' id='word_1_15' title='bbox 1618 470 1623 479; x_wconf 84' lang='lat'><strong>·</strong></span> 
     </span>
     <span class='ocr_line' id='line_1_3' title="bbox 165 523 1569 615; baseline 0.001 -23"><span class='ocrx_word' id='word_1_16' title='bbox 165 523 262 611; x_wconf 82' lang='grc' dir='ltr'><em>ἐγνων</em></span> <span class='ocrx_word' id='word_1_17' title='bbox 276 524 500 613; x_wconf 76' lang='grc' dir='ltr'><em>φθεγξαμένης</em></span> <span class='ocrx_word' id='word_1_18' title='bbox 514 524 602 609; x_wconf 79' lang='grc' dir='ltr'><em>ἀίων,</em></span> <span class='ocrx_word' id='word_1_19' title='bbox 625 529 817 593; x_wconf 87' lang='grc' dir='ltr'><em>πεύθεσθαι</em></span> <span class='ocrx_word' id='word_1_20' title='bbox 831 526 944 591; x_wconf 89' lang='lat' dir='ltr'>Mimn.</span> <span class='ocrx_word' id='word_1_21' title='bbox 963 526 1013 609; x_wconf 85' lang='lat'>14,</span> <span class='ocrx_word' id='word_1_22' title='bbox 1033 528 1106 613; x_wconf 84' lang='lat' dir='ltr'>lsq.</span> <span class='ocrx_word' id='word_1_23' title='bbox 1130 531 1167 593; x_wconf 84' lang='grc' dir='ltr'>ού</span> <span class='ocrx_word' id='word_1_24' title='bbox 1181 530 1239 613; x_wconf 85' lang='grc' dir='ltr'>μέν</span> <span class='ocrx_word' id='word_1_25' title='bbox 1254 530 1292 615; x_wconf 67' lang='lat' dir='ltr'>dr&gt;</span> <span class='ocrx_word' id='word_1_26' title='bbox 1307 526 1411 594; x_wconf 81' lang='grc' dir='ltr'><em>κείνου</em></span> <span class='ocrx_word' id='word_1_27' title='bbox 1427 552 1460 613; x_wconf 94' lang='grc' dir='ltr'>γε</span> <span class='ocrx_word' id='word_1_28' title='bbox 1476 528 1569 613; x_wconf 84' lang='grc' dir='ltr'><em>μένος</em></span> 
     </span>
     <span class='ocr_line' id='line_1_4' title="bbox 165 628 1567 719; baseline 0.001 -24"><span class='ocrx_word' id='word_1_29' title='bbox 165 629 220 696; x_wconf 78' lang='grc' dir='ltr'>καὶ</span> <span class='ocrx_word' id='word_1_30' title='bbox 242 633 377 719; x_wconf 76' lang='grc' dir='ltr'><em>ἀγήνορα</em></span> <span class='ocrx_word' id='word_1_31' title='bbox 400 634 506 715; x_wconf 80' lang='grc' dir='ltr'><em>θυμάν</em></span> <span class='ocrx_word' id='word_1_32' title='bbox 525 631 529 717; x_wconf 81' lang='grc' dir='ltr'>Ι</span> <span class='ocrx_word' id='word_1_33' title='bbox 549 637 638 697; x_wconf 86' lang='grc' dir='ltr'><em>τοῖον</em></span> <span class='ocrx_word' id='word_1_34' title='bbox 660 631 736 715; x_wconf 83' lang='grc' dir='ltr'><em>ἐμεῦ</em></span> <span class='ocrx_word' id='word_1_35' title='bbox 756 628 921 719; x_wconf 81' lang='grc' dir='ltr'><em>προτέρων</em></span> <span class='ocrx_word' id='word_1_36' title='bbox 942 632 1119 717; x_wconf 79' lang='grc' dir='ltr'><em>πεύθομαι,</em></span> <span class='ocrx_word' id='word_1_37' title='bbox 1144 654 1283 717; x_wconf 91' lang='lat' dir='ltr'>quocum</span> <span class='ocrx_word' id='word_1_38' title='bbox 1305 634 1376 697; x_wconf 90' lang='lat' dir='ltr'>loco</span> <span class='ocrx_word' id='word_1_39' title='bbox 1407 633 1448 698; x_wconf 86' lang='lat' dir='ltr'>cf.</span> <span class='ocrx_word' id='word_1_40' title='bbox 1464 633 1567 699; x_wconf 86' lang='grc' dir='ltr'><strong>Ρ408</strong></span> 
     </span>
     <span class='ocr_line' id='line_1_5' title="bbox 165 735 1567 825; baseline 0.004 -26"><span class='ocrx_word' id='word_1_41' title='bbox 165 735 303 800; x_wconf 77' lang='grc' dir='ltr'><em>πολλάκι</em></span> <span class='ocrx_word' id='word_1_42' title='bbox 326 738 383 821; x_wconf 84' lang='grc' dir='ltr'>γὰρ</span> <span class='ocrx_word' id='word_1_43' title='bbox 405 737 444 800; x_wconf 88' lang='grc' dir='ltr'>τό</span> <span class='ocrx_word' id='word_1_44' title='bbox 466 757 500 819; x_wconf 90' lang='grc' dir='ltr'>γε</span> <span class='ocrx_word' id='word_1_45' title='bbox 521 738 640 823; x_wconf 85' lang='grc' dir='ltr'><em>μητρὸς</em></span> <span class='ocrx_word' id='word_1_46' title='bbox 665 736 826 800; x_wconf 78' lang='grc' dir='ltr'><em>ἐπεύθετο</em></span> <span class='ocrx_word' id='word_1_47' title='bbox 850 737 962 823; x_wconf 82' lang='grc' dir='ltr'><em>νόσφιν</em></span> <span class='ocrx_word' id='word_1_48' title='bbox 984 738 1107 800; x_wconf 89' lang='grc' dir='ltr'><em>ἀκούων</em></span> <span class='ocrx_word' id='word_1_49' title='bbox 1130 744 1162 799; x_wconf 90' lang='lat' dir='ltr'>et</span> <span class='ocrx_word' id='word_1_50' title='bbox 1183 735 1202 799; x_wconf 93' lang='grc' dir='ltr'><em>λ</em></span> <span class='ocrx_word' id='word_1_51' title='bbox 1224 735 1268 800; x_wconf 82' lang='grc'>50</span> <span class='ocrx_word' id='word_1_52' title='bbox 1283 736 1439 825; x_wconf 79' lang='lat'>(=89)1)</span> <span class='ocrx_word' id='word_1_53' title='bbox 1458 744 1567 824; x_wconf 87' lang='grc' dir='ltr'><em>Τειρε-</em></span> 
     </span>
     <span class='ocr_line' id='line_1_6' title="bbox 166 837 1566 929; baseline 0.002 -25"><span class='ocrx_word' id='word_1_54' title='bbox 166 837 241 905; x_wconf 80' lang='grc' dir='ltr'><em>σίαο</em></span> <span class='ocrx_word' id='word_1_55' title='bbox 264 837 438 905; x_wconf 82' lang='grc' dir='ltr'><em>πυθέσθαι</em></span> <span class='ocrx_word' id='word_1_56' title='bbox 457 842 477 902; x_wconf 90' lang='lat' dir='ltr'>i.</span> <span class='ocrx_word' id='word_1_57' title='bbox 503 861 530 903; x_wconf 90' lang='lat' dir='ltr'>e.</span> <span class='ocrx_word' id='word_1_58' title='bbox 557 861 599 901; x_wconf 88' lang='lat' dir='ltr'>ex</span> <span class='ocrx_word' id='word_1_59' title='bbox 623 862 677 903; x_wconf 90' lang='lat' dir='ltr'>ore</span> <span class='ocrx_word' id='word_1_60' title='bbox 701 840 854 903; x_wconf 83' lang='lat' dir='ltr'>Tiresiae.</span> <span class='ocrx_word' id='word_1_61' title='bbox 901 839 1073 905; x_wconf 79' lang='grc' dir='ltr'><em>ἐπακούειν</em></span> <span class='ocrx_word' id='word_1_62' title='bbox 1095 862 1172 904; x_wconf 89' lang='lat' dir='ltr'>vero</span> <span class='ocrx_word' id='word_1_63' title='bbox 1196 862 1229 904; x_wconf 88' lang='lat' dir='ltr'>se</span> <span class='ocrx_word' id='word_1_64' title='bbox 1254 843 1395 905; x_wconf 87' lang='lat' dir='ltr'>continet</span> <span class='ocrx_word' id='word_1_65' title='bbox 1421 864 1460 905; x_wconf 93' lang='lat' dir='ltr'>ea</span> <span class='ocrx_word' id='word_1_66' title='bbox 1475 853 1566 929; x_wconf 85' lang='lat' dir='ltr'>parte</span> 
     </span>
     <span class='ocr_line' id='line_1_7' title="bbox 165 943 1567 1033; baseline 0.004 -27"><span class='ocrx_word' id='word_1_67' title='bbox 165 943 359 1027; x_wconf 84' lang='lat' dir='ltr'>elegearum,</span> <span class='ocrx_word' id='word_1_68' title='bbox 381 965 464 1027; x_wconf 90' lang='lat' dir='ltr'>quae</span> <span class='ocrx_word' id='word_1_69' title='bbox 485 966 505 1007; x_wconf 89' lang='lat' dir='ltr'>a</span> <span class='ocrx_word' id='word_1_70' title='bbox 524 944 713 1027; x_wconf 84' lang='lat' dir='ltr'>Theognide</span> <span class='ocrx_word' id='word_1_71' title='bbox 737 943 958 1008; x_wconf 87' lang='lat' dir='ltr'>abiudicanda</span> <span class='ocrx_word' id='word_1_72' title='bbox 978 954 1036 1026; x_wconf 87' lang='lat' dir='ltr'>est,</span> <span class='ocrx_word' id='word_1_73' title='bbox 1063 944 1144 1008; x_wconf 91' lang='grc'><strong>1321</strong></span> <span class='ocrx_word' id='word_1_74' title='bbox 1164 943 1257 1012; x_wconf 78' lang='grc' dir='ltr'><em>τῶνδ’</em></span> <span class='ocrx_word' id='word_1_75' title='bbox 1272 947 1452 1013; x_wconf 89' lang='grc' dir='ltr'><em>ἐπάκουσον</em></span> <span class='ocrx_word' id='word_1_76' title='bbox 1475 948 1567 1033; x_wconf 65' lang='lat' dir='ltr'>(here</span> 
     </span>
     <span class='ocr_line' id='line_1_8' title="bbox 164 1047 1565 1138; baseline 0.004 -27"><span class='ocrx_word' id='word_1_77' title='bbox 164 1047 238 1132; x_wconf 77' lang='lat' dir='ltr'>auf)</span> <span class='ocrx_word' id='word_1_78' title='bbox 261 1048 358 1129; x_wconf 85' lang='grc' dir='ltr'><em>ἐπῶν,</em></span> <span class='ocrx_word' id='word_1_79' title='bbox 381 1058 417 1111; x_wconf 83' lang='lat' dir='ltr'>ut</span> <span class='ocrx_word' id='word_1_80' title='bbox 440 1071 503 1112; x_wconf 93' lang='lat' dir='ltr'>uno</span> <span class='ocrx_word' id='word_1_81' title='bbox 526 1048 596 1113; x_wconf 96' lang='lat' dir='ltr'>loco</span> <span class='ocrx_word' id='word_1_82' title='bbox 617 1048 752 1113; x_wconf 83' lang='lat' dir='ltr'>Homeri</span> <span class='ocrx_word' id='word_1_83' title='bbox 774 1087 817 1095; x_wconf 90' lang='lat'>—</span> <span class='ocrx_word' id='word_1_84' title='bbox 840 1048 973 1135; x_wconf 87' lang='lat' dir='ltr'>reliquis</span> <span class='ocrx_word' id='word_1_85' title='bbox 995 1049 1073 1113; x_wconf 90' lang='lat' dir='ltr'>locis</span> <span class='ocrx_word' id='word_1_86' title='bbox 1097 1048 1150 1113; x_wconf 90' lang='lat' dir='ltr'>hic</span> <span class='ocrx_word' id='word_1_87' title='bbox 1172 1050 1343 1116; x_wconf 77' lang='grc' dir='ltr'><em>ἐπακούειν</em></span> <span class='ocrx_word' id='word_1_88' title='bbox 1357 1075 1390 1116; x_wconf 91' lang='grc' dir='ltr'><em>τι</em></span> <span class='ocrx_word' id='word_1_89' title='bbox 1413 1052 1492 1117; x_wconf 89' lang='lat' dir='ltr'>dicit</span> <span class='ocrx_word' id='word_1_90' title='bbox 1514 1091 1565 1138; x_wconf 94' lang='lat'>—,</span> 
     </span>
     <span class='ocr_line' id='line_1_9' title="bbox 166 1150 1565 1245; baseline 0.004 -28"><span class='ocrx_word' id='word_1_91' title='bbox 166 1158 196 1217; x_wconf 90' lang='lat' dir='ltr'><strong><em>B</em></strong></span> <span class='ocrx_word' id='word_1_92' title='bbox 220 1152 282 1216; x_wconf 91' lang='grc'>143</span> <span class='ocrx_word' id='word_1_93' title='bbox 306 1153 377 1217; x_wconf 80' lang='grc' dir='ltr'><em>ὅσοι</em></span> <span class='ocrx_word' id='word_1_94' title='bbox 401 1155 438 1219; x_wconf 85' lang='grc' dir='ltr'>ού</span> <span class='ocrx_word' id='word_1_95' title='bbox 460 1154 577 1241; x_wconf 75' lang='grc' dir='ltr'><em>βουλῆς</em></span> <span class='ocrx_word' id='word_1_96' title='bbox 597 1153 790 1235; x_wconf 89' lang='grc' dir='ltr'><em>ἐπάκουσαν,</em></span> <span class='ocrx_word' id='word_1_97' title='bbox 823 1162 855 1216; x_wconf 89' lang='lat' dir='ltr'>et</span> <span class='ocrx_word' id='word_1_98' title='bbox 884 1153 967 1217; x_wconf 88' lang='grc'><strong>1366</strong></span> <span class='ocrx_word' id='word_1_99' title='bbox 997 1151 1052 1219; x_wconf 82' lang='grc' dir='ltr'>καί</span> <span class='ocrx_word' id='word_1_100' title='bbox 1073 1178 1135 1238; x_wconf 92' lang='grc' dir='ltr'>μου</span> <span class='ocrx_word' id='word_1_101' title='bbox 1166 1150 1262 1241; x_wconf 74' lang='grc' dir='ltr'><em>παῦρ’</em></span> <span class='ocrx_word' id='word_1_102' title='bbox 1284 1155 1466 1223; x_wconf 80' lang='grc' dir='ltr'><em>ἐπάκουσον</em></span> <span class='ocrx_word' id='word_1_103' title='bbox 1493 1152 1565 1245; x_wconf 81' lang='grc' dir='ltr'>ἐπη,</span> 
     </span>
    </p>
   </div>
   <div class='ocr_carea' id='block_1_3' title="bbox 51 1238 1566 1344">
    <p class='ocr_par' dir='ltr' id='par_1_3' title="bbox 51 1238 1566 1344">
     <span class='ocr_line' id='line_1_10' title="bbox 51 1238 1566 1344; baseline 0.004 -24"><span class='ocrx_word' id='word_1_104' title='bbox 51 1273 56 1283; x_wconf 91' lang='grc'><strong><em>’</em></strong></span> <span class='ocrx_word' id='word_1_105' title='bbox 127 1238 132 1252; x_wconf 30' lang='lat' dir='ltr'>l</span> <span class='ocrx_word' id='word_1_106' title='bbox 166 1259 218 1321; x_wconf 89' lang='lat' dir='ltr'>cui</span> <span class='ocrx_word' id='word_1_107' title='bbox 254 1258 484 1320; x_wconf 78' lang='lat' dir='ltr'>constructioni</span> <span class='ocrx_word' id='word_1_108' title='bbox 518 1256 630 1321; x_wconf 89' lang='lat' dir='ltr'>similis</span> <span class='ocrx_word' id='word_1_109' title='bbox 671 1258 760 1342; x_wconf 92' lang='lat' dir='ltr'>apud</span> <span class='ocrx_word' id='word_1_110' title='bbox 791 1258 971 1322; x_wconf 83' lang='lat' dir='ltr'>Homerum</span> <span class='ocrx_word' id='word_1_111' title='bbox 1005 1280 1068 1323; x_wconf 89' lang='lat' dir='ltr'>non</span> <span class='ocrx_word' id='word_1_112' title='bbox 1106 1267 1206 1323; x_wconf 86' lang='lat' dir='ltr'>extat.</span> <span class='ocrx_word' id='word_1_113' title='bbox 1253 1258 1391 1344; x_wconf 88' lang='lat' dir='ltr'>denique</span> <span class='ocrx_word' id='word_1_114' title='bbox 1425 1262 1566 1326; x_wconf 88' lang='lat' dir='ltr'>animad-</span> 
     </span>
    </p>
   </div>
   <div class='ocr_carea' id='block_1_4' title="bbox 163 1360 1570 2076">
    <p class='ocr_par' dir='ltr' id='par_1_4' title="bbox 163 1360 1570 2076">
     <span class='ocr_line' id='line_1_11' title="bbox 166 1360 1564 1449; baseline 0.005 -26"><span class='ocrx_word' id='word_1_115' title='bbox 166 1371 276 1424; x_wconf 79' lang='lat' dir='ltr'>vertas</span> <span class='ocrx_word' id='word_1_116' title='bbox 298 1360 437 1425; x_wconf 90' lang='lat' dir='ltr'>verbum</span> <span class='ocrx_word' id='word_1_117' title='bbox 463 1362 567 1425; x_wconf 83' lang='grc' dir='ltr'><em>κλύειν</em></span> <span class='ocrx_word' id='word_1_118' title='bbox 591 1360 670 1448; x_wconf 81' lang='lat' dir='ltr'>(Sol.</span> <span class='ocrx_word' id='word_1_119' title='bbox 697 1362 747 1445; x_wconf 82' lang='lat'>13,</span> <span class='ocrx_word' id='word_1_120' title='bbox 770 1361 801 1446; x_wconf 93' lang='grc'><strong>2,</strong></span> <span class='ocrx_word' id='word_1_121' title='bbox 826 1361 970 1447; x_wconf 84' lang='lat' dir='ltr'>Theogn.</span> <span class='ocrx_word' id='word_1_122' title='bbox 994 1362 1016 1425; x_wconf 88' lang='lat'>4</span> <span class='ocrx_word' id='word_1_123' title='bbox 1038 1370 1070 1426; x_wconf 92' lang='lat' dir='ltr'>et</span> <span class='ocrx_word' id='word_1_124' title='bbox 1094 1362 1158 1449; x_wconf 82' lang='grc'><strong>13),</strong></span> <span class='ocrx_word' id='word_1_125' title='bbox 1188 1363 1275 1449; x_wconf 92' lang='lat' dir='ltr'>quod</span> <span class='ocrx_word' id='word_1_126' title='bbox 1303 1385 1431 1449; x_wconf 88' lang='lat' dir='ltr'>semper</span> <span class='ocrx_word' id='word_1_127' title='bbox 1457 1376 1564 1430; x_wconf 85' lang='lat' dir='ltr'>nostro</span> 
     </span>
     <span class='ocr_line' id='line_1_12' title="bbox 167 1464 1563 1552; baseline 0.004 -24"><span class='ocrx_word' id='word_1_128' title='bbox 167 1465 323 1529; x_wconf 78' lang='lat' dir='ltr'>‘erhoren’</span> <span class='ocrx_word' id='word_1_129' title='bbox 354 1464 540 1550; x_wconf 83' lang='lat' dir='ltr'>respondet,</span> <span class='ocrx_word' id='word_1_130' title='bbox 572 1488 638 1529; x_wconf 93' lang='lat' dir='ltr'>non</span> <span class='ocrx_word' id='word_1_131' title='bbox 665 1488 739 1530; x_wconf 91' lang='lat' dir='ltr'>cum</span> <span class='ocrx_word' id='word_1_132' title='bbox 766 1468 918 1549; x_wconf 84' lang='lat' dir='ltr'>genetivo</span> <span class='ocrx_word' id='word_1_133' title='bbox 951 1468 1114 1552; x_wconf 87' lang='lat' dir='ltr'>coniungi,</span> <span class='ocrx_word' id='word_1_134' title='bbox 1143 1467 1201 1532; x_wconf 87' lang='lat' dir='ltr'>scd</span> <span class='ocrx_word' id='word_1_135' title='bbox 1233 1489 1307 1532; x_wconf 92' lang='lat' dir='ltr'>cum</span> <span class='ocrx_word' id='word_1_136' title='bbox 1334 1466 1459 1550; x_wconf 80' lang='lat' dir='ltr'>dativo3</span> <span class='ocrx_word' id='word_1_137' title='bbox 1489 1492 1563 1533; x_wconf 90' lang='lat' dir='ltr'>nam</span> 
     </span>
     <span class='ocr_line' id='line_1_13' title="bbox 166 1568 1565 1659; baseline 0.001 -24"><span class='ocrx_word' id='word_1_138' title='bbox 166 1569 229 1635; x_wconf 84' lang='lat' dir='ltr'>Sol.</span> <span class='ocrx_word' id='word_1_139' title='bbox 261 1568 355 1652; x_wconf 91' lang='grc'><strong>13,2</strong></span> <span class='ocrx_word' id='word_1_140' title='bbox 389 1578 481 1633; x_wconf 85' lang='lat' dir='ltr'>extat</span> <span class='ocrx_word' id='word_1_141' title='bbox 510 1569 603 1635; x_wconf 84' lang='grc' dir='ltr'><em>κλῦτέ</em></span> <span class='ocrx_word' id='word_1_142' title='bbox 624 1594 681 1655; x_wconf 92' lang='grc' dir='ltr'><em>μοι</em></span> <span class='ocrx_word' id='word_1_143' title='bbox 706 1570 875 1659; x_wconf 81' lang='grc' dir='ltr'><em>εύχομένφ,</em></span> <span class='ocrx_word' id='word_1_144' title='bbox 906 1571 1052 1655; x_wconf 83' lang='lat' dir='ltr'>Theogn.</span> <span class='ocrx_word' id='word_1_145' title='bbox 1079 1572 1118 1635; x_wconf 91' lang='grc'>13</span> <span class='ocrx_word' id='word_1_146' title='bbox 1147 1571 1305 1659; x_wconf 83' lang='grc' dir='ltr'><em>εὐχομένφ</em></span> <span class='ocrx_word' id='word_1_147' title='bbox 1327 1596 1384 1657; x_wconf 91' lang='grc' dir='ltr'><em>μοι</em></span> <span class='ocrx_word' id='word_1_148' title='bbox 1407 1574 1565 1658; x_wconf 83' lang='grc' dir='ltr'><em>κλύθι,4</em></span> 
     </span>
     <span class='ocr_line' id='line_1_14' title="bbox 164 1672 1570 1762; baseline 0.004 -23"><span class='ocrx_word' id='word_1_149' title='bbox 164 1680 203 1739; x_wconf 84' lang='grc' dir='ltr'>σὺ</span> <span class='ocrx_word' id='word_1_150' title='bbox 231 1672 268 1740; x_wconf 81' lang='lat' dir='ltr'>de&#39;</span> <span class='ocrx_word' id='word_1_151' title='bbox 289 1698 345 1759; x_wconf 91' lang='grc' dir='ltr'><em>μοι</em></span> <span class='ocrx_word' id='word_1_152' title='bbox 371 1675 478 1739; x_wconf 81' lang='grc' dir='ltr'><em>κλῦθι.</em></span> <span class='ocrx_word' id='word_1_153' title='bbox 525 1674 720 1760; x_wconf 78' lang='lat' dir='ltr'>quibuscum</span> <span class='ocrx_word' id='word_1_154' title='bbox 751 1673 899 1740; x_wconf 85' lang='lat' dir='ltr'>conferas</span> <span class='ocrx_word' id='word_1_155' title='bbox 930 1675 1025 1740; x_wconf 90' lang='lat' dir='ltr'>Hom.</span> <span class='ocrx_word' id='word_1_156' title='bbox 1058 1696 1108 1760; x_wconf 91' lang='lat' dir='ltr'>ep.</span> <span class='ocrx_word' id='word_1_157' title='bbox 1139 1675 1189 1757; x_wconf 91' lang='grc'><strong>12,</strong></span> <span class='ocrx_word' id='word_1_158' title='bbox 1220 1678 1235 1739; x_wconf 92' lang='lat' dir='ltr'>l</span> <span class='ocrx_word' id='word_1_159' title='bbox 1269 1675 1368 1743; x_wconf 83' lang='grc' dir='ltr'><em>κλῦθί</em></span> <span class='ocrx_word' id='word_1_160' title='bbox 1389 1700 1445 1762; x_wconf 92' lang='grc' dir='ltr'><em>μοι</em></span> <span class='ocrx_word' id='word_1_161' title='bbox 1474 1682 1570 1760; x_wconf 80' lang='grc' dir='ltr'>εὐχο-Ι</span> 
     </span>
     <span class='ocr_line' id='line_1_15' title="bbox 164 1778 1565 1867; baseline 0.002 -23"><span class='ocrx_word' id='word_1_162' title='bbox 164 1778 258 1865; x_wconf 77' lang='grc' dir='ltr'><em>μένην,</em></span> <span class='ocrx_word' id='word_1_163' title='bbox 282 1779 392 1864; x_wconf 90' lang='lat' dir='ltr'>hymn.</span> <span class='ocrx_word' id='word_1_164' title='bbox 417 1779 524 1865; x_wconf 85' lang='lat' dir='ltr'>Apoll.</span> <span class='ocrx_word' id='word_1_165' title='bbox 548 1779 645 1864; x_wconf 89' lang='lat' dir='ltr'>Pyth.</span> <span class='ocrx_word' id='word_1_166' title='bbox 672 1778 733 1843; x_wconf 81' lang='lat'>156</span> <span class='ocrx_word' id='word_1_167' title='bbox 757 1778 885 1845; x_wconf 81' lang='grc' dir='ltr'><em>κέκλυτε</em></span> <span class='ocrx_word' id='word_1_168' title='bbox 908 1790 960 1845; x_wconf 85' lang='grc' dir='ltr'>νῦν</span> <span class='ocrx_word' id='word_1_169' title='bbox 982 1804 1048 1867; x_wconf 92' lang='grc' dir='ltr'><em>μοι,</em></span> <span class='ocrx_word' id='word_1_170' title='bbox 1074 1787 1102 1845; x_wconf 89' lang='grc' dir='ltr'>Γ</span> <span class='ocrx_word' id='word_1_171' title='bbox 1100 1788 1156 1847; x_wconf 89' lang='grc' dir='ltr'>αῖα</span> <span class='ocrx_word' id='word_1_172' title='bbox 1182 1780 1238 1846; x_wconf 82' lang='grc' dir='ltr'>καέ</span> <span class='ocrx_word' id='word_1_173' title='bbox 1264 1780 1410 1867; x_wconf 83' lang='grc' dir='ltr'><em>Οὐρανός.</em></span> <span class='ocrx_word' id='word_1_174' title='bbox 1457 1782 1565 1847; x_wconf 88' lang='lat' dir='ltr'>differt</span> 
     </span>
     <span class='ocr_line' id='line_1_16' title="bbox 166 1881 1564 1972; baseline 0.004 -26"><span class='ocrx_word' id='word_1_175' title='bbox 166 1885 264 1967; x_wconf 82' lang='lat' dir='ltr'>igitur</span> <span class='ocrx_word' id='word_1_176' title='bbox 285 1883 347 1946; x_wconf 92' lang='lat' dir='ltr'>hoc</span> <span class='ocrx_word' id='word_1_177' title='bbox 372 1881 414 1946; x_wconf 90' lang='lat' dir='ltr'>ab</span> <span class='ocrx_word' id='word_1_178' title='bbox 438 1906 498 1947; x_wconf 87' lang='lat' dir='ltr'>usu</span> <span class='ocrx_word' id='word_1_179' title='bbox 521 1883 665 1965; x_wconf 81' lang='lat' dir='ltr'>Homeri,</span> <span class='ocrx_word' id='word_1_180' title='bbox 689 1886 808 1970; x_wconf 90' lang='lat' dir='ltr'>quippe</span> <span class='ocrx_word' id='word_1_181' title='bbox 831 1886 887 1969; x_wconf 93' lang='lat' dir='ltr'>qui</span> <span class='ocrx_word' id='word_1_182' title='bbox 909 1882 1008 1950; x_wconf 79' lang='grc' dir='ltr'><em>κλῦθί</em></span> <span class='ocrx_word' id='word_1_183' title='bbox 1029 1908 1087 1970; x_wconf 84' lang='grc' dir='ltr'>μευ</span> <span class='ocrx_word' id='word_1_184' title='bbox 1110 1885 1219 1950; x_wconf 88' lang='lat' dir='ltr'>dicere</span> <span class='ocrx_word' id='word_1_185' title='bbox 1243 1886 1344 1951; x_wconf 87' lang='lat' dir='ltr'>soleat</span> <span class='ocrx_word' id='word_1_186' title='bbox 1377 1886 1433 1972; x_wconf 85' lang='lat' dir='ltr'>(de</span> <span class='ocrx_word' id='word_1_187' title='bbox 1457 1887 1564 1951; x_wconf 90' lang='lat' dir='ltr'>dubiis</span> 
     </span>
     <span class='ocr_line' id='line_1_17' title="bbox 163 1986 1564 2076; baseline 0.004 -25"><span class='ocrx_word' id='word_1_188' title='bbox 163 1986 324 2051; x_wconf 89' lang='lat' dir='ltr'>nonnullis</span> <span class='ocrx_word' id='word_1_189' title='bbox 347 1986 426 2052; x_wconf 88' lang='lat' dir='ltr'>locis</span> <span class='ocrx_word' id='word_1_190' title='bbox 447 1987 488 2052; x_wconf 86' lang='lat' dir='ltr'>cf.</span> <span class='ocrx_word' id='word_1_191' title='bbox 505 1987 669 2071; x_wconf 83' lang='lat' dir='ltr'>Ebelingii</span> <span class='ocrx_word' id='word_1_192' title='bbox 692 1989 755 2052; x_wconf 82' lang='lat' dir='ltr'>lex.</span> <span class='ocrx_word' id='word_1_193' title='bbox 773 2012 803 2073; x_wconf 89' lang='lat' dir='ltr'>p.</span> <span class='ocrx_word' id='word_1_194' title='bbox 825 1988 888 2051; x_wconf 88' lang='grc'>837</span> <span class='ocrx_word' id='word_1_195' title='bbox 913 1998 944 2053; x_wconf 89' lang='lat' dir='ltr'>et</span> <span class='ocrx_word' id='word_1_196' title='bbox 967 1988 1018 2053; x_wconf 90' lang='lat' dir='ltr'>La</span> <span class='ocrx_word' id='word_1_197' title='bbox 1034 1989 1145 2054; x_wconf 86' lang='lat' dir='ltr'>Roche</span> <span class='ocrx_word' id='word_1_198' title='bbox 1170 1989 1258 2076; x_wconf 59' lang='grc'><strong>683,</strong></span> <span class='ocrx_word' id='word_1_199' title='bbox 1278 1990 1323 2075; x_wconf 80' lang='lat'>5).</span> <span class='ocrx_word' id='word_1_200' title='bbox 1358 2014 1464 2076; x_wconf 88' lang='lat' dir='ltr'>neque</span> <span class='ocrx_word' id='word_1_201' title='bbox 1486 2016 1564 2058; x_wconf 89' lang='lat' dir='ltr'>vero</span> 
     </span>
    </p>
   </div>
   <div class='ocr_carea' id='block_1_5' title="bbox 164 2082 1672 2180">
    <p class='ocr_par' dir='ltr' id='par_1_5' title="bbox 164 2082 1672 2180">
     <span class='ocr_line' id='line_1_18' title="bbox 164 2082 1672 2180; baseline 0.005 -26"><span class='ocrx_word' id='word_1_202' title='bbox 164 2091 248 2155; x_wconf 88' lang='lat' dir='ltr'>hano</span> <span class='ocrx_word' id='word_1_203' title='bbox 275 2091 316 2155; x_wconf 93' lang='lat' dir='ltr'>ob</span> <span class='ocrx_word' id='word_1_204' title='bbox 341 2114 473 2156; x_wconf 87' lang='lat' dir='ltr'>causam</span> <span class='ocrx_word' id='word_1_205' title='bbox 496 2082 648 2156; x_wconf 55' lang='lat' dir='ltr'>dativum¹</span> <span class='ocrx_word' id='word_1_206' title='bbox 664 2092 697 2155; x_wconf 89' lang='lat' dir='ltr'>in</span> <span class='ocrx_word' id='word_1_207' title='bbox 720 2094 907 2176; x_wconf 86' lang='lat' dir='ltr'>genetivum</span> <span class='ocrx_word' id='word_1_208' title='bbox 930 2102 1055 2159; x_wconf 89' lang='lat' dir='ltr'>mutare</span> <span class='ocrx_word' id='word_1_209' title='bbox 1082 2093 1168 2175; x_wconf 92' lang='lat' dir='ltr'>licet,</span> <span class='ocrx_word' id='word_1_210' title='bbox 1193 2096 1279 2180; x_wconf 92' lang='lat' dir='ltr'>quod</span> <span class='ocrx_word' id='word_1_211' title='bbox 1300 2095 1508 2161; x_wconf 88' lang='lat' dir='ltr'>Valckenaer</span> <span class='ocrx_word' id='word_1_212' title='bbox 1530 2098 1563 2161; x_wconf 92' lang='lat' dir='ltr'>in</span> <span class='ocrx_word' id='word_1_213' title='bbox 1670 2088 1672 2093; x_wconf 39' lang='lat'>⁵</span> 
     </span>
    </p>
   </div>
   <div class='ocr_carea' id='block_1_6' title="bbox 162 2194 1608 4369">
    <p class='ocr_par' dir='ltr' id='par_1_6' title="bbox 162 2194 1564 2781">
     <span class='ocr_line' id='line_1_19' title="bbox 164 2194 1563 2285; baseline 0.004 -25"><span class='ocrx_word' id='word_1_214' title='bbox 164 2194 289 2260; x_wconf 86' lang='lat' dir='ltr'>Solonis</span> <span class='ocrx_word' id='word_1_215' title='bbox 316 2196 386 2259; x_wconf 90' lang='lat' dir='ltr'>loco</span> <span class='ocrx_word' id='word_1_216' title='bbox 412 2196 503 2277; x_wconf 87' lang='lat' dir='ltr'>feeit,</span> <span class='ocrx_word' id='word_1_217' title='bbox 532 2198 722 2281; x_wconf 86' lang='lat' dir='ltr'>praesertim</span> <span class='ocrx_word' id='word_1_218' title='bbox 750 2218 823 2260; x_wconf 90' lang='lat' dir='ltr'>eum</span> <span class='ocrx_word' id='word_1_219' title='bbox 852 2198 921 2261; x_wconf 92' lang='lat' dir='ltr'>eius</span> <span class='ocrx_word' id='word_1_220' title='bbox 948 2220 1026 2261; x_wconf 87' lang='lat' dir='ltr'>usus</span> <span class='ocrx_word' id='word_1_221' title='bbox 1049 2200 1187 2282; x_wconf 85' lang='lat' dir='ltr'>vestigia</span> <span class='ocrx_word' id='word_1_222' title='bbox 1215 2200 1310 2263; x_wconf 91' lang='lat' dir='ltr'>etiam</span> <span class='ocrx_word' id='word_1_223' title='bbox 1334 2200 1423 2285; x_wconf 92' lang='lat' dir='ltr'>apud</span> <span class='ocrx_word' id='word_1_224' title='bbox 1446 2201 1563 2265; x_wconf 91' lang='lat' dir='ltr'>Home-</span> 
     </span>
     <span class='ocr_line' id='line_1_20' title="bbox 164 2296 1564 2391; baseline 0.006 -29"><span class='ocrx_word' id='word_1_225' title='bbox 164 2322 236 2363; x_wconf 89' lang='lat' dir='ltr'>rum</span> <span class='ocrx_word' id='word_1_226' title='bbox 267 2301 474 2363; x_wconf 89' lang='lat' dir='ltr'>inveniantur</span> <span class='ocrx_word' id='word_1_227' title='bbox 503 2301 536 2364; x_wconf 92' lang='lat' dir='ltr'>in</span> <span class='ocrx_word' id='word_1_228' title='bbox 565 2299 666 2371; x_wconf 86' lang='lat' dir='ltr'>verbo</span> <span class='ocrx_word' id='word_1_229' title='bbox 695 2301 821 2365; x_wconf 87' lang='grc' dir='ltr'><em>ἀκούειν</em></span> <span class='ocrx_word' id='word_1_230' title='bbox 844 2300 962 2365; x_wconf 76' lang='lat'><strong>11531</strong></span> <span class='ocrx_word' id='word_1_231' title='bbox 995 2302 1065 2367; x_wconf 79' lang='grc' dir='ltr'><em>ὅττι</em></span> <span class='ocrx_word' id='word_1_232' title='bbox 1093 2296 1125 2367; x_wconf 77' lang='grc' dir='ltr'>οἱ</span> <span class='ocrx_word' id='word_1_233' title='bbox 1152 2298 1208 2367; x_wconf 73' lang='grc' dir='ltr'>ὦκ’</span> <span class='ocrx_word' id='word_1_234' title='bbox 1227 2304 1341 2391; x_wconf 72' lang='grc' dir='ltr'><em>ἢκουσε</em></span> <span class='ocrx_word' id='word_1_235' title='bbox 1367 2302 1464 2389; x_wconf 83' lang='grc' dir='ltr'><em>μέγας</em></span> <span class='ocrx_word' id='word_1_236' title='bbox 1487 2308 1564 2384; x_wconf 87' lang='grc' dir='ltr'><em>θεὸς</em></span> 
     </span>
     <span class='ocr_line' id='line_1_21' title="bbox 162 2399 1564 2495; baseline 0.006 -28"><span class='ocrx_word' id='word_1_237' title='bbox 162 2402 355 2488; x_wconf 75' lang='grc' dir='ltr'><em>εὐξαμένοιο,</em></span> <span class='ocrx_word' id='word_1_238' title='bbox 386 2405 419 2466; x_wconf 91' lang='lat' dir='ltr'>in</span> <span class='ocrx_word' id='word_1_239' title='bbox 447 2404 547 2469; x_wconf 90' lang='lat' dir='ltr'>verbo</span> <span class='ocrx_word' id='word_1_240' title='bbox 575 2404 679 2469; x_wconf 92' lang='grc' dir='ltr'><em>κλύειν</em></span> <span class='ocrx_word' id='word_1_241' title='bbox 706 2405 726 2470; x_wconf 84' lang='grc' dir='ltr'><em>ἀ</em></span> <span class='ocrx_word' id='word_1_242' title='bbox 747 2404 807 2468; x_wconf 90' lang='grc'>767</span> <span class='ocrx_word' id='word_1_243' title='bbox 832 2409 896 2470; x_wconf 87' lang='grc' dir='ltr'>θεά</span> <span class='ocrx_word' id='word_1_244' title='bbox 920 2403 956 2471; x_wconf 78' lang='grc' dir='ltr'>δέ</span> <span class='ocrx_word' id='word_1_245' title='bbox 978 2399 1009 2472; x_wconf 78' lang='grc' dir='ltr'>οἱ</span> <span class='ocrx_word' id='word_1_246' title='bbox 1032 2401 1120 2471; x_wconf 81' lang='grc' dir='ltr'><em>ἐκλυε</em></span> <span class='ocrx_word' id='word_1_247' title='bbox 1144 2410 1220 2494; x_wconf 79' lang='grc' dir='ltr'><em>ἀρῆς</em></span> <span class='ocrx_word' id='word_1_248' title='bbox 1247 2406 1348 2492; x_wconf 87' lang='lat' dir='ltr'>(idem</span> <span class='ocrx_word' id='word_1_249' title='bbox 1372 2408 1459 2494; x_wconf 92' lang='lat' dir='ltr'>quod</span> <span class='ocrx_word' id='word_1_250' title='bbox 1481 2412 1564 2495; x_wconf 84' lang='grc' dir='ltr'><em>ἀρω-</em></span> 
     </span>
     <span class='ocr_line' id='line_1_22' title="bbox 162 2506 1562 2597; baseline 0.004 -25"><span class='ocrx_word' id='word_1_251' title='bbox 162 2506 279 2594; x_wconf 81' lang='grc' dir='ltr'><em>μὲνσυ).</em></span> <span class='ocrx_word' id='word_1_252' title='bbox 326 2506 421 2570; x_wconf 87' lang='lat' dir='ltr'>facile</span> <span class='ocrx_word' id='word_1_253' title='bbox 452 2510 537 2572; x_wconf 90' lang='lat' dir='ltr'>enim</span> <span class='ocrx_word' id='word_1_254' title='bbox 568 2510 738 2592; x_wconf 81' lang='lat' dir='ltr'>genetivus</span> <span class='ocrx_word' id='word_1_255' title='bbox 769 2511 931 2594; x_wconf 91' lang='lat' dir='ltr'>participii</span> <span class='ocrx_word' id='word_1_256' title='bbox 962 2534 981 2574; x_wconf 93' lang='lat' dir='ltr'>a</span> <span class='ocrx_word' id='word_1_257' title='bbox 1006 2532 1087 2574; x_wconf 89' lang='lat' dir='ltr'>voce</span> <span class='ocrx_word' id='word_1_258' title='bbox 1118 2510 1272 2576; x_wconf 89' lang='lat' dir='ltr'>audiendi</span> <span class='ocrx_word' id='word_1_259' title='bbox 1299 2512 1460 2597; x_wconf 88' lang='lat' dir='ltr'>pendens,</span> <span class='ocrx_word' id='word_1_260' title='bbox 1489 2536 1562 2578; x_wconf 89' lang='lat' dir='ltr'>cum</span> 
     </span>
     <span class='ocr_line' id='line_1_23' title="bbox 163 2612 1563 2699; baseline 0.005 -25"><span class='ocrx_word' id='word_1_261' title='bbox 163 2612 292 2675; x_wconf 82' lang='lat' dir='ltr'>dativus</span> <span class='ocrx_word' id='word_1_262' title='bbox 324 2612 484 2676; x_wconf 92' lang='lat' dir='ltr'>commodi</span> <span class='ocrx_word' id='word_1_263' title='bbox 518 2612 743 2697; x_wconf 82' lang='lat' dir='ltr'>praecederet,</span> <span class='ocrx_word' id='word_1_264' title='bbox 777 2616 822 2677; x_wconf 88' lang='lat' dir='ltr'>ita</span> <span class='ocrx_word' id='word_1_265' title='bbox 856 2616 1018 2679; x_wconf 90' lang='lat' dir='ltr'>immutari</span> <span class='ocrx_word' id='word_1_266' title='bbox 1052 2616 1169 2699; x_wconf 91' lang='lat' dir='ltr'>potuit,</span> <span class='ocrx_word' id='word_1_267' title='bbox 1205 2623 1240 2679; x_wconf 87' lang='lat' dir='ltr'>ut</span> <span class='ocrx_word' id='word_1_268' title='bbox 1271 2614 1399 2681; x_wconf 84' lang='lat' dir='ltr'>dativus</span> <span class='ocrx_word' id='word_1_269' title='bbox 1430 2619 1464 2681; x_wconf 89' lang='lat' dir='ltr'>in</span> <span class='ocrx_word' id='word_1_270' title='bbox 1494 2620 1563 2682; x_wconf 91' lang='lat' dir='ltr'>eius</span> 
     </span>
     <span class='ocr_line' id='line_1_24' title="bbox 166 2714 497 2781; baseline 0 -2"><span class='ocrx_word' id='word_1_271' title='bbox 166 2714 273 2780; x_wconf 90' lang='lat' dir='ltr'>locum</span> <span class='ocrx_word' id='word_1_272' title='bbox 297 2716 497 2781; x_wconf 77' lang='lat' dir='ltr'>succederet,</span> 
     </span>
    </p>

    <p class='ocr_par' dir='ltr' id='par_1_7' title="bbox 162 2820 1608 4369">
     <span class='ocr_line' id='line_1_25' title="bbox 266 2820 1563 2907; baseline 0.005 -24"><span class='ocrx_word' id='word_1_273' title='bbox 266 2820 394 2884; x_wconf 89' lang='lat' dir='ltr'>Parvus</span> <span class='ocrx_word' id='word_1_274' title='bbox 422 2830 471 2883; x_wconf 85' lang='lat' dir='ltr'>est</span> <span class='ocrx_word' id='word_1_275' title='bbox 496 2843 649 2885; x_wconf 88' lang='lat' dir='ltr'>numerus</span> <span class='ocrx_word' id='word_1_276' title='bbox 677 2843 788 2886; x_wconf 86' lang='lat' dir='ltr'>eorum</span> <span class='ocrx_word' id='word_1_277' title='bbox 811 2822 996 2905; x_wconf 89' lang='lat' dir='ltr'>verborum,</span> <span class='ocrx_word' id='word_1_278' title='bbox 1020 2845 1103 2907; x_wconf 90' lang='lat' dir='ltr'>quae</span> <span class='ocrx_word' id='word_1_279' title='bbox 1126 2825 1193 2888; x_wconf 93' lang='lat' dir='ltr'>vim</span> <span class='ocrx_word' id='word_1_280' title='bbox 1216 2825 1408 2903; x_wconf 90' lang='lat' dir='ltr'>monendi,</span> <span class='ocrx_word' id='word_1_281' title='bbox 1434 2839 1563 2891; x_wconf 88' lang='lat' dir='ltr'>curau-</span> 
     </span>
     <span class='ocr_line' id='line_1_26' title="bbox 163 2924 1561 3015; baseline 0.004 -27"><span class='ocrx_word' id='word_1_282' title='bbox 163 2925 200 2988; x_wconf 95' lang='lat' dir='ltr'>di</span> <span class='ocrx_word' id='word_1_283' title='bbox 223 2926 511 2989; x_wconf 80' lang='lat' dir='ltr'>&#39;contrariamve</span> <span class='ocrx_word' id='word_1_284' title='bbox 538 2924 660 2989; x_wconf 90' lang='lat' dir='ltr'>habent</span> <span class='ocrx_word' id='word_1_285' title='bbox 686 2947 792 3009; x_wconf 89' lang='lat' dir='ltr'>neque</span> <span class='ocrx_word' id='word_1_286' title='bbox 819 2925 920 2990; x_wconf 92' lang='lat' dir='ltr'>ullum</span> <span class='ocrx_word' id='word_1_287' title='bbox 944 2949 1064 3010; x_wconf 91' lang='lat' dir='ltr'>eorum,</span> <span class='ocrx_word' id='word_1_288' title='bbox 1088 2949 1170 3013; x_wconf 91' lang='lat' dir='ltr'>quae</span> <span class='ocrx_word' id='word_1_289' title='bbox 1193 2929 1345 3012; x_wconf 85' lang='lat' dir='ltr'>Krueger</span> <span class='ocrx_word' id='word_1_290' title='bbox 1368 2930 1421 2993; x_wconf 91' lang='lat' dir='ltr'>Di.</span> <span class='ocrx_word' id='word_1_291' title='bbox 1445 2930 1498 3015; x_wconf 90' lang='grc'><strong>47,</strong></span> <span class='ocrx_word' id='word_1_292' title='bbox 1524 2933 1561 2994; x_wconf 93' lang='lat' dir='ltr'>ll</span> 
     </span>
     <span class='ocr_line' id='line_1_27' title="bbox 162 3027 1564 3120; baseline 0.005 -28"><span class='ocrx_word' id='word_1_293' title='bbox 162 3030 204 3093; x_wconf 89' lang='lat' dir='ltr'>ab</span> <span class='ocrx_word' id='word_1_294' title='bbox 227 3028 329 3092; x_wconf 85' lang='lat' dir='ltr'>Iliade</span> <span class='ocrx_word' id='word_1_295' title='bbox 353 3037 385 3091; x_wconf 91' lang='lat' dir='ltr'>et</span> <span class='ocrx_word' id='word_1_296' title='bbox 408 3027 549 3113; x_wconf 88' lang='lat' dir='ltr'>Odyssia</span> <span class='ocrx_word' id='word_1_297' title='bbox 572 3029 687 3093; x_wconf 88' lang='lat' dir='ltr'>abesse</span> <span class='ocrx_word' id='word_1_298' title='bbox 711 3030 799 3111; x_wconf 90' lang='lat' dir='ltr'>dicit,</span> <span class='ocrx_word' id='word_1_299' title='bbox 828 3032 862 3095; x_wconf 92' lang='lat' dir='ltr'>in</span> <span class='ocrx_word' id='word_1_300' title='bbox 890 3030 1009 3115; x_wconf 85' lang='lat' dir='ltr'>elegeis</span> <span class='ocrx_word' id='word_1_301' title='bbox 1037 3040 1136 3096; x_wconf 85' lang='lat' dir='ltr'>extat.</span> <span class='ocrx_word' id='word_1_302' title='bbox 1184 3032 1240 3095; x_wconf 87' lang='lat' dir='ltr'>sed</span> <span class='ocrx_word' id='word_1_303' title='bbox 1268 3041 1377 3097; x_wconf 91' lang='lat' dir='ltr'>tamen</span> <span class='ocrx_word' id='word_1_304' title='bbox 1405 3057 1469 3099; x_wconf 88' lang='lat' dir='ltr'>nou</span> <span class='ocrx_word' id='word_1_305' title='bbox 1492 3035 1564 3120; x_wconf 90' lang='lat' dir='ltr'>plus</span> 
     </span>
     <span class='ocr_line' id='line_1_28' title="bbox 163 3132 1563 3220; baseline 0.006 -24"><span class='ocrx_word' id='word_1_306' title='bbox 163 3133 226 3196; x_wconf 95' lang='lat' dir='ltr'>duo</span> <span class='ocrx_word' id='word_1_307' title='bbox 254 3157 274 3197; x_wconf 90' lang='lat' dir='ltr'>a</span> <span class='ocrx_word' id='word_1_308' title='bbox 300 3134 404 3217; x_wconf 87' lang='lat' dir='ltr'>poetis</span> <span class='ocrx_word' id='word_1_309' title='bbox 432 3132 584 3217; x_wconf 87' lang='lat' dir='ltr'>elegiacis</span> <span class='ocrx_word' id='word_1_310' title='bbox 615 3134 728 3198; x_wconf 87' lang='lat' dir='ltr'>eodem</span> <span class='ocrx_word' id='word_1_311' title='bbox 755 3134 851 3199; x_wconf 92' lang='lat' dir='ltr'>modo</span> <span class='ocrx_word' id='word_1_312' title='bbox 884 3146 1091 3220; x_wconf 86' lang='lat' dir='ltr'>usurpantur,</span> <span class='ocrx_word' id='word_1_313' title='bbox 1120 3157 1183 3220; x_wconf 93' lang='lat' dir='ltr'>quo</span> <span class='ocrx_word' id='word_1_314' title='bbox 1210 3136 1252 3201; x_wconf 89' lang='lat' dir='ltr'>ab</span> <span class='ocrx_word' id='word_1_315' title='bbox 1275 3137 1417 3203; x_wconf 89' lang='lat' dir='ltr'>Homero</span> <span class='ocrx_word' id='word_1_316' title='bbox 1445 3151 1478 3203; x_wconf 90' lang='lat' dir='ltr'>et</span> <span class='ocrx_word' id='word_1_317' title='bbox 1499 3141 1563 3204; x_wconf 90' lang='lat' dir='ltr'>He-</span> 
     </span>
     <span class='ocr_line' id='line_1_29' title="bbox 162 3237 1563 3328; baseline 0.007 -30"><span class='ocrx_word' id='word_1_318' title='bbox 162 3237 261 3319; x_wconf 89' lang='lat' dir='ltr'>siodo,</span> <span class='ocrx_word' id='word_1_319' title='bbox 277 3240 465 3323; x_wconf 77' lang='grc' dir='ltr'><em>μιμνῄσκειν</em></span> <span class='ocrx_word' id='word_1_320' title='bbox 479 3246 512 3300; x_wconf 88' lang='lat' dir='ltr'>et</span> <span class='ocrx_word' id='word_1_321' title='bbox 526 3238 760 3320; x_wconf 85' lang='grc' dir='ltr'><em>λανθάνεσθαι,</em></span> <span class='ocrx_word' id='word_1_322' title='bbox 785 3260 921 3323; x_wconf 89' lang='lat' dir='ltr'>quorum</span> <span class='ocrx_word' id='word_1_323' title='bbox 937 3240 998 3303; x_wconf 94' lang='lat' dir='ltr'>hoc</span> <span class='ocrx_word' id='word_1_324' title='bbox 1013 3240 1101 3326; x_wconf 91' lang='lat' dir='ltr'>apud</span> <span class='ocrx_word' id='word_1_325' title='bbox 1117 3240 1296 3305; x_wconf 86' lang='lat' dir='ltr'>Homerum</span> <span class='ocrx_word' id='word_1_326' title='bbox 1319 3243 1418 3307; x_wconf 89' lang='lat' dir='ltr'>multo</span> <span class='ocrx_word' id='word_1_327' title='bbox 1435 3246 1563 3328; x_wconf 87' lang='lat' dir='ltr'>saepius</span> 
     </span>
     <span class='ocr_line' id='line_1_30' title="bbox 162 3341 1563 3430; baseline 0.006 -26"><span class='ocrx_word' id='word_1_328' title='bbox 162 3362 259 3424; x_wconf 92' lang='lat' dir='ltr'>quam</span> <span class='ocrx_word' id='word_1_329' title='bbox 281 3341 507 3430; x_wconf 83' lang='grc' dir='ltr'><em>ἐπιλήθεσθαι</em></span> <span class='ocrx_word' id='word_1_330' title='bbox 528 3380 571 3388; x_wconf 87' lang='grc'>-</span> <span class='ocrx_word' id='word_1_331' title='bbox 593 3344 876 3409; x_wconf 78' lang='grc' dir='ltr'><em>ἐπιλανθάνεσθαι</em></span> <span class='ocrx_word' id='word_1_332' title='bbox 902 3366 1008 3429; x_wconf 90' lang='lat' dir='ltr'>neque</span> <span class='ocrx_word' id='word_1_333' title='bbox 1037 3346 1069 3407; x_wconf 92' lang='lat' dir='ltr'>in</span> <span class='ocrx_word' id='word_1_334' title='bbox 1101 3343 1195 3407; x_wconf 85' lang='lat' dir='ltr'>huius</span> <span class='ocrx_word' id='word_1_335' title='bbox 1230 3367 1336 3430; x_wconf 90' lang='lat' dir='ltr'>neque</span> <span class='ocrx_word' id='word_1_336' title='bbox 1366 3349 1398 3410; x_wconf 91' lang='lat' dir='ltr'>in</span> <span class='ocrx_word' id='word_1_337' title='bbox 1428 3348 1563 3413; x_wconf 89' lang='lat' dir='ltr'>Hesiodi</span> 
     </span>
     <span class='ocr_line' id='line_1_31' title="bbox 163 3444 1561 3538; baseline 0.006 -30"><span class='ocrx_word' id='word_1_338' title='bbox 163 3444 358 3508; x_wconf 89' lang='lat' dir='ltr'>carminibus</span> <span class='ocrx_word' id='word_1_339' title='bbox 375 3455 466 3509; x_wconf 87' lang='lat' dir='ltr'>extat</span> <span class='ocrx_word' id='word_1_340' title='bbox 480 3484 523 3492; x_wconf 87' lang='lat'><strong>—</strong></span> <span class='ocrx_word' id='word_1_341' title='bbox 539 3447 721 3511; x_wconf 90' lang='lat' dir='ltr'>adhibitum</span> <span class='ocrx_word' id='word_1_342' title='bbox 736 3447 881 3531; x_wconf 85' lang='lat' dir='ltr'>Theogn.</span> <span class='ocrx_word' id='word_1_343' title='bbox 902 3450 973 3533; x_wconf 86' lang='lat' dir='ltr'>lsq.</span> <span class='ocrx_word' id='word_1_344' title='bbox 992 3448 1011 3531; x_wconf 88' lang='lat'><em>(</em></span> <span class='ocrx_word' id='word_1_345' title='bbox 1008 3450 1125 3514; x_wconf 70' lang='lat' dir='ltr'>olineto</span> <span class='ocrx_word' id='word_1_346' title='bbox 1142 3455 1209 3515; x_wconf 86' lang='grc' dir='ltr'><em>σεῖο</em></span> <span class='ocrx_word' id='word_1_347' title='bbox 1223 3450 1228 3528; x_wconf 82' lang='lat' dir='ltr'>l</span> <span class='ocrx_word' id='word_1_348' title='bbox 1242 3451 1393 3538; x_wconf 80' lang='grc' dir='ltr'><em>λήσομαι)</em></span> <span class='ocrx_word' id='word_1_349' title='bbox 1412 3452 1561 3517; x_wconf 88' lang='lat' dir='ltr'>traditur.</span> 
     </span>
     <span class='ocr_line' id='line_1_32' title="bbox 163 3539 1562 3644; baseline 0.01 -34"><span class='ocrx_word' id='word_1_350' title='bbox 163 3557 275 3611; x_wconf 85' lang='lat' dir='ltr'>contra</span> <span class='ocrx_word' id='word_1_351' title='bbox 304 3539 395 3632; x_wconf 82' lang='lat' dir='ltr'>Tyrt.</span> <span class='ocrx_word' id='word_1_352' title='bbox 423 3551 472 3633; x_wconf 93' lang='grc'><strong>12,</strong></span> <span class='ocrx_word' id='word_1_353' title='bbox 498 3551 536 3613; x_wconf 93' lang='grc'>17</span> <span class='ocrx_word' id='word_1_354' title='bbox 560 3550 787 3617; x_wconf 77' lang='grc' dir='ltr'><em>ἐπιλαθέσθαι</em></span> <span class='ocrx_word' id='word_1_355' title='bbox 816 3554 850 3614; x_wconf 90' lang='lat' dir='ltr'>i&#39;n</span> <span class='ocrx_word' id='word_1_356' title='bbox 881 3555 974 3615; x_wconf 87' lang='lat' dir='ltr'>tmesi</span> <span class='ocrx_word' id='word_1_357' title='bbox 1004 3552 1136 3635; x_wconf 82' lang='lat' dir='ltr'>legitur:</span> <span class='ocrx_word' id='word_1_358' title='bbox 1168 3556 1300 3640; x_wconf 82' lang='grc' dir='ltr'><em>αἰσχρᾶς</em></span> <span class='ocrx_word' id='word_1_359' title='bbox 1323 3555 1358 3620; x_wconf 79' lang='grc' dir='ltr'>ἀὲ</span> <span class='ocrx_word' id='word_1_360' title='bbox 1380 3566 1480 3644; x_wconf 81' lang='grc' dir='ltr'><em>φυγῆς</em></span> <span class='ocrx_word' id='word_1_361' title='bbox 1505 3557 1562 3624; x_wconf 83' lang='grc' dir='ltr'>ἐπὶ</span> 
     </span>
     <span class='ocr_line' id='line_1_33' title="bbox 162 3653 1563 3744; baseline 0.007 -26"><span class='ocrx_word' id='word_1_362' title='bbox 162 3656 267 3736; x_wconf 88' lang='grc' dir='ltr'><em>πάγχυ</em></span> <span class='ocrx_word' id='word_1_363' title='bbox 296 3653 449 3742; x_wconf 78' lang='grc' dir='ltr'><em>λάθηται,</em></span> <span class='ocrx_word' id='word_1_364' title='bbox 480 3663 516 3718; x_wconf 88' lang='lat' dir='ltr'>ut</span> <span class='ocrx_word' id='word_1_365' title='bbox 543 3662 576 3719; x_wconf 87' lang='lat' dir='ltr'><strong><em>K</em></strong></span> <span class='ocrx_word' id='word_1_366' title='bbox 602 3655 644 3718; x_wconf 82' lang='lat'>99</span> <span class='ocrx_word' id='word_1_367' title='bbox 674 3660 753 3738; x_wconf 84' lang='grc' dir='ltr'><em>ἀτὰρ</em></span> <span class='ocrx_word' id='word_1_368' title='bbox 780 3658 922 3743; x_wconf 80' lang='grc' dir='ltr'><em>φυλακῆς</em></span> <span class='ocrx_word' id='word_1_369' title='bbox 947 3655 1004 3721; x_wconf 83' lang='grc' dir='ltr'>ἐπὶ</span> <span class='ocrx_word' id='word_1_370' title='bbox 1030 3660 1136 3741; x_wconf 88' lang='grc' dir='ltr'><em>πάγχυ</em></span> <span class='ocrx_word' id='word_1_371' title='bbox 1166 3661 1333 3725; x_wconf 85' lang='grc' dir='ltr'><em>λάθωνται</em></span> <span class='ocrx_word' id='word_1_372' title='bbox 1366 3659 1398 3744; x_wconf 82' lang='lat' dir='ltr'>(a</span> <span class='ocrx_word' id='word_1_373' title='bbox 1420 3660 1484 3725; x_wconf 88' lang='grc'>236</span> <span class='ocrx_word' id='word_1_374' title='bbox 1510 3662 1563 3728; x_wconf 82' lang='grc' dir='ltr'>ἵνα</span> 
     </span>
     <span class='ocr_line' id='line_1_34' title="bbox 162 3745 1563 3846; baseline 0.008 -26"><span class='ocrx_word' id='word_1_375' title='bbox 162 3760 267 3839; x_wconf 85' lang='grc' dir='ltr'><em>πάγχυ</em></span> <span class='ocrx_word' id='word_1_376' title='bbox 296 3756 458 3825; x_wconf 83' lang='grc' dir='ltr'><em>λαθοίατο</em></span> <span class='ocrx_word' id='word_1_377' title='bbox 489 3754 645 3845; x_wconf 79' lang='grc' dir='ltr'><em>πατρίδος</em></span> <span class='ocrx_word' id='word_1_378' title='bbox 672 3759 758 3846; x_wconf 75' lang='grc' dir='ltr'><em>αἴης)</em></span> <span class='ocrx_word' id='word_1_379' title='bbox 796 3769 827 3823; x_wconf 87' lang='lat' dir='ltr'>et</span> <span class='ocrx_word' id='word_1_380' title='bbox 857 3761 935 3824; x_wconf 89' lang='lat' dir='ltr'>Hes.</span> <span class='ocrx_word' id='word_1_381' title='bbox 965 3745 1026 3845; x_wconf 84' lang='lat' dir='ltr'>O&#39;p.</span> <span class='ocrx_word' id='word_1_382' title='bbox 1057 3761 1120 3825; x_wconf 90' lang='grc'>264</span> <span class='ocrx_word' id='word_1_383' title='bbox 1150 3765 1286 3829; x_wconf 84' lang='grc' dir='ltr'><em>σκολιῶν</em></span> <span class='ocrx_word' id='word_1_384' title='bbox 1316 3765 1350 3830; x_wconf 77' lang='grc' dir='ltr'>δὲ</span> <span class='ocrx_word' id='word_1_385' title='bbox 1381 3765 1477 3830; x_wconf 76' lang='grc' dir='ltr'><em>δικῶν</em></span> <span class='ocrx_word' id='word_1_386' title='bbox 1506 3765 1563 3831; x_wconf 84' lang='grc' dir='ltr'>ἐπὶ</span> 
     </span>
     <span class='ocr_line' id='line_1_35' title="bbox 162 3850 1563 3953; baseline 0.007 -29"><span class='ocrx_word' id='word_1_387' title='bbox 162 3864 267 3945; x_wconf 86' lang='grc' dir='ltr'><em>πάγχυ</em></span> <span class='ocrx_word' id='word_1_388' title='bbox 289 3861 447 3929; x_wconf 87' lang='grc' dir='ltr'><em>λάθεσθε.</em></span> <span class='ocrx_word' id='word_1_389' title='bbox 493 3864 630 3947; x_wconf 85' lang='lat' dir='ltr'>Reliqua</span> <span class='ocrx_word' id='word_1_390' title='bbox 656 3873 776 3945; x_wconf 89' lang='lat' dir='ltr'>autem,</span> <span class='ocrx_word' id='word_1_391' title='bbox 803 3885 887 3948; x_wconf 92' lang='lat' dir='ltr'>quae</span> <span class='ocrx_word' id='word_1_392' title='bbox 915 3850 946 3927; x_wconf 87' lang='lat' dir='ltr'>in</span> <span class='ocrx_word' id='word_1_393' title='bbox 976 3864 1095 3949; x_wconf 83' lang='lat' dir='ltr'>elegeis</span> <span class='ocrx_word' id='word_1_394' title='bbox 1124 3877 1245 3952; x_wconf 83' lang='lat' dir='ltr'>extant,</span> <span class='ocrx_word' id='word_1_395' title='bbox 1274 3868 1362 3953; x_wconf 93' lang='lat' dir='ltr'>apud</span> <span class='ocrx_word' id='word_1_396' title='bbox 1386 3869 1466 3934; x_wconf 88' lang='lat' dir='ltr'>duos</span> <span class='ocrx_word' id='word_1_397' title='bbox 1492 3870 1563 3934; x_wconf 92' lang='lat' dir='ltr'>illos</span> 
     </span>
     <span class='ocr_line' id='line_1_36' title="bbox 162 3968 1563 4058; baseline 0.006 -29"><span class='ocrx_word' id='word_1_398' title='bbox 162 3975 275 4050; x_wconf 90' lang='lat' dir='ltr'>poetas</span> <span class='ocrx_word' id='word_1_399' title='bbox 298 3968 406 4051; x_wconf 90' lang='lat' dir='ltr'>epicos</span> <span class='ocrx_word' id='word_1_400' title='bbox 433 3975 489 4031; x_wconf 91' lang='lat' dir='ltr'>aut</span> <span class='ocrx_word' id='word_1_401' title='bbox 511 3968 639 4031; x_wconf 91' lang='lat' dir='ltr'>omnino</span> <span class='ocrx_word' id='word_1_402' title='bbox 668 3990 732 4031; x_wconf 90' lang='lat' dir='ltr'>nou</span> <span class='ocrx_word' id='word_1_403' title='bbox 754 3969 964 4033; x_wconf 90' lang='lat' dir='ltr'>inveniuntur</span> <span class='ocrx_word' id='word_1_404' title='bbox 986 3979 1042 4032; x_wconf 89' lang='lat' dir='ltr'>aut</span> <span class='ocrx_word' id='word_1_405' title='bbox 1064 3969 1160 4035; x_wconf 89' lang='lat' dir='ltr'>aliam</span> <span class='ocrx_word' id='word_1_406' title='bbox 1182 3973 1249 4035; x_wconf 93' lang='lat' dir='ltr'>vim</span> <span class='ocrx_word' id='word_1_407' title='bbox 1277 3972 1397 4036; x_wconf 91' lang='lat' dir='ltr'>habent</span> <span class='ocrx_word' id='word_1_408' title='bbox 1425 3972 1563 4058; x_wconf 92' lang='lat' dir='ltr'>ideoque</span> 
     </span>
     <span class='ocr_line' id='line_1_37' title="bbox 163 4069 1608 4161; baseline 0.008 -29"><span class='ocrx_word' id='word_1_409' title='bbox 163 4091 238 4133; x_wconf 90' lang='lat' dir='ltr'>cum</span> <span class='ocrx_word' id='word_1_410' title='bbox 265 4069 327 4133; x_wconf 90' lang='lat' dir='ltr'>alio</span> <span class='ocrx_word' id='word_1_411' title='bbox 355 4092 434 4133; x_wconf 88' lang='lat' dir='ltr'>casu</span> <span class='ocrx_word' id='word_1_412' title='bbox 462 4079 683 4134; x_wconf 82' lang='lat' dir='ltr'>conectuntur.</span> <span class='ocrx_word' id='word_1_413' title='bbox 729 4080 826 4155; x_wconf 89' lang='lat' dir='ltr'>atque</span> <span class='ocrx_word' id='word_1_414' title='bbox 857 4071 933 4136; x_wconf 88' lang='lat' dir='ltr'>illuc</span> <span class='ocrx_word' id='word_1_415' title='bbox 963 4083 1093 4157; x_wconf 89' lang='lat' dir='ltr'>praeter</span> <span class='ocrx_word' id='word_1_416' title='bbox 1120 4074 1207 4139; x_wconf 88' lang='lat' dir='ltr'>locos</span> <span class='ocrx_word' id='word_1_417' title='bbox 1235 4076 1413 4161; x_wconf 62' lang='lat' dir='ltr'>nonnullos</span> <span class='ocrx_word' id='word_1_418' title='bbox 1445 4078 1563 4161; x_wconf 92' lang='lat' dir='ltr'>quibus</span> <span class='ocrx_word' id='word_1_419' title='bbox 1605 4152 1608 4159; x_wconf 26' lang='lat'>¹</span> 
     </span>
     <span class='ocr_line' id='line_1_38' title="bbox 163 4172 1563 4268; baseline 0.007 -33"><span class='ocrx_word' id='word_1_420' title='bbox 163 4172 329 4258; x_wconf 90' lang='lat' dir='ltr'>complura</span> <span class='ocrx_word' id='word_1_421' title='bbox 346 4173 504 4238; x_wconf 89' lang='lat' dir='ltr'>vocabula</span> <span class='ocrx_word' id='word_1_422' title='bbox 525 4176 571 4237; x_wconf 85' lang='lat' dir='ltr'>ita</span> <span class='ocrx_word' id='word_1_423' title='bbox 594 4176 841 4259; x_wconf 80' lang='lat' dir='ltr'>coniunguntur,</span> <span class='ocrx_word' id='word_1_424' title='bbox 865 4184 902 4240; x_wconf 88' lang='lat' dir='ltr'>ut</span> <span class='ocrx_word' id='word_1_425' title='bbox 924 4177 1039 4241; x_wconf 90' lang='lat' dir='ltr'>eadem</span> <span class='ocrx_word' id='word_1_426' title='bbox 1058 4179 1107 4241; x_wconf 87' lang='lat' dir='ltr'>vis</span> <span class='ocrx_word' id='word_1_427' title='bbox 1131 4178 1300 4261; x_wconf 88' lang='lat' dir='ltr'>efficiatur,</span> <span class='ocrx_word' id='word_1_428' title='bbox 1324 4202 1414 4264; x_wconf 89' lang='lat' dir='ltr'>quae·</span> <span class='ocrx_word' id='word_1_429' title='bbox 1430 4181 1563 4268; x_wconf 88' lang='lat' dir='ltr'>reliquis</span> 
     </span>
     <span class='ocr_line' id='line_1_39' title="bbox 163 4276 1561 4369; baseline 0.007 -29"><span class='ocrx_word' id='word_1_430' title='bbox 163 4276 242 4341; x_wconf 87' lang='lat' dir='ltr'>locis</span> <span class='ocrx_word' id='word_1_431' title='bbox 262 4279 294 4340; x_wconf 91' lang='lat' dir='ltr'>in</span> <span class='ocrx_word' id='word_1_432' title='bbox 316 4276 450 4361; x_wconf 83' lang='lat' dir='ltr'>singulis</span> <span class='ocrx_word' id='word_1_433' title='bbox 466 4278 576 4342; x_wconf 84' lang='lat' dir='ltr'>verbis</span> <span class='ocrx_word' id='word_1_434' title='bbox 592 4280 677 4342; x_wconf 85' lang='lat' dir='ltr'>inest</span> <span class='ocrx_word' id='word_1_435' title='bbox 692 4278 852 4364; x_wconf 84' lang='lat' dir='ltr'>(Theogn.</span> <span class='ocrx_word' id='word_1_436' title='bbox 873 4280 935 4343; x_wconf 88' lang='grc'>112</span> <span class='ocrx_word' id='word_1_437' title='bbox 954 4289 1060 4369; x_wconf 77' lang='grc' dir='ltr'><em>μνῆμα</em></span> <span class='ocrx_word' id='word_1_438' title='bbox 1073 4278 1102 4348; x_wconf 76' lang='grc' dir='ltr'>δ’</span> <span class='ocrx_word' id='word_1_439' title='bbox 1109 4278 1212 4363; x_wconf 68' lang='grc' dir='ltr'><em>ἐχουσ</em></span> <span class='ocrx_word' id='word_1_440' title='bbox 1221 4288 1362 4367; x_wconf 81' lang='grc' dir='ltr'><em>ἀγαθῶν,</em></span> <span class='ocrx_word' id='word_1_441' title='bbox 1385 4284 1483 4350; x_wconf 91' lang='lat' dir='ltr'>Phoc.</span> <span class='ocrx_word' id='word_1_442' title='bbox 1499 4287 1528 4369; x_wconf 93' lang='grc'><strong>7,</strong></span> <span class='ocrx_word' id='word_1_443' title='bbox 1544 4288 1561 4350; x_wconf 89' lang='lat' dir='ltr'>l</span> 
     </span>
    </p>
   </div>
   <div class='ocr_carea' id='block_1_7' title="bbox 164 4520 1562 4677">
    <p class='ocr_par' dir='ltr' id='par_1_8' title="bbox 164 4520 1562 4677">
     <span class='ocr_line' id='line_1_40' title="bbox 269 4520 1562 4597; baseline 0.01 -27"><span class='ocrx_word' id='word_1_444' title='bbox 269 4521 288 4588; x_wconf 87' lang='lat'>1)</span> <span class='ocrx_word' id='word_1_445' title='bbox 306 4520 387 4571; x_wconf 85' lang='lat' dir='ltr'>Falso</span> <span class='ocrx_word' id='word_1_446' title='bbox 405 4523 488 4587; x_wconf 86' lang='lat' dir='ltr'>igitur</span> <span class='ocrx_word' id='word_1_447' title='bbox 509 4528 591 4589; x_wconf 88' lang='lat' dir='ltr'>negat</span> <span class='ocrx_word' id='word_1_448' title='bbox 608 4524 731 4589; x_wconf 82' lang='lat' dir='ltr'>Krueger</span> <span class='ocrx_word' id='word_1_449' title='bbox 748 4523 792 4573; x_wconf 91' lang='lat' dir='ltr'>Di.</span> <span class='ocrx_word' id='word_1_450' title='bbox 811 4525 854 4588; x_wconf 79' lang='lat'>47,</span> <span class='ocrx_word' id='word_1_451' title='bbox 874 4526 914 4587; x_wconf 89' lang='grc'>10,</span> <span class='ocrx_word' id='word_1_452' title='bbox 933 4526 949 4573; x_wconf 90' lang='grc'>8</span> <span class='ocrx_word' id='word_1_453' title='bbox 971 4524 1131 4577; x_wconf 83' lang='grc' dir='ltr'><em>πεύθεσθαί</em></span> <span class='ocrx_word' id='word_1_454' title='bbox 1146 4528 1220 4584; x_wconf 82' lang='grc' dir='ltr'><em>τινός</em></span> <span class='ocrx_word' id='word_1_455' title='bbox 1239 4527 1287 4594; x_wconf 84' lang='grc' dir='ltr'><em>(τι)</em></span> <span class='ocrx_word' id='word_1_456' title='bbox 1306 4530 1372 4579; x_wconf 88' lang='lat' dir='ltr'>‘von</span> <span class='ocrx_word' id='word_1_457' title='bbox 1386 4530 1497 4595; x_wconf 88' lang='lat' dir='ltr'>jemand</span> <span class='ocrx_word' id='word_1_458' title='bbox 1515 4530 1562 4597; x_wconf 85' lang='lat' dir='ltr'>(ab</span> 
     </span>
     <span class='ocr_line' id='line_1_41' title="bbox 164 4608 1137 4677; baseline 0.007 -19"><span class='ocrx_word' id='word_1_459' title='bbox 164 4608 267 4676; x_wconf 87' lang='lat' dir='ltr'>aliquo)</span> <span class='ocrx_word' id='word_1_460' title='bbox 286 4609 409 4677; x_wconf 85' lang='lat' dir='ltr'>orfragen</span> <span class='ocrx_word' id='word_1_461' title='bbox 428 4610 492 4662; x_wconf 86' lang='lat' dir='ltr'>odor</span> <span class='ocrx_word' id='word_1_462' title='bbox 509 4612 640 4664; x_wconf 84' lang='lat' dir='ltr'>erfahren’</span> <span class='ocrx_word' id='word_1_463' title='bbox 658 4614 688 4663; x_wconf 93' lang='lat' dir='ltr'>in</span> <span class='ocrx_word' id='word_1_464' title='bbox 706 4612 817 4663; x_wconf 83' lang='lat' dir='ltr'>Homeri</span> <span class='ocrx_word' id='word_1_465' title='bbox 835 4612 996 4664; x_wconf 86' lang='lat' dir='ltr'>carminibus</span> <span class='ocrx_word' id='word_1_466' title='bbox 1014 4616 1137 4665; x_wconf 89' lang='lat' dir='ltr'>inveniri.</span> 
     </span>
    </p>
   </div>
   <div class='ocr_carea' id='block_1_8' title="bbox 0 0 1700 5067">
    <p class='ocr_par' dir='ltr' id='par_1_9' title="bbox 0 0 1700 5067">
     <span class='ocr_line' id='line_1_42' title="bbox 0 0 1700 5067; baseline 0 0"><span class='ocrx_word' id='word_1_467' title='bbox 0 0 1700 5067; x_wconf 95' lang='lat' dir='ltr'> </span> 
     </span>
    </p>
   </div>
  </div>
 </body>
</html>
