3392 5067
1469 226 1509 289 91

106 437 225 499 sempor
247 414 329 477 otti.
361 416 489 500 saepius
512 418 546 479 in
569 414 708 481 Octavia
730 418 860 481 nomina
883 417 1004 480 diversi
1027 420 1165 503 generis,
1189 418 1290 481 veluti
1313 416 1511 482 abstractum

107 529 140 582 et
164 520 557 602 concretum,'coninncta
578 520 768 606 leguntur¹);
793 521 833 587 cf.
854 544 909 587 vv.
927 520 1045 607 285sq.
1069 532 1177 585 soooto
1199 521 1275 607 qnid
1296 521 1346 585 illi
1364 519 1369 605 1
1386 521 1512 605 prodest

101 623 208 707 pictos
237 623 383 709 cliornqae
407 624 533 709 potori,
565 623 625 687 291
638 646 706 710 sqq.
730 627 828 689 rrirtas
856 673 863 689 .
889 676 895 691 .
924 648 1020 712 penus
1048 674 1054 688 .
1080 674 1087 689 .
1115 628 1254 712 sanquis,
1285 624 1349 689 423
1376 624 1511 711 oeplecto

104 737 212 789 terroe
227 727 317 813 sopit
339 738 367 791 ot
389 751 487 792 mores
503 727 604 815 feros,
627 727 690 792 527
711 731 808 791 armis
822 729 947 814 fideque
969 729 1076 793 militis
1099 740 1183 793 totns
1198 729 1279 815 fuit,
1303 729 1419 813 596sq.
1435 750 1512 814 qnos

105 832 223 895 mordeor
243 854 354 895 munus
373 832 378 917 Ι
398 832 543 918 dolorque
565 835 676 896 matris
698 845 792 897 vertet
814 834 858 897 od
881 834 983 897 tristes
1002 857 1101 919 topos,
1125 834 1188 897 616
1198 857 1244 918 sq.
1260 833 1394 918 imputat
1403 833 1513 920 fotum

104 937 184 999 mtto·
202 935 207 1021 1
227 936 435 1023 tumulumque
457 938 535 1015 anti,
559 937 622 1001 629
632 959 679 1023 sq.
703 938 818 1001 reddat
839 938 1028 1001 ..naimone
1051 950 1206 1003 trecentena
1229 937 1400 1021 sceleribus,
1423 939 1513 1023 iupu-

106 1040 174 1102 lum
196 1040 338 1104 hostibus.
377 1042 659 1107 adseverationum
687 1043 859 1127 exemplis,
891 1064 974 1128 quae
1002 1043 1105 1109 Smith
1133 1066 1164 1129 p.
1191 1043 1254 1107 114
1284 1042 1428 1128 collegit,
1459 1041 1513 1106 ad-

106 1145 263 1228 iungendi
300 1155 374 1210 sunt
418 1146 491 1212 Oct.
527 1146 568 1209 86
581 1168 651 1232 sqq.
680 1155 712 1210 et
736 1146 801 1211 222
815 1168 884 1232 sqq.
925 1150 1158 1211 contrariorum
1195 1150 1391 1230 coniunctio,
1430 1168 1513 1234 quae

105 1251 158 1334 fit,
197 1260 234 1315 nt
270 1252 457 1315 universum
498 1273 601 1334 genus
641 1252 945 1337 comprehendatur,
954 1251 979 1338 ²)
1018 1254 1184 1316 invenitur
1221 1251 1294 1317 Oct.
1328 1251 1391 1325 680
1426 1252 1514 1314 iussit

105 1356 222 1419 bollum
238 1377 413 1440 pacemque.
442 1354 575 1419 videndi
590 1357 729 1420 verbnm
750 1364 913 1421 oratorum
933 1378 1021 1421 more
1046 1356 1101 1441 (cf.
1119 1356 1291 1421 Smithinm
1306 1379 1337 1442 p.
1357 1354 1418 1419 115
1427 1354 1512 1441 sqq.)

106 1460 290 1525 adhibitum
318 1469 368 1524 est
398 1458 471 1525 Oct.
498 1460 538 1523 16
567 1471 621 1523 tao
649 1483 740 1546 quom
767 1483 906 1525 moerens
933 1460 1063 1525 oulrtcrc
1088 1460 1181 1538 otti,
1210 1461 1270 1524 231
1283 1481 1329 1545 sq.
1353 1459 1513 1523 vidimus

106 1564 194 1628 coelo
222 1564 322 1643 iubar,
354 1564 418 1628 310
443 1566 516 1628 baec
544 1587 659 1651 quoqne
689 1567 760 1628 noti
789 1565 915 1629 nidere
944 1565 1048 1651 nefas,
1084 1565 1147 1629 699
1160 1586 1207 1651 sq.
1239 1565 1334 1628 vidit
1362 1565 1513 1627 attonitas
1623 1623 1632 1643 ,
1694 1546 1695 1591 3

105 1679 196 1732 tuam
221 1671 226 1751 Ι
244 1668 387 1755 formiam
409 1680 542 1747 scaettas,
567 1669 629 1732 739
653 1692 740 1755 quom
763 1692 902 1732 cruorem
925 1670 1062 1755 contupis
1083 1670 1164 1732 cidi
1187 1668 1273 1733 meib.

213 1790 306 1856 Haec
334 1792 403 1854 fere
434 1799 522 1873 sunt,
554 1812 636 1876 qnae
664 1767 842 1855 adferenda
872 1789 951 1854 mihi
977 1790 1184 1875 videbantur,
1214 1799 1250 1855 nt
1280 1790 1452 1875 adpareret
1481 1792 1513 1855 in

107 1894 251 1959 Octavia
273 1894 411 1959 eandem
435 1916 533 1979 qnam
555 1897 588 1958 in
611 1894 755 1960 Senecae
778 1896 897 1989 fabulis
921 1905 1023 1959 artem
1045 1895 1241 1959 rhetoricam
1265 1897 1418 1981 conspici.
1450 1917 1513 1979 qua

107 2022 152 2063 ex
175 2022 212 2063 re
234 2000 330 2063 etiam
354 1998 537 2081 similitudo,
561 2022 660 2085 qnam
682 2002 715 2062 in
738 1998 870 2063 dicendi
892 2022 1011 2083 genere
1034 2000 1119 2063 inter
1139 1997 1310 2063 Octaviam
1333 2007 1365 2062 et
1389 2009 1513 2063 ceteras

106 2103 237 2168 fabulas
263 2104 465 2168 intercedere
489 2104 643 2188 vidimus,
674 2126 825 2188 magnam
852 2112 980 2189 partem
1007 2102 1202 2188 explicanda
1229 2112 1286 2167 est.
1332 2103 1514 2167 rhetoricus

105 2230 186 2272 vero
211 2207 307 2291 color,
331 2231 428 2294 quem
450 2209 591 2275 eundem
618 2211 651 2273 in
679 2209 826 2273 omnibus
850 2208 968 2273 fabulis
992 2206 1136 2273 Senecae
1159 2208 1331 2273 adtributis
1360 2209 1515 2293 conspici-

106 2334 190 2395 mnS,
219 2334 277 2376 nos
301 2314 392 2399 quasi
414 2322 533 2395 monet,
560 2335 602 2377 ne
633 2322 811 2378 statuamus
838 2312 996 2378 Octaviae
1020 2314 1210 2398 scriptorem
1234 2313 1364 2377 diverso
1391 2313 1433 2376 ab
1461 2311 1515 2377 illo

106 2427 256 2502 tempore
279 2418 411 2482 vixisse.

214 2522 341 2602 Restat,
369 2530 406 2583 nt
433 2521 473 2585 de
502 2521 600 2585 rebus
626 2522 827 2606 prosodiacis
854 2523 1060 2606 metricisque
1088 2542 1233 2605 agamus.
1268 2542 1347 2606 quas
1372 2520 1515 2585 breviter

107 2625 280 2690 absolvere
309 2647 494 2710 possumne,
526 2628 676 2711 qnoniam
716 2629 823 2691 omnia
854 2626 922 2689 fere
960 2647 1043 2709 qnae
1076 2625 1212 2689 alicuius
1247 2626 1402 2688 momenti
1442 2633 1515 2688 snnt

107 2733 174 2794 iarn
205 2729 292 2814 alii3)
327 2729 583 2815 explicaverunt.
630 2740 705 2795 ante
739 2732 846 2795 omnia
879 2729 1196 2794 commemorandum
1230 2739 1279 2793 est
1312 2730 1345 2792 in
1376 2728 1515 2794 Octavia

108 2834 192 2899 solos
231 2835 374 2898 senarios
407 2835 564 2899 iambicos
601 2843 633 2897 et
666 2844 859 2919 anapaestos
895 2857 928 2897 se
963 2836 1128 2920 excipere,
1164 2834 1250 2918 qnod
1284 2834 1337 2897 vel
1371 2834 1515 2896 maxime

107 2940 228 3004 mirum
256 2947 353 3021 esset,
382 2939 409 3001 si
430 2926 475 3003 'ea
502 2960 537 3001 re
560 2960 640 3004 vera
666 2937 897 3024 posterioribus
926 2937 1125 3023 temporibus
1153 2938 1338 3022 composita·
1358 2946 1442 2999 esset
1472 2936 1514 3001 ab

107 3042 248 3120 homine,
271 3042 327 3127 qni
347 3041 492 3106 Senecae
514 3042 642 3107 fabulas
664 3044 836 3107 imitandas
860 3042 922 3106 sibi
946 3044 1144 3128 sumpsisset.
1170 3042 1256 3127 qnod
1272 3050 1380 3106 autem
1400 3041 1442 3105 ad
1462 3063 1514 3104 res

107 3146 316 3231 prosodiacas
344 3145 478 3230 adtinet,
504 3146 663 3212 Octaviae
687 3149 824 3233 scriptor
846 3169 977 3232 prorsus
1001 3145 1133 3209 easdem
1157 3155 1253 3230 atque
1277 3144 1403 3210 Seneca
1426 3144 1515 3227 leges

109 3252 255 3336 seqnitur
282 3273 347 3314 una
373 3272 409 3313 re
437 3260 590 3336 excepta3
618 3273 649 3315 v,
674 3250 738 3314 273
766 3252 852 3314 enim
881 3249 973 3337 (quoe
993 3249 1092 3336 strab
1119 3247 1207 3313 mett
1231 3250 1312 3312 vonit
1339 3249 1381 3311 od
1408 3247 1515 3335 caros)

108 3355 270 3440 particula
296 3355 385 3418 modo
412 3354 559 3419 vocalem
586 3354 730 3441 finalem,
761 3377 844 3440 quae
871 3364 907 3419 nt
933 3356 967 3418 in
994 3354 1140 3419 Senecae
1167 3353 1343 3437 tragoediis
1373 3354 1419 3418 ita
1445 3352 1515 3416 reli-

110 3461 181 3544 quis
209 3458 304 3522 huius
331 3458 462 3524 fabulae
489 3459 581 3541 locis,
611 3459 729 3545 quibus
757 3482 796 3523 ea
822 3458 984 3544 particula
1012 3457 1146 3544 estate)
1181 3468 1329 3542 correpta
1356 3466 1417 3532 est,
1445 3479 1515 3543 pro-

215 3652 235 3715 ¹)
254 3651 385 3717 Exempla
407 3667 440 3701 ex
458 3653 577 3704 Senecae
599 3651 699 3702 fabulis
721 3653 857 3717 congessit
880 3650 965 3701 Smith
983 3668 1008 3717 p.
1029 3652 1137 3715 112sq.‚
1160 3665 1193 3700 ex
1215 3650 1276 3700 aliis
1300 3664 1408 3715 qnoque
1430 3651 1516 3716 poetis

109 3741 167 3790 Leo
184 3740 199 3789 I
217 3756 242 3805 p.
263 3740 377 3804 tetsqq.

218 3826 239 3891 2)
259 3826 327 3876 Sunt
346 3826 453 3876 Smithii
471 3826 561 3889 verba,
580 3827 829 3899 qnaeillep3114
848 3827 969 3891 protulit.

215 3912 237 3979 ³)
255 3912 288 3961 In
310 3914 402 3978 primis
424 3913 581 3963 nominandi
604 3919 667 3963 sunt
696 3914 726 3963 B.
746 3912 867 3976 Schmidt
890 3914 932 3963 De
948 3912 1042 3963 mend.
1060 3912 1118 3964 Sea.
1136 3918 1201 3976 trop.
1220 3918 1270 3961 rot.
1279 3928 1351 3976 pros.
1365 3919 1388 3962 et
1400 3918 1470 3963 mar.
1490 3916 1517 3963 et

109 4002 140 4050 L.
154 3998 270 4051 Mueller
288 3999 330 4074 Dc
341 4016 370 4049 re
385 4002 490 4050 metrico
502 4018 530 4064 p.
544 4001 589 4051 lut.
608 3999 785 4050 Schmidtinm
804 4004 912 4051 secutus
931 4006 971 4050 est
989 4000 1124 4050 Gustavus
1142 3997 1260 4061 Richter,
1279 4000 1327 4065 qni
1344 4000 1373 4048 in
1392 3999 1452 4049 diss.
1476 3998 1517 4048 De

109 4088 208 4139 Seneca
224 4086 413 4153 trapoediurum
431 4094 538 4148 ambre,
556 4105 580 4153 p.
600 4090 683 4154 bsqq.
707 4102 740 4137 ea
758 4088 899 4153 congessit,
920 4088 1036 4152 quaein
1055 4086 1169 4137 Octavia
1193 4100 1209 4135 a
1227 4085 1338 4152 reliquis
1361 4086 1459 4135 fabulis
1478 4086 1515 4135 di·

109 4189 188 4225 versa
216 4179 316 4224 extant.
347 4174 479 4224 nonnulla
505 4174 608 4225 addidit
634 4176 677 4224 Fr.
699 4174 756 4224 Leo
779 4176 807 4224 in
829 4174 882 4226 rol.
902 4174 915 4223 1
946 4190 1020 4239 capp.
1040 4174 1094 4223 1111
1112 4179 1139 4223 et
1158 4174 1203 4235 VI,
1227 4173 1325 4237 quibus
1347 4173 1380 4223 de
1398 4172 1517 4223 Hercule

110 4261 212 4312 Oetaeo
232 4266 259 4311 et
277 4260 311 4310 dc
328 4260 530 4327 Agamemnone
548 4261 702 4328 disputavit.
722 4261 844 4311 consulto
864 4261 941 4310 omisi
956 4262 992 4311 M.
1005 4261 1140 4310 Hcchinm
1158 4259 1210 4309 Die
1223 4260 1307 4309 Metro
1319 4259 1363 4309 des
1379 4260 1517 4325 Tropilcers

111 4348 219 4410 Senem,-
246 4362 307 4397 nam
327 4363 397 4413 qnae
414 4348 462 4398 ille
480 4348 599 4413 protulit,
623 4348 782 4415 plerumque
803 4348 872 4398 falsa
892 4353 955 4398 sunt
978 4353 1025 4397 aut
1043 4361 1076 4397 ex
1095 4346 1235 4398 Schmidtii
1253 4347 1345 4397 libello
1365 4346 1514 4412 desumpta;

110 4435 143 4485 cf.
171 4449 241 4500 qnae
267 4435 298 4484 L.
317 4434 433 4485 Mueller
460 4436 488 4484 in
516 4449 629 4485 censura
657 4436 780 4501 opusculi
807 4435 840 4485 ab
869 4435 974 4484 Hochio
1002 4436 1147 4501 conscripti
1174 4434 1322 4500 disputavit
1348 4435 1418 4485 Ann.
1451 4433 1517 4499 phil.

110 4521 294 4572 LXXXVIIII
313 4537 336 4586 p.
357 4522 407 4569 473
417 4537 474 4585 sqq.

202 4606 237 4673 14)
257 4606 297 4657 cf.
317 4606 495 4657 Schmidtinm
513 4624 538 4673 p.
558 4609 600 4658 30.
