3392 5067
198 234 240 297 48

198 424 343 489 00011001
366 423 515 488 concludi
538 444 633 508 posse
656 422 831 487 Octaviam
855 423 963 487 statim
985 433 1058 508 post
1078 424 1217 489 Neronis
1240 425 1365 493 obitum
1380 430 1618 516 conscriptam

198 551 279 593 esse.
325 550 403 594 nam
433 529 546 612 primis
576 549 608 612 p.
633 525 692 592 Oh.
716 549 747 590 n.
780 527 918 591 saeculis
947 527 1083 592 aliorum
1113 550 1241 615 quoque
1274 533 1468 617 scriptorum
1499 556 1617 620 opera

198 643 329 720 praesto
360 632 473 709 fuisse,
506 653 549 695 ex
580 631 697 715 quibus
728 630 782 694 illa
814 630 943 694 haurire
974 635 1129 717 potuerit,
1161 633 1261 697 veluti
1292 633 1328 699 O.
1353 636 1459 719 Plinii,
1491 636 1617 703 Cluvii

199 737 284 821 Rufi,
308 735 402 801 Fabii
424 734 589 821 Rustici.¹)
639 757 716 799 0000
739 757 782 797 ex
804 734 855 798 his
878 735 1089 821 scriptoribus
1111 739 1138 800 is
1162 740 1218 824 qui
1240 737 1413 807 Octaviam
1436 745 1614 829 conscrip-

200 844 241 906 sit
263 864 321 906 sua
344 840 514 906 desumere
540 841 646 926 potuit
677 877 720 886 —-
741 860 818 903 nam
842 840 921 901 certi
945 840 1119 925 quicquam
1141 841 1204 906 hac
1228 843 1327 907 dere
1351 847 1448 909 statui
1470 850 1612 911 omnino

199 947 312 1031 nequit
323 983 375 1030 -,
399 944 457 1010 sed
480 945 594 1029 siquis
616 943 846 1029 posterioribus
870 943 932 1007 illis
955 945 1164 1030 temporibus,
1189 948 1307 1033 quibus
1323 948 1459 1014 Richter
1480 951 1611 1037 aliique

199 1051 285 1115 hanc
307 1047 453 1113 fabulam
477 1049 633 1134 scriptam
656 1069 725 1112 esse
750 1056 941 1129 0101001001,
965 1069 1017 1111 100
1037 1048 1176 1114 Neronis
1199 1061 1306 1116 aetate
1329 1064 1437 1138 gestas
1456 1064 1610 1121 tractare

201 1153 365 1235 voluisset,
389 1156 447 1217 vix
471 1153 663 1238 scriptorum
686 1174 784 1237 opera
807 1161 883 1215 ante
907 1151 1011 1216 Taciti
1036 1151 1179 1218 Annales
1204 1158 1383 1241 composita
1404 1161 1609 1245 inspexisset

200 1267 257 1323 aut
283 1258 445 1342 inspicere
473 1258 640 1343 potuisset.
688 1264 831 1319 ceterum
858 1257 989 1320 minime
1017 1279 1075 1341 pro
1103 1269 1191 1322 certo
1214 1259 1352 1325 adfirmo
1379 1262 1444 1328 iam
1466 1275 1609 1350 propter

200 1385 253 1427 res
282 1363 315 1426 in
345 1362 408 1426 hac
437 1360 607 1445 tragoedia
635 1369 901 1424 commemoratas
931 1382 1062 1445 prorsus
1091 1362 1282 1428 incredibile
1309 1387 1381 1430 esse
1409 1369 1478 1431 eius
1502 1371 1606 1455 scrip-

200 1476 303 1531 torem
338 1466 438 1531 altero
469 1464 523 1528 vel
547 1466 643 1529 etiam
666 1465 759 1527 tertio
789 1461 843 1526 vel
867 1472 980 1549 quarto
1003 1486 1035 1549 p.
1064 1464 1122 1529 Ch.
1150 1468 1281 1533 saeculo
1313 1472 1447 1535 vixisse:
1478 1475 1606 1557 negavi

200 1580 326 1635 tantum
348 1572 410 1635 1100
440 1572 511 1634 1011
535 1568 638 1633 simile
662 1590 742 1633 esse.
788 1566 822 1631 id
844 1590 924 1632 1010
956 1570 1020 1633 1010
1044 1579 1192 1634 constare
1219 1582 1297 1657 puto
1321 1574 1443 1640 nullam
1465 1599 1604 1661 prorsus

201 1675 317 1739 adesse
348 1696 491 1759 causam,
531 1695 588 1737 cur
618 1682 796 1737 statuamus
830 1670 989 1737 Octaviae
1017 1675 1209 1758 scriptorem
1246 1700 1309 1761 res,
1352 1701 1432 1763 quas
1448 1751 1450 1755 ,
1469 1691 1603 1766 tractat,

201 1801 244 1843 ex
266 1779 379 1844 Tacito
402 1778 456 1845 101
483 1778 545 1842 0110
573 1779 729 1861 scriptore
753 1775 982 1861 desumpsisse.
1030 1777 1171 1843 Braunio
1194 1790 1313 1865 autem,
1341 1783 1494 1849 Richtero
1517 1787 1603 1850 aliis-

202 1904 264 1968 que
290 1904 468 1970 numquam
495 1883 528 1944 in
555 1891 697 1945 mentem
719 1881 864 1944 venisset
891 1882 1087 1946 contendere
1111 1882 1284 1949 Octaviam
1311 1886 1405 1971 longe
1433 1890 1495 1954 alio
1523 1901 1602 1956 1001-

201 2009 279 2073 pore
303 1988 513 2072 compositam
536 2007 607 2049 esse
629 1995 726 2069 atque
753 1984 880 2048 fabulas
902 2008 967 2049 una
991 2008 1066 2050 cunr
1089 2009 1127 2050 ea
1149 1989 1295 2072 traditas,
1324 1994 1387 2055 nisi
1408 2016 1601 2079 persuasum

201 2091 391 2155 habuissent
406 2090 563 2154 Octaviae
587 2091 779 2174 scriptorem
801 2091 835 2151 in
858 2090 1026 2173 tragoedia
1048 2114 1107 2154 sua
1131 2095 1354 2179 componenda
1370 2096 1475 2162 Taciti
1492 2102 1601 2165 Anna-

200 2194 286 2259 libus
309 2216 404 2258 usum
424 2216 505 2258 0000.
550 2195 778 2278 gravissimum
801 2195 899 2278 igitur
921 2193 1047 2258 illorum
1070 2211 1296 2279 argumentum
1326 2202 1485 2269 refutasse
1507 2206 1600 2269 nobis

201 2295 360 2363 videmur.
407 2298 493 2383 quod
520 2309 629 2362 autem
652 2319 704 2360 res
727 2299 825 2381 ipsas,
857 2320 941 2382 quae
964 2300 998 2361 in
1021 2299 1082 2362 hac
1106 2300 1218 2365 fabula
1244 2313 1430 2392 tanguntur,
1462 2310 1599 2374 suadere

202 2402 354 2488 vidimus,
377 2424 494 2488 nempe
518 2411 554 2466 ut
577 2424 741 2466 sumamus
764 2402 849 2465 hanc
878 2401 1022 2467 fabulam
1049 2406 1157 2489 paullo
1180 2418 1253 2491 post
1275 2409 1412 2476 Neronis
1434 2415 1599 2479 interitum

203 2508 421 2592 conscriptam
444 2528 524 2584 esse,
548 2506 636 2570 idem
659 2506 774 2569 suadet
797 2506 984 2589 tragoediae
1008 2520 1245 2591 argumentum.
1284 2536 1348 2599 quo
1371 2519 1456 2581 enim
1481 2540 1598 2603 quaeso
1682 2561 1683 2584 1

202 2622 347 2696 tempore
376 2611 462 2675 mala
486 2611 600 2674 domus
622 2610 725 2675 Iuliae
748 2610 877 2673 fortuna
899 2610 1065 2675 hominum
1092 2615 1215 2679 animos
1243 2621 1347 2701 magis
1376 2624 1599 2688 commovebat
1682 2621 1683 2664 7

203 2739 300 2802 quam
325 2716 432 2801 paullo
448 2728 521 2799 post
536 2716 674 2780 Neronis
690 2715 823 2791 exitum,
849 2717 941 2777 cuius
957 2715 1066 2779 odium
1083 2738 1121 2781 00
1137 2720 1207 2803 ipso
1230 2729 1374 2807 tempore
1391 2727 1479 2809 apud
1500 2725 1596 2791 homi-

202 2844 260 2884 nes
283 2820 459 2885 admodum
486 2819 604 2883 ardens
636 2818 709 2881 fuit!
767 2818 895 2883 accedit
925 2820 1011 2903 quod
1044 2824 1163 2885 00111100
1194 2835 1271 2889 1000
1302 2850 1336 2891 10
1364 2850 1443 2892 1010
1474 2830 1596 2896 fabulas

202 2935 390 3011 praetextas
417 2925 615 3009 conscriptas
633 2923 744 3008 csse.²)
791 2924 852 2985 nisi
879 2924 978 3005 igitur
1004 2924 1068 2988 alia
1095 2927 1234 3011 proferri
1261 2943 1406 3014 possunt,
1431 2956 1515 3019 quae
1541 2959 1596 2998 nos

204 3039 330 3113 cogant,
353 3038 390 3092 ut
412 3028 520 3112 paullo
544 3037 616 3113 post
638 3028 801 3092 Neronem
824 3026 983 3090 Octaviae
1006 3031 1209 3113 tragoediam
1233 3037 1388 3120 scriptam
1412 3060 1482 3101 esse
1505 3061 1596 3123 nege·

203 3156 285 3215 mus,
315 3132 521 3196 statuendum
548 3134 617 3216 erit,
646 3131 732 3216 quod
760 3153 818 3217 per
847 3153 882 3195 se
910 3134 1087 3197 maximam
1113 3138 1182 3198 1011
1210 3141 1352 3222 speciem
1380 3141 1478 3206 habet
1504 3154 1595 3229 0111110

204 3240 301 3302 011010
325 3259 367 3299 ex
390 3236 617 3321 disputatio'ne,
641 3257 738 3320 quam
762 3236 802 3298 de
825 3236 924 3300 rebus
947 3239 980 3300 in
1004 3237 1065 3299 hac
1088 3239 1200 3304 fabula
1226 3247 1373 3310 tractatis
1396 3249 1594 3331 Inst‘tuimus,

203 3343 362 3428 adparere
379 3342 517 3425 videtur,
541 3339 698 3405 Octaviae
723 3341 914 3425 scriptorem
937 3340 1075 3405 Neronis
1098 3353 1204 3409 aetate
1226 3349 1291 3413 iam
1313 3351 1435 3414 vixisse
1459 3364 1491 3415 01
1513 3352 1595 3416 haud

203 3494 360 3501 ——--.—-..—
367 3496 410 3501 ....-

310 3571 329 3637 1)
349 3573 480 3621 Auctores
498 3572 619 3620 nominat
638 3570 749 3619 Tacitus
768 3568 796 3618 O.
819 3568 939 3618 Plinium
958 3570 1027 3620 Hist.
1046 3571 1086 3621 III
1105 3574 1146 3623 28.
1170 3575 1237 3625 Ann.
1258 3578 1330 3641 169,
1358 3579 1483 3629 Cluvium
1500 3580 1593 3630 Rufum

204 3658 272 3708 Anu.
291 3658 357 3707 XIII
373 3660 415 3708 20.
434 3658 517 3708 XIIII
533 3660 557 3719 2,
576 3658 640 3706 Fab.
658 3656 798 3705 Rusticum
816 3656 885 3705 Ann.
901 3656 966 3706 XIII
984 3660 1024 3706 20.
1050 3659 1130 3709 XIIII
1146 3662 1170 3711 2.
1194 3662 1245 3712 XV
1257 3666 1297 3713 61.
1345 3672 1450 3730 praeter
1468 3668 1516 3718 hos
1532 3670 1594 3719 alios

205 3760 312 3810 quoque
330 3760 372 3795 res
390 3747 486 3795 aetatis
504 3744 675 3793 Neronianae
693 3744 829 3808 scripsisse
847 3758 894 3807 per
912 3758 941 3792 se
964 3743 1074 3808 planum
1093 3753 1145 3809 est3
1173 3749 1207 3798 01.
1226 3750 1276 3801 Ios.
1296 3750 1372 3803 Flav.
1392 3753 1454 3804 Ant.
1473 3756 1529 3808 Iud.
1547 3758 1593 3805 XX

204 3834 228 3895 8,
242 3834 270 3880 2:
289 3828 375 3880 πολλοὶ
392 3829 438 3899 γὰρ
457 3828 498 3894 τὴν
516 3828 569 3898 περὶ
586 3827 683 3897 Νέρωνα
702 3826 868 3898 συντετάχασιν
885 3827 1048 3897 ἱστορίαν...

310 3918 332 3984 ²)
351 3917 374 3967 Α
388 3919 507 3969 Curiatio
520 3919 642 3967 Materno
655 3918 813 3982 Vespasiani
831 3919 1004 3982 temporibus,
1023 3921 1056 3968 cf.
1070 3921 1132 3970 'Iac
1147 3922 1209 3971 dial.
1228 3924 1262 3973 de
1280 3932 1345 3975 orat.
1360 3929 1383 3976 3:
1403 3930 1472 3979 ‘cum
1486 3934 1592 3982 1010101-

206 4022 297 4055 corum
318 4021 423 4069 causae,
442 4010 483 4056 tot
505 4006 672 4055 coloniarum
691 4012 718 4053 01
740 4006 946 4070 municipiorum
970 4006 1115 4058 clientelae
1137 4010 1166 4057 in
1189 4010 1275 4061 torum
1298 4021 1408 4077 vocent,
1438 4018 1532 4081 quibus
1551 4022 1592 4068 1111

205 4093 350 4154 sufficeres,
375 4094 554 4143 etiamsinon
572 4108 673 4142 novum
690 4092 740 4141 tibi
758 4094 815 4157 ipse
834 4094 972 4157 negotium
991 4095 1169 4158 importasset,
1188 4097 1370 4150 Domitium
1390 4109 1417 4152 01
1436 4104 1591 4170 Catonem,

204 4181 293 4241 idest,
312 4186 415 4230 nostras
434 4195 541 4245 quoque
559 4180 683 4229 historias
701 4185 729 4229 01
745 4179 869 4228 Romana
889 4182 998 4230 nomina
1016 4181 1179 4233 Graecorum
1197 4185 1297 4237 fabulis
1309 4189 1473 4257 adgregare'
1500 4195 1592 4245 Tiberii

204 4282 268 4316 vero
292 4268 456 4331 temporibus
479 4267 643 4332 Pomponius
666 4266 803 4316 Secundus
827 4273 980 4330 praetextas
1002 4270 1139 4334 scripsisse
1161 4272 1276 4338 videtur,
1299 4276 1453 4329 0101111110.
1477 4281 1590 4332 113111

206 4353 244 4402 ‘P.
264 4352 289 4402 S.
309 4354 338 4402 in
355 4352 465 4415 Aenea',
488 4354 535 4417 qui
556 4351 653 4402 titulus
675 4352 709 4401 ad
731 4358 898 4417 praetextam
923 4353 1078 4404 referendus
1097 4362 1145 4419 est,
1169 4364 1197 4407 01
1214 4360 1465 4415 Pseudo-heronem
1483 4368 1516 4417 ad
1534 4370 1590 4421 Hor.
1682 4407 1683 4410 η

205 4439 236 4489 Α.
250 4441 280 4489 P.
294 4441 356 4489 288:
376 4442 536 4506 ‘praetextas
554 4445 581 4489 01
598 4446 703 4505 togatas
722 4441 922 4505 scripserunt..
939 4441 1157 4507 ..Pomponius
1193 4446 1224 4496 A.
1237 4448 1344 4499 Persius
1362 4451 1477 4504 Flaccus
1495 4472 1591 4523 quoque
1682 4437 1683 4462 l

205 4528 234 4575 in
257 4528 372 4593 pueritia
398 4532 565 4592 praetextam
590 4529 740 4592 composuit
762 4532 830 4577 teste
853 4528 940 4577 Probo
965 4528 1086 4579 Valerio:
1115 4534 1265 4598 ‘scripserat
1289 4538 1318 4586 in
1344 4542 1461 4604 pueritia
1486 4542 1592 4597 Flaccus

206 4616 286 4663 etiam
304 4620 470 4679 praetextam
489 4616 507 4679 †
523 4614 631 4665 nescio!
