3392 5067
163 209 224 273 196

163 399 310 483 Theogn.
339 421 371 463 v.
393 398 456 463 506
482 404 641 486 πειρηθῶ,
673 401 716 486 μή
738 424 808 477 πως
836 396 893 463 καὶ
913 398 1019 477 πόδας
1041 390 1127 477 οἶνος
1148 393 1213 479 ἔχει
1243 398 1422 483 comparari
1441 405 1556 482 potest.

161 505 322 569 aooedunt
343 505 465 588 τολμᾶν
487 514 519 568 et
540 505 659 590 τλῆναι,
683 525 776 589 quae,
805 504 831 566 si
855 504 922 566 vim
950 501 1091 567 audendi
1119 501 1254 586 habent,
1281 501 1476 565 infinitivum
1503 500 1557 565 ad-

161 610 317 685 sciscunt,
347 608 427 672 illud
458 608 603 692 Theogn.
633 607 684 692 81,
709 607 782 690 377,
807 606 881 689 388,
899 605 983 689 398,
1015 605 1076 669 hoe
1105 606 1169 670 825
1191 615 1224 670 et
1248 605 1341 669 1237,
1387 613 1557 690 praeterea

159 714 272 798 Bergk
302 713 447 795 Theogn.
476 711 537 776 591
556 734 614 797 sq.,
649 711 705 776 ubi
738 711 812 775 libri
845 710 1003 775 exhibent
1032 711 1153 797 τολμᾶν
1174 714 1242 799 χρη,
1269 715 1310 775 τὰ
1333 710 1458 776 διδοῦσι
1481 707 1555 774 θεοί

160 824 310 907 θνητοῖσι
332 822 505 902 βροτοῖσιν,
527 816 531 901 l
551 815 681 904 ῥηιδίως
704 817 738 882 δὲ
766 814 874 904 φέρειν
901 814 1089 903 ἀμφοτέρων
1116 818 1154 879 τδ
1180 816 1277 897 λάχος
1304 813 1347 877 ad
1369 814 1490 897 τολμᾶν
1512 836 1555 877 ex

159 923 307 1009 proximo
330 919 558 1007 νε1ευφέρειν
585 921 721 1006 supplet.
769 920 855 1005 quod
885 942 1058 1005 perperam
1088 919 1178 1001 feeit3
1214 918 1267 981 hio
1295 920 1380 982 enim
1402 919 1452 981 ris
1480 918 1554 981 tole-

158 1028 253 1091 randi
276 1025 446 1089 statuenda
473 1034 506 1089 et
533 1028 734 1089 enuntiatum
763 1026 936 1089 relativum
966 1046 1024 1109 pro
1051 1022 1177 1088 obieeto
1201 1032 1264 1107 est3
1295 1022 1336 1085 ef.
1366 1021 1445 1086 ibid.
1471 1021 1553 1084 1343

158 1131 316 1218 τλήσομαι
339 1135 375 1195 οὐ
397 1130 522 1217 κρύψας
544 1131 695 1195 ἀεκούσια
718 1129 824 1195 πολλὰ
847 1127 951 1211 βίαια.

262 1234 363 1297 Porro
387 1233 428 1296 de
456 1232 589 1316 singulis
613 1233 724 1297 verbis
751 1232 831 1296 haee
860 1231 1003 1297 notanda
1030 1240 1114 1294 sunt.
1159 1254 1180 1295 a
1202 1230 1303 1295 verbo
1327 1225 1467 1316 ἔρασθαι
1490 1230 1553 1293 Ho-

157 1361 266 1405 merus
293 1360 452 1423 nusquam
479 1336 674 1401 infinitivum
703 1336 899 1421 pendentem
927 1336 1014 1400 facit.
1061 1338 1151 1399 euius
1181 1338 1229 1399 rei
1260 1358 1357 1399 eausa
1387 1335 1468 1398 haee
1495 1342 1553 1415 est,

158 1444 245 1529 quod
268 1442 355 1528 apud
378 1442 467 1506 illum
491 1464 619 1528 semper
641 1440 676 1504 id
697 1443 764 1504 vim
787 1462 934 1525 gravem,
957 1462 1039 1525 quae
1063 1450 1112 1505 est
1135 1440 1265 1505 ‘amare’
1289 1439 1349 1526 (so.
1373 1437 1553 1523 feminam),

157 1547 265 1611 habet.
307 1549 340 1611 in
363 1547 482 1631 elegeis
505 1567 582 1610 vero
608 1568 647 1609 ea
669 1545 720 1608 vis
746 1546 811 1609 iam
838 1546 885 1609 ita
911 1545 1080 1609 imminuta
1103 1553 1161 1627 est,
1185 1554 1220 1608 ut
1246 1543 1334 1607 idem
1361 1543 1429 1607 fere
1456 1553 1553 1627 atque

158 1652 305 1737 ‘cupere’
330 1650 490 1735 significet
516 1672 652 1734 eamque
680 1648 722 1713 ob
752 1671 885 1713 eausam
912 1651 1009 1713 etiam
1037 1671 1110 1712 oum
1137 1648 1296 1714 infinitivo
1324 1650 1553 1731 coniungatur3

158 1756 198 1819 ef.
211 1739 366 1839 ‘Theogn.
393 1753 476 1818 1155
504 1759 561 1820 οὐκ
584 1750 699 1840 ἔραμαι
721 1755 879 1835 πλουτεῖν,
905 1753 986 1816 1191
1012 1758 1068 1819 οὐκ
1091 1750 1205 1841 ἔραμαι
1230 1804 1237 1817 .
1261 1804 1270 1817 .
1292 1753 1554 1836 ἐγκατακεῖσθαι.

157 1868 269 1924 eontra
293 1859 333 1922 de
357 1880 466 1922 amore
489 1857 660 1923 libidinoso
684 1867 715 1921 et
739 1857 1123 1940 1οσνο15σ111ο1ἑρᾶν,
1147 1856 1233 1942 quod
1255 1856 1297 1921 ab
1321 1857 1457 1920 Homeri
1484 1878 1553 1919 ear-

155 1963 296 2028 minibus
323 1962 465 2027 alienum
488 1984 559 2026 esse
582 1984 615 2047 p.
633 1962 696 2025 174
724 1962 928 2042 dictumest,
953 1971 986 2025 et
1008 1963 1113 2048 φιλεῖν
1139 1972 1265 2026 tantum
1292 1963 1325 2024 in
1351 1961 1413 2024 illis
1441 1960 1553 2024 earmi-

155 2066 250 2131 nibus
273 2069 446 2149 amatoriis,
473 2088 556 2151 quae
584 2066 665 2130 falso
694 2066 876 2150 Theognidi
906 2065 1105 2150 tribuuntur,
1134 2067 1305 2129 invenitur.
1352 2074 1479 2128 transeo
1510 2062 1554 2127 ad

156 2172 292 2236 verbum
321 2172 466 2237 κελεύειν.
512 2171 574 2235 hoe
605 2171 693 2257 apud
724 2170 904 2235 Homerum
938 2170 994 2255 (of.
1026 2171 1153 2234 Hentze
1181 2169 1307 2255 ephem.
1342 2191 1453 2254 gymn.
1478 2169 1551 2231 Por.

153 2275 222 2338 XX
246 2275 318 2357 727,
346 2274 396 2338 La
418 2274 529 2339 Roehe
556 2274 577 2339 1.
603 2298 629 2340 ο.
657 2298 690 2360 p.
715 2274 793 2362 243)
823 2298 888 2340 non
918 2274 1021 2339 solum
1051 2276 1257 2339 aecusativus
1289 2295 1363 2336 eum
1393 2272 1552 2336 infinitivo

155 2382 307 2464 sequitur,
335 2378 394 2443 sed
417 2382 513 2444 etiam
536 2380 680 2461 dativus;
714 2381 747 2442 in
775 2380 895 2464 elegeis
923 2389 1031 2443 autem
1059 2400 1187 2463 semper
1214 2400 1289 2441 eum
1310 2378 1469 2441 infinitivo
1496 2386 1553 2440 aut

154 2485 341 2547 accusativo
366 2506 439 2547 oum
461 2483 621 2549 infinitivo
646 2485 860 2567 coniungitur.
905 2484 992 2547 idem
1017 2483 1058 2547 de
1080 2504 1160 2546 vooe
1182 2480 1314 2548 πείθειν
1336 2482 1433 2545 valet.
1476 2504 1552 2545 nam

154 2586 240 2673 quod
267 2587 354 2672 apud
382 2610 436 2652 eos
464 2589 648 2673 scriptores,
673 2590 728 2674 qui
756 2597 828 2673 post
855 2598 966 2673 poetas
993 2589 1153 2671 elegiacos
1180 2587 1320 2669 fuerunt,
1349 2586 1550 2651 etiamdum

153 2690 195 2755 ad
218 2691 413 2756 infinitivum
441 2692 575 2777 aceedit,
606 2693 842 2756 vetustissimus
874 2694 1009 2779 quisque
1041 2701 1137 2778 poeta
1163 2693 1196 2754 in
1220 2692 1378 2755 infinitivo
1406 2689 1471 2755 solo
1494 2690 1550 2753 ad-

153 2797 299 2880 quiescit.
346 2796 402 2859 sed
431 2806 466 2859 ut
493 2798 526 2860 in
548 2796 655 2860 multis
679 2795 750 2859 aliis
772 2795 870 2860 rebus
898 2799 944 2860 ita
966 2798 1072 2873 etiam,
1097 2805 1254 2881 quantum
1274 2795 1319 2859 ad
1347 2795 1433 2859 hune
1456 2817 1550 2858 usum

152 2902 307 2985 pertinet,
341 2901 486 2965 earmina
516 2901 571 2965 illa
600 2903 756 2964 amatoria
785 2903 818 2963 in
846 2901 1044 2984 Theognidis
1076 2922 1210 2985 corpore
1241 2899 1436 2984 excipienda
1466 2908 1549 2963 sunt.

151 3027 227 3069 narn
245 3004 328 3067 1363
342 3025 388 3087 sq.
412 3004 550 3068 traditur
573 3002 714 3071 ...οὐδέ
732 3028 771 3088 με
794 3002 902 3069 πείσει
922 3004 926 3090 Ι
946 3002 1049 3083 οὐδείς
1071 3008 1265 3089 ἀνθρώπων,
1289 3006 1373 3069 ὥστε
1388 3028 1427 3089 με
1449 3005 1492 3090 μή
1513 3025 1549 3067 σε

151 3110 265 3197 φιλεῖν,
291 3109 377 3193 quod
400 3132 420 3172 a
435 3108 633 3191 Theognidis
656 3130 775 3192 genere
800 3109 931 3172 dieendi
948 3109 1123 3174 abhorrere
1148 3110 1268 3193 optime
1292 3131 1334 3172 ex
1357 3130 1412 3172 vv.
1429 3107 1492 3171 839
1501 3129 1549 3192 sq.

151 3211 224 3279 οὐδέ
239 3237 278 3299 με
294 3211 419 3292 πείσεις
439 3214 442 3299 t
463 3208 528 3278 οὔτ’
545 3209 592 3278 ἔτι
615 3218 657 3300 μὴ
678 3211 783 3279 πίνειν
805 3216 877 3279 odra
899 3211 969 3301 λίην
991 3219 1124 3300 μεθύειν
1145 3212 1352 3297 intellegitur.
1387 3220 1498 3293 restat,
1514 3220 1550 3274 ut

150 3317 192 3380 ad
222 3318 302 3382 duos
329 3317 417 3381 locos
444 3317 601 3401 relegem‚
631 3316 776 3401 Theogn.
803 3318 880 3402 185,
907 3318 978 3399 ubi,
1007 3318 1094 3404 quod
1122 3317 1285 3402 singulare
1313 3326 1375 3399 est,
1403 3326 1499 3405 γῆμαι
1516 3368 1547 3381 ..

151 3424 186 3485 od
209 3419 388 3505 μελεδαίνει
416 3430 507 3485 extat
533 3421 566 3483 in
594 3420 731 3485 eandem
759 3422 827 3486 fere
856 3424 1049 3486 sententiam
1073 3423 1205 3503 dietum,
1235 3444 1319 3507 quae
1345 3420 1442 3506 paulo
1464 3420 1549 3484 infra

150 3524 225 3608 (187
235 3524 297 3609 sq.)
318 3526 351 3588 in
368 3525 477 3588 verbis
500 3524 574 3590 οὐδὲ
594 3530 667 3613 γυνη
687 3536 784 3591 κακοῖν
807 3527 920 3612 ἀνδρὸς
942 3524 1103 3591 ἀναίνεται
1123 3518 1206 3591 εἶναι
1228 3528 1351 3604 δίκσιτις
1370 3528 1374 3609 Ι
1394 3522 1549 3590 πλουσίου

150 3631 244 3711 inest,
269 3638 300 3691 et
323 3628 396 3709 818,
419 3630 453 3692 in
476 3650 538 3714 quo
562 3652 659 3693 versu
682 3652 702 3693 a
724 3629 825 3694 verbo
850 3628 1027 3696 δεδοικέναι
1049 3632 1083 3694 vi
1105 3629 1241 3693 verendi
1267 3632 1423 3693 instructo
1445 3628 1548 3693 infini-

150 3735 235 3797 tivus
257 3732 394 3817 pendet:
418 3734 487 3798 ούτι
511 3730 641 3799 δέδοικα
664 3738 796 3799 παθεῖν.

251 3836 391 3921 Magnus
427 3860 504 3902 sane
540 3849 588 3902 est
623 3861 774 3904 numerus
811 3862 922 3905 eorum
953 3840 1249 3923 adieetivorum,
1278 3838 1425 3924 adquae
1454 3860 1546 3902 aeon-

148 3943 248 4005 ratius
281 3941 465 4006 definienda
495 3942 672 4007 infinitivus
704 3942 887 4009 adhibetur.
933 3966 1009 4008 nam
1039 3952 1170 4029 praeter
1200 3943 1346 4027 Theogn.
1370 3966 1401 4005 v.
1424 3941 1488 4006 578
1512 3944 1551 4007 ού

148 4070 200 4111 τοι
228 4043 356 4134 τηλίκος
384 4045 449 4131 εἰμί
481 4052 601 4132 μαθεῖν
628 4055 660 4111 et
682 4047 747 4111 216
777 4055 865 4128 τοῖος
895 4044 977 4114 ίδεῖν
1006 4048 1107 4135 ἐφάνη
1138 4048 1170 4111 hi
1199 4057 1311 4111 extant
1341 4047 1418 4111 loei:
1455 4048 1546 4132 Tyrt.

147 4150 177 4226 5,
202 4150 221 4213 3
249 4152 375 4235 ἀγαθὴν
404 4152 462 4232 μὲν
485 4152 589 4235 ἀροῦν,
617 4154 745 4239 ἀγαθὴν
768 4153 802 4218 δὲ
830 4153 985 4238 φυτεύειν,
1017 4150 1096 4215 ibid.
1123 4151 1172 4234 10,
1196 4151 1238 4215 26
1263 4155 1433 4239 νεμεσητὸν
1456 4153 1547 4235 ἰδεῖν,

149 4254 198 4335 10,
223 4253 265 4316 29
287 4256 411 4339 θηητδς
433 4254 522 4335 ἰδεῖν,
549 4254 598 4337 12,
625 4256 666 4318 14
687 4257 857 4322 κάλλιστον
880 4308 938 4321 ...
962 4253 1079 4343 φέρειν,
1106 4256 1219 4320 Mimn.
1246 4257 1296 4338 14,
1320 4256 1396 4341 9sq.
1419 4258 1547 4341 ἀμεινό-

145 4379 235 4438 τερος
258 4407 265 4421 .
288 4407 295 4421 .
317 4407 324 4421 .
345 4355 551 4440 ἐποίχεσθαι,
584 4358 647 4424 Sol.
674 4360 724 4441 13,
749 4360 768 4423 6
796 4368 883 4425 τοῖσι
910 4361 967 4443 μὲν
990 4360 1126 4441 αἰδοῖον,
1154 4365 1240 4426 τοῖσι
1268 4359 1304 4426 δὲ
1332 4360 1436 4425 δεινὸν
1459 4361 1547 4443 ἰδεῖν,

145 4459 296 4547 Xenoph.
324 4459 354 4539 2,
378 4462 398 4525 6
428 4464 614 4549 κυδρότερος
639 4470 812 4549 προσορᾶν,
846 4463 926 4527 ibid.
950 4463 980 4548 5,
1009 4464 1028 4527 2
1058 4462 1187 4547 τίμιον.
1206 4465 1368 4546 ..λαχεῖν,
1399 4464 1546 4549 Theogn.

147 4566 242 4650 77111.
259 4568 498 4651 ἀντερύσασθαι
519 4567 523 4652 Ι
543 4566 641 4647 ἄξιος,
669 4567 732 4630 124
753 4576 869 4651 γνῶναι
892 4616 950 4633 ...
974 4571 1190 4656 ἀνιηρότατον,
1213 4568 1278 4634 450
1299 4569 1435 4655 ἐρυθρὸν
1457 4570 1547 4654 ἰδεῖν,
