3392 5067
221 240 262 303 28

221 441 328 495 turam
352 430 424 495 ‘illo’
448 453 507 515 pro
532 428 595 493 ‘illi'
621 429 855 515 (Messalinae),
886 430 972 515 quod
995 430 1101 495 Bothe
1123 433 1274 515 restituit,
1307 443 1437 499 secutus
1461 443 1521 498 est.
1572 456 1635 499 ne-

221 558 294 621 que,
323 537 377 621 qui
390 534 463 599 Oct.
482 535 543 598 288
557 556 638 620 sqq.:
662 558 717 598 uos
733 556 848 620 quoque
871 535 970 597 nostri
983 557 1091 599 summ
1112 537 1301 601 immemores
1320 542 1325 621 Ι
1340 549 1411 623 post
1425 538 1504 623 fata
1520 540 1632 617 ducis,

221 642 310 703 cuius
332 642 467 725 ,stirpem
492 641 497 724 l
517 639 698 725 prodimus,
730 661 810 724 quos
841 638 960 704 chorus
989 644 1192 726 pronuntiat,
1228 651 1261 706 et
1290 643 1369 707 Tac.
1400 642 1503 707 verba
1533 642 1631 707 Ann.

222 744 324 811 XIIII
340 744 396 808 60:
420 755 507 808 actae
530 744 565 807 ob
581 744 616 806 id
631 744 668 805 de
691 743 815 807 aucillis
837 745 1037 827 quaestiones,
1061 756 1089 808 et
1104 747 1136 809 vi
1156 757 1374 820 torquatorum
1398 747 1485 810 uictis
1499 747 1632 831 quibus-

174 837 181 847 ’
222 851 297 912 dam
312 860 346 912 ut
359 848 455 933 falsa
472 858 651 925 annuerent,
671 848 781 931 plures
793 849 953 933 perstitere
968 849 1162 913 sanctitatem
1177 850 1322 915 dominae
1337 853 1421 914 tueri
1434 852 1630 937 perlegerit,

222 954 395 1018 adfirmare
418 954 536 1039 poterit
559 952 715 1017 Octaviae
739 954 930 1038 scriptorem
953 954 1058 1018 Taciti
1081 954 1183 1018 verba
1204 958 1397 1041 respexisse.

326 1074 399 1140 Oct.
416 1074 588 1139 310-356
611 1076 814 1161 Agrippinae
830 1075 1037 1159 naufragium
1060 1078 1162 1141 fusius
1177 1089 1336 1163 narratur,
1357 1078 1443 1163 quod
1459 1078 1531 1142 aliis
1547 1100 1629 1162 quo-

223 1203 286 1267 que
309 1180 556 1262 locisvv.127,
580 1179 644 1244 600
659 1203 717 1266 sq,
742 1179 806 1243 954
818 1201 864 1264 sq.
890 1180 1101 1265 significatur.
1148 1205 1223 1247 eum
1245 1183 1307 1247 hac
1329 1183 1514 1247 narratione
1538 1204 1629 1246 eom-

223 1286 373 1371 ponenda
408 1295 482 1359 sunt
509 1307 547 1348 ea
574 1306 657 1369 quae
682 1284 769 1369 apud
793 1285 871 1348 Tac.
897 1284 982 1349 Anu.
1006 1285 1110 1351 XIIII
1128 1285 1158 1368 5,
1187 1285 1275 1350 Suet.
1299 1288 1375 1351 Ner.
1400 1287 1452 1369 34,
1479 1286 1629 1350 Dionem

222 1390 304 1454 LXI
327 1390 366 1454 13
393 1388 554 1473 leguntur.
602 1411 641 1451 ac
668 1389 808 1475 primum
836 1388 877 1453 de
901 1389 1014 1455 Tacito
1037 1391 1139 1454 verba
1166 1391 1333 1455 faciamus.
1380 1402 1454 1455 sunt
1480 1392 1569 1455 enim
1594 1392 1628 1454 in

224 1498 291 1559 eius
322 1493 482 1577 naufragii
514 1493 732 1578 descriptione
762 1494 926 1577 nonnulla,
957 1517 1040 1580 quae
1068 1496 1110 1559 ab
1134 1495 1280 1560 eiusdem
1306 1496 1353 1559 rei
1379 1495 1567 1560 narratione
1592 1498 1627 1559 in

223 1600 361 1664 Octavia
385 1607 517 1662 extante
541 1596 670 1661 diversa
693 1608 776 1661 suut.
812 1620 855 1661 ex
878 1597 952 1663 Oct.
974 1600 1129 1686 317sqq.:
1149 1599 1261 1685 fertur
1291 1601 1325 1663 iu
1352 1600 1450 1663 altum
1474 1611 1627 1685 prouecta

223 1707 303 1767 ratis
327 1706 331 1789 l
355 1726 434 1787 quae
456 1702 590 1767 resoluto
613 1700 720 1766 robore
743 1701 850 1767 labeus
874 1702 878 1788 l
901 1727 1010 1789 pressa
1032 1705 1158 1769 dehiscit
1185 1704 1343 1788 sorbetque
1364 1726 1451 1767 mare
1473 1704 1626 1769 videmus

224 1811 413 1894 scriptorem
436 1806 477 1871 dc
501 1808 593 1871 navis
617 1806 825 1871 dissolutione
850 1809 957 1872 statim
980 1809 1066 1872 facta
1089 1811 1258 1892 cogitasse,
1282 1809 1442 1893 quaeres,
1467 1810 1493 1872 si
1516 1809 1625 1873 Taciti

224 1913 474 1999 descriptionem
508 1912 585 1975 satis
615 1920 802 1976 accuratam
835 1913 1035 1996 respicimus,
1070 1935 1134 1978 non
1168 1915 1213 1977 ita
1246 1914 1364 1977 evenit.
1414 1914 1478 1977 iam
1512 1913 1625 1977 audia-

224 2041 294 2082 mus
316 2019 423 2103 ipsum
449 2024 646 2080 narrantem:
671 2038 725 2079 aec
747 2015 877 2079 multum
900 2027 969 2079 erat
985 2038 1152 2101 propressa
1174 2020 1263 2080 rearis
1280 2066 1287 2080 .
1305 2066 1312 2080 .
1331 2066 1337 2079 .
1356 2040 1421 2079 cum
1445 2016 1518 2080 doto
1534 2019 1624 2100 sipuo

224 2144 314 2185 ruere
342 2131 450 2184 tectum
474 2119 533 2183 loci
554 2120 649 2183 multo
670 2118 794 2205 plumbo
816 2143 928 2206 praem
953 2143 1137 2206 pressusque
1163 2120 1343 2207 Crepereius
1367 2120 1436 2208 (qui
1459 2144 1524 2185 una
1547 2143 1624 2186 eum

223 2228 403 2291 Acerronia
426 2247 467 2288 ex
491 2223 696 2289 familiarium
719 2247 854 2290 numero
877 2226 1094 2312 Agrippinam
1118 2230 1287 2291 comitatus
1311 2226 1374 2312 est)
1397 2237 1426 2290 et
1446 2226 1550 2288 statim
1574 2249 1651 2289 erc--

224 2331 384 2395 animatus
408 2340 464 2393 est:
489 2330 669 2417 Aprippiaa
691 2331 933 2395 etAcerrom'a.
952 2342 1155 2416 ..protectae
1176 2342 1259 2397 suut.
1305 2354 1360 2394 uec
1382 2332 1542 2395 dissolutio
1564 2355 1623 2394 ua-

225 2438 269 2499 ois
291 2433 548 2519 sequebatur...
569 2435 667 2498 uuum
689 2436 798 2500 debinc
820 2436 987 2522 remipibus
1009 2459 1106 2499 uuum
1127 2435 1161 2499 iu
1184 2436 1268 2499 batus
1289 2436 1441 2499 inclinare
1464 2446 1554 2520 atque
1576 2439 1622 2499 ita

223 2562 332 2603 rtaoem
347 2538 546 2624 submerpere.
576 2539 633 2603 sed
649 2538 731 2604 aliae
747 2560 874 2625 quoque
890 2562 941 2603 res
958 2540 1106 2605 diversae
1123 2549 1206 2605 sunt.
1231 2541 1349 2603 etenim
1366 2539 1454 2624 apud
1470 2540 1622 2604 Tacitum

224 2644 415 2731 Crepereius
442 2653 568 2708 tantum
598 2643 652 2708 ille
680 2646 764 2729 perit
794 2653 826 2708 et
852 2644 961 2730 paullo
989 2653 1061 2729 post
1085 2645 1264 2709 Acerronia
1287 2646 1389 2708 contis
1417 2653 1449 2709 et
1471 2645 1567 2709 remis
1589 2654 1623 2708 et

223 2747 395 2813 navalibus
419 2748 491 2812 telis
515 2749 684 2813 conficitur
706 2759 803 2836 atque
826 2749 1011 2835 Agrippina
1034 2750 1104 2834 ipsa
1119 2749 1316 2830 vulneratur,
1340 2749 1374 2812 in
1389 2748 1529 2812 Octavia
1544 2770 1620 2813 vcro

223 2875 329 2939 neque
353 2852 507 2939 Creperei
529 2854 791 2939 Acerroniaeque
815 2854 925 2918 caedis
948 2875 1055 2939 neque
1079 2854 1279 2939 Agrippinae
1302 2854 1445 2917 vulneris
1453 2851 1478 2938 1)
1502 2854 1621 2916 mentio

224 2958 275 3038 fit,
309 2968 420 3023 eontra
443 2981 474 3023 v.
493 2957 554 3021 327
579 2957 731 3043 legimus:
755 2958 866 3022 multos
887 2969 1027 3043 merquut
1041 2957 1124 3043 fata
1145 2956 1313 3043 profundo.
1346 2956 1465 3021 deinde
1488 2955 1619 3021 Tacitus

225 3062 443 3147 Agrippinam
466 3062 647 3150 silenteml)
669 3065 709 3127 in
732 3085 820 3128 mare
844 3062 994 3127 incidisse
1018 3063 1126 3145 tradit,
1154 3064 1187 3127 in
1210 3061 1350 3125 Octavia
1372 3069 1481 3125 autem
1504 3063 1537 3124 iu
1559 3060 1619 3125 dis·

226 3166 347 3230 solutae
363 3170 455 3231 navis
472 3178 564 3252 parte
579 3168 727 3249 haerens,
751 3178 787 3231 ut
802 3167 942 3249 videtur,
966 3178 1073 3231 vestes
1090 3166 1217 3248 scindit,
1234 3165 1357 3230 lacerat
1372 3188 1491 3245 comas,
1514 3165 1619 3230 medio

225 3274 257 3333 in
273 3273 384 3335 mortis
406 3272 552 3357 periculo
575 3272 711 3336 rhetoris
735 3293 824 3335 more
847 3271 1018 3335 declamat.
1073 3271 1130 3335 sed
1154 3272 1282 3334 etiamsi
1304 3269 1395 3354 haec,
1419 3292 1503 3355 quae
1526 3269 1618 3334 modo

224 3375 350 3460 prolata
373 3384 457 3458 sunt,
481 3385 595 3461 poetae
618 3375 793 3440 tribuenda
817 3386 899 3457 sunt,
923 3385 1033 3439 tamen
1056 3375 1099 3459 id,
1123 3374 1210 3459 quod
1233 3374 1321 3460 apud
1344 3374 1493 3438 Tacitum
1516 3373 1614 3437 disso-

160 3476 163 3482 ’
225 3479 302 3543 lutio
326 3482 428 3562 navis,
452 3473 535 3566 quae
558 3482 591 3545 in
611 3480 750 3545 Octavia
774 3482 881 3544 statim
904 3480 950 3560 lit,
973 3502 1036 3543 non
1061 3481 1214 3565 sequitur,
1239 3480 1305 3543 iam
1328 3478 1458 3542 obstare
1483 3477 1618 3561 videtur,

227 3585 396 3668 quominus
420 3594 599 3649 statuamus
622 3584 779 3649 Octaviae
803 3586 994 3669 scriptorem
1017 3607 1075 3648 sua
1098 3606 1141 3647 ex
1163 3584 1277 3648 Tacito
1300 3581 1528 3668 desumpsisse.
1564 3586 1619 3646 mi-

225 3691 311 3753 nime
334 3700 412 3753 vero
440 3689 596 3753 adsentiri
623 3711 754 3774 possum
777 3688 898 3752 Vatero
921 3687 1110 3771 iudicanti'l)
1138 3687 1223 3751 hanc
1250 3688 1283 3751 in
1310 3686 1480 3770 naufragio
1503 3686 1617 3750 descri-

225 3793 333 3858 bendo
355 3794 606 3877 discrepantiam
630 3794 767 3880 prodere
792 3802 921 3878 poetam
936 3795 1142 3857 remotiorem
1157 3791 1199 3855 ab
1215 3813 1297 3855 aevo
1313 3792 1496 3856 Neroniano
1512 3791 1615 3854 fuisse.

225 3899 344 3961 etenim
367 3899 393 3961 si
420 3899 447 3960 is
478 3900 532 3983 qui
556 3896 729 3962 Octaviam
753 3900 933 3982 composuit
963 3897 1193 3983 posterioribus
1225 3895 1425 3981 temporibus
1455 3895 1566 3959 fuisset
1587 3905 1618 3958 et

224 4004 257 4066 in
284 4001 453 4086 tragoedia
476 4025 533 4065 sua
557 4003 780 4087 componenda
803 4002 910 4066 Taciti
932 4002 1076 4066 Annales
1104 4004 1137 4066 in
1159 4023 1254 4065 usum
1281 4022 1375 4063 suum
1400 4002 1616 4081 convertisset,

225 4107 312 4193 quod
327 4106 430 4171 Vater
453 4107 523 4170 aliis
547 4106 624 4171 locis
648 4109 767 4191 statuit,
791 4130 857 4171 non
877 4106 984 4189 video,
1008 4106 1166 4192 quomodo
1189 4105 1243 4169 illc
1266 4105 1541 4190 accuratissimam
1559 4104 1615 4167 Ta-

226 4215 280 4276 citi
304 4212 554 4297 descriptionem
577 4213 737 4296 naufragii
762 4234 892 4297 prorsus
915 4212 1089 4295 neglegere
1113 4219 1145 4273 et
1167 4232 1236 4274 rem
1259 4210 1351 4275 aliter
1372 4210 1545 4295 depingere
1565 4231 1615 4293 po-

226 4382 432 4391 ———--

331 4458 352 4524 ¹)
372 4458 533 4524 Scriptorum
552 4463 643 4508 tamen
662 4458 731 4508 bene
745 4456 870 4507 edoctum
888 4470 947 4506 esse
960 4456 1081 4506 videmus
1100 4470 1133 4505 ex
1146 4471 1189 4505 vv.
1203 4457 1253 4504 954
1263 4471 1310 4520 sq,
1328 4455 1375 4504 ubi
1387 4454 1549 4519 Agrippinae
1561 4453 1613 4502 vul·

228 4553 337 4596 aeratae
354 4548 455 4596 mentio
474 4545 512 4595 fit.

331 4635 350 4697 ²)
371 4634 409 4684 cf.
430 4652 460 4699 p·
475 4636 533 4682 605.
