3392 5067
343 170 472 234 332

342 360 674 446 Euphron.
758 361 828 442 12
906 361 1015 426 διὰ
1088 363 1163 425 τὸ
1246 367 1439 441 νοεῖν,
1517 382 1930 446 pronomen
2013 361 2579 445 praepositioni
2654 362 3141 450 adiunctum:

342 463 539 527 Alex.
574 463 728 545 1358
778 462 890 528 ἐπὶ
933 459 1018 541 τί,
1065 463 1262 549 Diph.
1313 464 1427 544 645
1474 465 1605 529 ὑπό
1648 489 1729 545 τι,
1779 463 2193 548 particula:
2269 464 2503 529 Eubul.
2555 464 2669 548 821
2720 467 2852 551 ἅμα
2899 468 2970 533 δὲ
3015 468 3146 533 λα-

340 563 544 649 βοῦσ’,
597 567 754 648 1192
810 565 921 633 ἕνα
978 572 1094 653 γὰρ
1148 568 1403 648 ἐκεῖνον,
1461 568 1697 654 Amph.
1758 568 1874 651 232
1936 574 2115 653 παρὰ
2177 569 2245 633 δὲ
2304 569 2588 658 Σινώπῃ,
2650 568 2919 636 Ρ11110111.
2974 571 3144 654 1432

342 672 471 736 ὑπὸ
516 676 631 756 γὰρ
678 668 913 753 ἀνοίας,
960 671 1135 735 Μο11.
1184 670 1347 754 5752
1392 672 1504 756 ἐμὲ
1553 669 1641 752 δέ,
1691 671 1834 737 Bat.
1886 672 1978 754 72‘
2005 670 2151 738 τίνα
2194 676 2308 757 γὰρ
2355 668 2503 754 ἔχει.

552 775 964 860 Quamquam
1010 785 1226 839 autem
1271 774 1493 858 verba,
1559 774 1793 860 quibus
1847 775 2218 841 tribrachus
2277 776 2576 858 efficitur,
2640 787 2739 842 sat
2784 788 2923 842 arte
2966 780 3148 842 inter

344 901 411 943 se
473 879 847 961 cohaerent,
916 888 1133 943 tamen
1194 878 1360 943 haec
1420 879 1648 944 solutio
1710 882 1924 945 minus
1986 880 2246 964 elegans
2309 880 2586 977 dicenda
2645 891 2773 964 est,
2835 883 2985 967 quia
3045 884 3146 945 in-

345 985 498 1048 cisio
544 983 620 1046 fit
665 991 811 1068 post
855 985 1135 1069 priorem
1181 986 1341 1048 arsis
1396 983 1639 1050 solutae
1696 984 2018 1069 syllabam
2075 1034 2119 1054 υ
2145 995 2190 1055 l,
2233 987 2242 1052 1
2284 1009 2369 1066 υς
2417 987 2760 1073 primarius
2817 987 2988 1050 enim
3043 987 3147 1049 in-

343 1089 600 1153 cisionis
655 1087 833 1151 locus
893 1089 961 1151 in
1014 1088 1345 1153 tribracho
1399 1097 1545 1174 post
1598 1088 1832 1152 thesim
1895 1100 1992 1152 est
2056 1138 2102 1158 a
2144 1091 2152 1154 Ι
2193 1099 2239 1158 J,
2265 1138 2339 1160 ψ.
2434 1112 2634 1175 quare
2696 1091 2823 1154 duo
2883 1098 3151 1154 tantum

343 1192 519 1277 apud
571 1192 955 1277 Euripidem
1010 1193 1426 1257 inveniuntur
1481 1194 1617 1256 eius
1674 1195 1768 1256 rei
1822 1193 2141 1278 exempla,
2198 1192 2446 1258 nullum
2501 1193 2675 1279 apud
2731 1192 3150 1278 Aeschylum

344 1306 457 1361 aut
500 1296 908 1381 Sophoclem.
1001 1296 1190 1383 plura
1235 1296 1410 1382 apud
1455 1296 1961 1381 Aristophanem
2006 1297 2326 1382 leguntur.
2354 1298 2398 1382 ¹)

552 1401 635 1466 D.
713 1399 1303 1484 Neglegentissima
1347 1400 1660 1465 tribrachi
1708 1400 1913 1466 forma
1959 1402 2199 1485 existit,
2263 1403 2316 1464 si
2376 1400 2659 1465 efficitur
2702 1402 2755 1463 is
2802 1399 3138 1486 bisyllabo

344 1514 410 1568 et
453 1506 733 1590 proximi
779 1504 1082 1569 vocabuli
1127 1507 1327 1588 initi0‚
1389 1507 1540 1590 quia
1582 1505 1697 1569 tali
1746 1505 2249 1570 conformatione
2295 1507 2520 1570 incisio
2567 1505 2677 1570 illa
2720 1489 3009 1588 molesta,
3054 1505 3148 1569 de

347 1631 475 1694 qua
519 1609 710 1674 modo
755 1608 963 1673 verba
1007 1608 1298 1686 fecimUS,
1341 1619 1487 1694 post
1525 1610 1807 1695 priorem
1844 1612 2005 1674 arsis
2047 1610 2290 1674 solutae
2331 1608 2653 1696 syllabam
2693 1613 2901 1694 magis
2943 1612 3148 1675 etiam

344 1714 679 1799 premitur.
772 1735 967 1798 quam
1022 1712 1104 1777 ob
1160 1734 1297 1777 rem
1360 1736 1441 1777 ne
1503 1713 1852 1799 Euripides
1924 1714 2183 1799 quidem
2242 1715 2354 1778 tali
2425 1713 2754 1779 tribracho
2809 1736 2962 1778 usus
3017 1723 3143 1780 est.

345 1819 592 1902 primus
638 1840 787 1882 eum
832 1817 1095 1881 admisit
1147 1817 1615 1904 Aristophanes
1662 1827 1856 1903 atque
1901 1820 1956 1882 is
2003 1820 2378 1902 saepissime
2424 1820 2490 1883 in
2536 1820 2744 1903 primo
2791 1817 2976 1904 pede,
3024 1817 3148 1883 ubi

343 1923 615 1986 fortasse
670 1945 801 1987 non
856 1932 1103 1986 tantam
1162 1921 1503 1987 adferebat
1547 1922 1908 1987 molestiam
1955 1933 2263 2007 quantam
2309 1925 2375 1986 in
2421 1922 2563 1986 aliis
2609 1922 2892 1987 sedibus
2987 1944 3148 1987 cum

346 2029 517 2092 enim
561 2029 773 2113 prima
802 2049 1030 2091 versus
1076 2026 1398 2091 vocabula
1442 2049 1571 2093 uno
1618 2030 1803 2112 quasi
1834 2029 2014 2092 vocis
2061 2026 2539 2110 redintegratae
2585 2029 2815 2114 spiritu
2860 2049 3145 2113 pronun—

347 2134 606 2214 tientur,
662 2133 888 2196 incisio
941 2132 1049 2196 illa
1095 2153 1222 2195 non
1277 2141 1412 2196 tam
1456 2133 1711 2215 ingrate
1759 2132 1842 2196 ad
1889 2153 2076 2196 aures
2122 2131 2364 2196 accidit
2407 2132 2740 2196 vocabulis
2785 2142 2923 2196 arte
2969 2134 3147 2195 inter

348 2258 417 2301 se
466 2237 869 2300 consociatis
948 2257 1115 2321 quae
1159 2259 1263 2300 res
1309 2236 1501 2321 plane
1550 2236 1726 2299 cadit
1769 2239 1835 2300 in
1880 2236 2052 2300 locos
2094 2258 2250 2321 quos
2290 2237 2397 2300 hic
2438 2237 2717 2302 exhibeo
2765 2245 3140 2321 congestos:

347 2341 694 2407 Anaxand.
729 2341 846 2422 335
880 2340 994 2406 ἐπὶ
1021 2339 1183 2422 τίνα,
1226 2340 1467 2426 Amph.
1506 2341 1615 2421 147
1654 2342 1907 2427 σφόδρα
1939 2341 2444 2429 φιλονεικοῦσαν,
2491 2341 2816 2427 *Epicrat.
2854 2340 2923 2423 71
2975 2340 3141 2422 λαβὲ

346 2448 703 2531 τριόδοντα,
746 2446 1020 2531 Dionys,
1063 2445 1165 2528 225
1200 2450 1379 2530 παρά
1422 2467 1609 2525 τισιν,
1651 2445 1914 2509 Heracl.
1954 2447 2027 2529 14
2077 2443 2186 2510 ἕνα
2230 2447 2624 2532 κατακόψας,
2665 2444 2936 2509 Ρ11110111.
2975 2445 3140 2527 1222

348 2549 469 2616 ὅσα
517 2552 910 2638 δαπανήσας,
949 2551 1105 2632 1442
1150 2555 1353 2634 Μάγα
1396 2552 1809 2634 κακόδαιμον,
1860 2550 2013 2634 1501
2066 2551 2187 2616 ὅσα
2236 2551 2343 2616 διὰ
2387 2553 2551 2631 τούς,
2599 2549 2770 2614 Μο11.
2808 2549 2925 2632 852
2957 2555 3143 2634 παρὰ

347 2653 493 2736 τίνι,
564 2655 721 2738 6881
788 2656 898 2739 ἐμὲ
968 2651 1025 2721 δ’
1074 2653 1395 2736 ἀδικείτω,
1457 2653 1756 2739 Apollod.
1827 2655 1966 2738 1310
2030 2653 2189 2721 ὅθεν
2248 2656 2576 2741 ἐπιχειρεῖ,
2637 2653 2966 2739 Anaxipp.
3036 2657 3141 2737 123

348 2757 461 2843 ἐμὲ
504 2761 916 2846 κατακόψεις,
966 2760 1062 2841 117
1114 2760 1219 2826 ἵνα
1274 2757 1601 2845 διεγείρας,
1650 2761 2010 2845 Hegesipp.
2065 2761 2165 2843 12Ο
2211 2761 2369 2845 ὅπερ
2425 2758 2536 2824 ἐπὶ
2579 2766 2724 2839 τῶν,
2775 2757 2979 2843 Sosip.
3035 2759 3135 2840 11-1

349 2862 497 2948 περὶ
543 2867 811 2950 φύσεως,
859 2863 1189 2949 Euphron.
1243 2866 1339 2947 126
1388 2865 1591 2929 πολὺν
1643 2861 1976 2950 ἐποίησας,
2030 2866 2140 2945 113
2197 2863 2349 2929 ὁδὸν
2403 2861 2732 2945 ἀπέχοντι.
2824 2885 2981 2948 prae
3039 2884 3140 2926 ce-

349 2969 503 3032 teris
549 2975 767 3031 autem
812 2968 1133 3032 notandus
1175 2978 1271 3031 est
1304 2968 1646 3032 Menandri
1684 2968 1886 3052 locuS,
1935 2968 2079 3032 dico
2118 2968 2308 3050 4811Ο
2359 2967 2563 3049 ὄχλος,
2611 2970 2827 3051 ἀγορά,
2876 2988 3002 3053 0110
3049 2968 3142 3030 111-

351 3075 503 3137 cisio
551 3074 745 3137 etiam
790 3074 1014 3156 augeri
1045 3072 1305 3137 videtur
1352 3074 1887 3157 interpunctione.
1948 3090 2358 3157 ’quamquam
2397 3074 2570 3135 enim
2611 3071 2996 3152 sumendum
3043 3083 3146 3135 est

349 3179 416 3240 in
463 3178 941 3263 pronuntiando
1002 3178 1115 3241 tali
1169 3176 1385 3240 indice
1429 3199 1647 3242 rerum
1694 3178 1997 3242 similium
2056 3198 2327 3261 pausam
2383 3176 2558 3240 haud
2613 3197 2916 3260 magnam
2971 3178 3144 3239 inter

352 3283 605 3366 singula
651 3282 859 3347 verba
901 3282 1061 3365 fieri,
1108 3291 1327 3346 tamen
1373 3282 1459 3366 id,
1508 3281 1682 3366 quod
1731 3282 1812 3346 de
1859 3284 2089 3346 ceteris
2135 3281 2294 3345 locis
2342 3282 2703 3364 statuimus,
2751 3281 2955 3345 verba
3000 3290 3143 3344 arte

348 3388 515 3450 inter
587 3409 655 3451 se
720 3387 1087 3469 cohaerere,
1159 3386 1239 3450 de
1297 3386 1421 3451 hoc
1478 3386 1622 3452 loco
1682 3386 2052 3474 praedicari
2111 3409 2239 3451 non
2298 3395 2530 3471 potest.
2622 3386 3143 3450 molestissimam

348 3492 545 3576 igitur
612 3513 754 3556 esse
817 3492 987 3557 hanc
1058 3493 1435 3556 incisionem
1503 3490 1629 3557 hoc
1686 3493 1754 3555 in
1808 3514 2003 3556 versu
2073 3491 2550 3576 pronuntiando
2621 3491 2764 3574 quis
2825 3499 2924 3554 est
2985 3491 3146 3575 quin

350 3597 631 3661 sentiat?

829 3791 887 3854 3.
979 3789 1392 3855 Tribrachi
1466 3812 1559 3853 ex
1632 3790 1873 3854 ternis
1949 3786 2658 3872 constantvverbiS.

560 3946 639 4010 A.
718 3945 1127 4028 Compositus
1198 3955 1291 4010 est
1360 3933 1728 4009 tribrachus
1796 3967 1881 4008 ex
1948 3943 2200 4008 duobus
2274 3942 2742 4029 monosyllabis
2820 3951 2885 4004 et
2959 3942 3143 4005 initio

350 4051 629 4137 proximi
684 4049 984 4115 vocabuli
1049 4050 1510 4136 septemdecim
1574 4049 1758 4114 locis:
1850 4048 2119 4134 Antiph.
2183 4049 2338 4130 113⁵
2396 4048 2431 4113 ὁ
2484 4053 2566 4113 τὰ
2618 4048 2938 4136 κεφάλαια
2991 4067 3143 4130 συγ-

561 4295 599 4362 ¹)
639 4296 716 4346 Of.
756 4312 897 4362 quae
935 4296 1064 4346 dicit
1099 4295 1329 4362 Rumpel
1376 4296 1513 4344 Phil.
1551 4295 1802 4357 XXVIII,
1841 4296 1966 4344 607:
2015 4292 2282 4345 ‘wahrend
2327 4295 2414 4344 bei
2461 4295 2644 4344 diesen
2693 4294 2944 4358 (tragicos
2988 4291 3142 4356 dicit)

351 4383 438 4432 die
475 4383 767 4449 Trennung
804 4388 934 4433 stets
969 4384 1149 4434 hinter
1185 4384 1279 4432 der
1316 4388 1493 4432 ersten
1529 4383 1708 4431 Kiirze
1745 4383 1952 4433 eintritt
1988 4412 2054 4419 —
2079 4398 2182 4432 nur
2218 4382 2345 4431 Eur.
2383 4382 2478 4432 hat
2515 4383 2646 4431 zwei
2685 4381 3031 4430 Ausnahmen
3059 4410 3141 4443 —,

350 4471 419 4518 ist
463 4471 548 4519 bei
593 4470 979 4537 Aristophanes
1025 4473 1145 4522 eine
1190 4471 1340 4520 nicht
1376 4468 1841 4519 unbetrachtliche
1885 4470 2015 4519 Zahl
2061 4486 2119 4519 so
2157 4469 2412 4534 gebildet‚
2450 4469 2570 4519 dass
2608 4469 2696 4519 die
2731 4468 2926 4517 beiden
2965 4472 3144 4518 ersten

351 4558 568 4606 Kiirzen
604 4556 912 4610 demselben
950 4559 1136 4611 Worte
1172 4557 1513 4624 angehoren’.
1586 4555 1710 4607 vide
1746 4573 1886 4623 quae
1924 4558 1990 4608 de
2027 4558 2213 4607 eadem
2249 4571 2308 4606 re
2344 4558 2593 4622 exposuit
2629 4555 2790 4606 Klotz
2827 4571 2878 4620 p.
2917 4555 3032 4604 252.
