3392 5067
151 249 212 311 102

147 440 221 524 qaid
243 440 428 524 exprimitur
450 460 552 522 proce.
591 438 649 501 sed
676 446 713 500 ut
740 436 782 501 ab
806 458 854 518 eo,
883 435 968 521 quod
991 436 1103 499 ultimo
1130 436 1199 499 loco
1223 437 1398 519 posuimus,
1421 440 1549 501 initium

148 545 314 622 faciamus,
337 543 424 606 Nero
440 565 471 605 v.
487 541 551 605 458
573 564 638 605 non
661 540 757 626 plane
780 541 868 603 idem
891 540 979 624 dicit,
996 540 1082 624 quod
1102 542 1135 603 in
1155 539 1226 625 boc,
1248 562 1345 625 quem
1360 549 1546 619 tractamus,

147 670 245 712 versu
260 657 322 729 est3
343 668 418 710 nam
435 645 582 729 gradatio
598 648 681 709 inest
695 648 728 709 in
743 645 793 708 his
808 644 935 709 verbis:
953 645 1034 707 decet
1051 645 1152 706 timeri
1167 697 1173 709 .
1189 693 1195 706 .
1213 654 1348 707 metuont
1364 666 1480 708 necesse
1495 656 1545 709 est.

147 753 232 817 adde
249 752 335 837 quod
351 752 403 814 hie
419 773 532 814 versus
548 752 631 814 decet
647 751 749 813 timeri
760 751 932 814 Caesarem.
950 788 992 797 -
1008 749 1126 835 utplus
1142 750 1233 835 diliqi
1253 752 1371 835 optime
1387 750 1547 815 rhetorico

147 854 312 921 scribendi
336 857 446 939 generi
471 857 637 935 convenit3
667 877 764 940 quem
788 858 813 918 si
837 854 993 936 delemus,
1019 856 1238 919 controversia
1261 876 1377 919 manca
1399 855 1444 937 fit,
1474 856 1548 940 quia

146 962 347 1024 tritissimum
363 960 443 1023 illud
466 958 623 1021 dominura
645 959 745 1044 dilipi,
769 983 831 1022 aon
855 960 958 1023 timeri
980 957 1086 1023 debere
1109 962 1173 1023 iam
1196 981 1258 1023 non
1283 980 1474 1044 expressum
1490 970 1548 1023 est.

148 1066 233 1150 quod
257 1086 334 1128 vcro
363 1064 405 1127 ad
432 1064 584 1127 metricas
612 1065 806 1128 offensiones
836 1065 959 1140 attinet,
990 1086 1071 1154 quas
1094 1064 1163 1127 Leo
1187 1064 1349 1127 detexisse
1378 1064 1439 1127 sibi
1461 1064 1549 1127 vide-

147 1180 209 1248 tur,
239 1191 294 1232 eas
324 1168 439 1233 adesse
471 1190 562 1251 nego.
613 1169 702 1252 apud
730 1168 889 1233 Senecam
920 1169 1006 1233 enim
1037 1170 1222 1253 saepissime
1253 1170 1391 1231 creticus
1422 1171 1454 1232 in
1484 1168 1550 1231 fine

147 1297 262 1337 versus
292 1295 357 1336 non
385 1271 570 1335 coalescens
599 1272 726 1357 syllaba
749 1272 963 1337 antecedente
992 1271 1089 1355 longa
1118 1270 1321 1356 invenitur,¹)
1353 1295 1413 1335 nec
1442 1272 1548 1348 video,

149 1402 207 1442 cur
239 1375 398 1442 Octaviae
433 1379 584 1459 scriptor,
623 1398 819 1461 quamquam
853 1379 886 1440 in
921 1376 1082 1441 nonnullis
1115 1377 1213 1442 rebus
1249 1379 1426 1440 severiores
1461 1376 1551 1461 leges

148 1504 245 1567 quam
277 1484 346 1567 ipse
378 1481 504 1546 Seneca
536 1490 666 1544 secutus
701 1491 763 1560 est,
795 1505 837 1545 ne
868 1503 932 1545 uno
963 1482 1095 1565 quidem
1125 1482 1208 1546 loco'
1224 1481 1258 1544 id
1289 1481 1350 1546 sibi
1380 1480 1550 1565 indulgere

61 1597 66 1606 '
148 1588 299 1671 potuerit,
324 1586 409 1670 quod
434 1585 559 1650 Seneca
582 1587 770 1669 saepissime
794 1586 855 1649 sibi
879 1584 1020 1667 indulsit,
1046 1589 1238 1672 praesertim
1262 1608 1335 1649 cum
1359 1588 1458 1649 etiam
1479 1585 1551 1649 aliis

147 1691 227 1754 locis
253 1715 273 1755 a
297 1691 459 1753 communi
486 1690 600 1773 regula
623 1689 821 1771 discesserit,
844 1690 945 1753 veluti
972 1689 1171 1775 bisyllabum
1200 1689 1335 1755 bibreve
1361 1710 1424 1753 non
1449 1689 1550 1753 coale-

148 1818 242 1858 scens
271 1817 344 1859 eum
373 1797 492 1858 cretico
517 1817 547 1857 v.
572 1794 635 1857 393
657 1817 750 1876 porrus
772 1795 901 1880 impium
929 1803 1029 1879 extat,
1059 1797 1150 1859 cuius
1172 1797 1219 1859 rei
1242 1793 1393 1880 exempla
1419 1796 1452 1857 in
1475 1793 1550 1857 solis

148 1900 300 1963 Herculis
324 1898 440 1962 Oetaei
463 1922 517 1962 vv.
541 1898 616 1981 406,
640 1898 713 1982 757,
740 1899 822 1962 1047
846 1898 1095 1985 inveniuntur.²)
1130 1900 1217 1963 idem
1239 1920 1318 1963 vero
1341 1899 1382 1961 de
1406 1898 1550 1982 synaloe-

147 2005 212 2090 pha
235 2003 332 2068 valet.
373 2002 499 2067 Seneca
523 2005 608 2067 enim
632 2002 866 2088 synaloepham
895 2025 1000 2089 saepe,
1033 2003 1222 2089 plerumque
1249 2006 1281 2066 in
1307 2001 1549 2087 monosyllabis,

147 2109 180 2172 in
214 2111 473 2192 interpunctione
505 2106 649 2187 admisit,
687 2129 845 2191 personae
879 2118 988 2173 autem
1027 2116 1193 2172 mutantur
1226 2106 1288 2191 Ag.
1313 2130 1343 2171 v.
1370 2106 1433 2169 794
1461 2104 1548 2193 [Agl

147 2213 245 2274 credis
267 2213 370 2275 cidere
393 2224 420 2275 te
442 2212 555 2274 Iliam?
586 2210 700 2299 [Cass]
729 2223 758 2274 et
781 2212 943 2275 Priamum
966 2212 1067 2290 simol,
1096 2233 1192 2298 quem
1215 2234 1346 2276 versum
1373 2234 1407 2274 se
1434 2212 1551 2275 iniuria

146 2316 338 2379 indubium
361 2338 495 2380 vocasse
518 2316 587 2381 Leo
610 2318 680 2401 ipse
709 2316 897 2401 concedit.³)
937 2326 1028 2401 putat
1056 2327 1164 2381 autem
1188 2316 1346 2381 Octaviae
1373 2317 1443 2381 loco
1467 2339 1486 2380 a
1508 2314 1551 2378 la·

148 2422 213 2483 tino
239 2423 368 2484 nomine
398 2422 642 2485 excusationem
669 2442 733 2483 non
761 2431 907 2505 paratam
935 2444 1014 2503 esse,
1047 2444 1144 2505 quam
1168 2421 1423 2505 Agamemnonis
1442 2421 1551 2483 versui

148 2547 190 2588 ex
221 2546 339 2607 graeco
370 2527 500 2588 nomine
533 2527 641 2609 parari
676 2526 855 2607 contendit,
895 2526 980 2609 quod
1016 2526 1190 2590 discrimen
1229 2526 1380 2610 equidem
1411 2534 1550 2587 statuere

148 2628 230 2691 nolo.
276 2631 384 2714 itaque
416 2630 520 2712 magis
552 2630 660 2714 placet
682 2630 718 2692 B.
745 2628 948 2713 Schmidtiir)
978 2640 1010 2693 et
1032 2631 1070 2693 L.
1096 2630 1257 2713 Mallote)
1289 2630 1461 2712 sententia,
1497 2630 1551 2714 qui

148 2732 190 2795 ab
217 2740 354 2817 utroque
382 2733 452 2797 loco
476 2756 590 2797 manus
615 2735 830 2813 retinuerunt,
861 2757 934 2797 cum
957 2737 991 2797 in
1013 2736 1142 2798 nomine
1165 2736 1295 2819 proprio
1319 2737 1395 2798 satis
1419 2755 1552 2797 excusa-

147 2839 242 2899 tionis
273 2839 377 2900 inesse
407 2838 651 2901 arbitrarentur.
698 2847 842 2901 ceterum
876 2841 941 2903 iam
974 2848 1070 2903 antea
1106 2838 1228 2903 dictum
1263 2848 1311 2903 est
1345 2841 1413 2901 veri
1449 2837 1550 2902 simile

150 2963 220 3012 esse
245 2939 404 3005 Octaviae
433 2944 622 3026 scriptorem
651 2965 698 3017 ea,
727 2964 810 3026 quae
838 2946 872 3005 in
895 2942 1038 3006 Senecae
1061 2942 1143 3006 libro
1167 2944 1191 3007 l.
1221 2943 1261 3006 de
1286 2944 1455 3007 clementia
1479 2964 1550 3005 con-

150 3048 269 3131 scripto
296 3046 463 3127 leguntur,
494 3046 649 3109 imitando
680 3048 865 3130 exprimere
893 3046 1042 3110 voluisse.
1089 3070 1164 3110 cum
1194 3048 1244 3109 his
1272 3057 1381 3110 autem
1404 3046 1552 3111 versibus

143 3149 590 3237 ferrum‘tueturzprineipem
612 3190 649 3194 —
672 3150 779 3212 melius
791 3150 874 3232 fides
897 3190 931 3195 -
951 3152 1037 3237 'decet
1056 3154 1158 3213 timori
1175 3149 1336 3214 Cossorum
1360 3190 1401 3197 —
1426 3163 1458 3213 ot
1477 3151 1552 3235 plus

150 3253 242 3337 clitipi
273 3253 410 3317 conferri
439 3265 586 3337 possunt,
616 3277 699 3338 quae
729 3255 781 3317 De
805 3254 905 3319 (ilem.
930 3255 947 3318 Ι
972 3256 1021 3337 19,
1045 3255 1124 3339 bsq.
1150 3266 1277 3319 extant:
1309 3266 1402 3331 erret,
1431 3256 1459 3317 si
1485 3256 1552 3339 quis

150 3359 305 3421 orcistimut
329 3370 427 3421 tutam
441 3383 511 3423 esse
534 3360 579 3422 ibi
600 3383 709 3445 repent,
733 3360 789 3422 riti
810 3361 888 3423 nibil
911 3386 931 3423 o
954 3384 1023 3444 repe
1046 3372 1159 3437 tutum,
1186 3362 1240 3424 scd
1262 3362 1412 3423 seertritos
1439 3359 1550 3423 secari-

151 3473 212 3525 tute
236 3473 343 3525 marino
362 3464 552 3548 paciscendo
577 3476 628 3527 cst.
736 3465 856 3527 solvunt
878 3488 976 3548 repent
1000 3468 1032 3527 iu
1056 3476 1163 3549 operto
1186 3465 1346 3528 clementio
1363 3463 1551 3549 praestabit.

150 3590 244 3628 arram
277 3578 319 3629 est
352 3568 590 3653 inexpugnabile
621 3570 840 3631 murrimeatum
876 3592 964 3631 umor
997 3571 1117 3633 cic-inm.
1156 3570 1205 3632 his
1237 3571 1335 3652 igitur
1371 3568 1411 3631 de
1446 3570 1551 3633 causis

151 3692 283 3734 versum
308 3674 362 3748 sic,
387 3682 423 3736 ut
446 3673 593 3754 traditur,
617 3697 636 3736 a
659 3674 824 3758 scriptoris
848 3694 945 3736 manu
968 3674 1150 3758 profectum
1175 3695 1245 3737 esse
1270 3674 1437 3737 contende.
1636 3748 1639 3755 ¹

254 3775 318 3838 Vv.
342 3776 466 3861 460sq.
492 3779 538 3839 sic
561 3777 718 3841 exhibent
741 3777 828 3840 libri:
859 3775 959 3864 [Ner]
987 3788 1125 3841 statuum
1152 3781 1224 3862 ipse.
1255 3776 1352 3865 [Sem]
1380 3800 1459 3862 qttoe
1482 3799 1550 3839 coa·

150 3901 255 3941 sensus
275 3879 387 3964 efficiet
409 3892 491 3945 roto.
514 3881 518 3965 l
539 3879 638 3968 [Ner]
663 3882 819 3967 despectus
841 3882 920 3944 ensis
936 3882 1047 3968 faciet.
1074 3880 1172 3970 [Sem]
1195 3884 1249 3945 lzoc
1271 3881 1352 3945 obsit
1374 3881 1474 3968 nefus.
1510 3881 1552 3944 ad

153 4074 360 4081 ——a-———-

257 4195 276 4259 ¹)
296 4193 335 4243 Of.
356 4195 456 4243 Leonis
474 4194 514 4244 ed.
534 4196 607 4245 158.

257 4279 278 4348 2)
298 4281 337 4332 cf.
358 4282 497 4331 Schmidtii
516 4282 577 4331 diss.
596 4299 621 4348 p.
641 4284 682 4333 53.

257 4367 278 4437 3)
298 4367 338 4417 cf.
356 4368 475 4418 Hermae
493 4369 518 4417 X
535 4370 587 4418 439
606 4369 667 4419 adn.
688 4372 701 4418 1
721 4376 749 4419 et
766 4370 807 4421 ed.
826 4371 839 4419 I
858 4372 900 4431 59,
919 4370 982 4421 adn.
1001 4371 1025 4420 8.

257 4453 278 4521 4)
297 4455 337 4505 cf.
357 4457 415 4504 eius
433 4456 494 4505 diss.
513 4472 539 4520 p.
558 4458 599 4506 20.

258 4541 277 4604 5)
298 4540 336 4591 cf.
361 4557 429 4606 quae
453 4544 481 4590 in
499 4542 568 4592 Anu.
588 4542 657 4591 Phil.
677 4544 858 4593 LXXXVIIII
879 4545 931 4593 423
956 4544 1115 4611 disputavit;
1142 4560 1251 4595 necesse
1273 4546 1356 4611 igitur
1379 4550 1502 4609 nonest,
1523 4549 1554 4595 ut

154 4642 216 4676 cum
234 4628 361 4678 Richtero
380 4629 441 4677 diss.
460 4647 486 4695 p.
506 4631 521 4679 3
539 4636 566 4679 ot
584 4628 730 4679 deleamus.
