3392 5067
1451 219 1513 285 309

116 409 205 473 velut
233 415 262 475 B
291 409 353 472 192
375 416 411 475 ού
434 414 492 494 γάρ
514 434 568 474 πω
592 413 681 495 σάφα
704 401 795 475 οἶσθ’
811 400 880 490 οἶος
900 412 973 490 νόος
987 405 1185 497 Ἀτρείωνος,
1209 416 1239 474 Γ
1258 410 1310 492 53,
1335 414 1362 474 E
1383 410 1456 494 222,
1480 415 1517 475 Η

116 513 190 595 227,
218 518 257 578 Λ
284 514 356 593 653,
387 520 422 578 Ν
440 513 514 596 275,
543 514 562 579 δ
585 512 648 575 689
671 514 745 578 οὐδὲ
761 565 769 579 .
787 567 794 578 .
813 566 820 579 .
837 516 965 580 ἀκούετε
982 565 989 579 .
1007 566 1014 580 .
1032 505 1100 594 οἶος
1114 510 1288 594 Ὀδυσσεὺς
1309 509 1391 595 έσκε,
1419 538 1437 579 ο
1460 512 1513 596 20,

116 640 136 680 τ
158 615 231 698 218,
262 643 281 681 o
303 616 376 701 237,
406 628 436 703 ψ
461 616 536 697 175,
567 641 586 680 κ
608 615 651 680 45
680 621 808 683 θᾶσσον
830 619 990 702 ἰδώμεθα,
1021 618 1090 683 δ’ττι
1119 613 1302 698 τάδ’έστίν,
1323 617 1327 702 l
1348 619 1445 695 ὅσσος
1465 641 1515 696 τις

116 723 230 806 χρυσός
251 745 286 786 τε
308 720 363 786 καί
385 723 517 809 άρμυρος
539 724 626 808 ἀσκῷ
649 716 779 787 ένεστιν.
796 721 881 786 adde
897 723 975 786 Hes.
993 723 1115 807 Theog.
1133 722 1194 787 651
1211 726 1405 810 μνησάμενοι
1420 722 1514 808 φιλό-

115 849 209 910 τητος
235 825 352 912 ἐνηέος,
379 826 461 891 δ’σσα
488 828 653 904 παθόντες
676 825 681 910 Ι
705 827 738 904 ἐς
764 831 847 912 φάος
871 825 1039 913 ἀφίκεσθε,
1064 826 1196 892 Pindar.
1213 826 1309 912 Pyth.
1326 825 1360 888 Il
1383 823 1425 887 72
1447 813 1515 904 οἷος

116 927 188 993 ἐσσί
218 934 349 1013 μαθών,
382 930 423 993 cf.
444 930 460 992 Ι
483 930 536 1013 47,
567 929 618 994 ΠΙ
641 928 691 1006 60,
716 930 817 994 VIIII
842 930 913 1011 113,
939 931 1037 1018 Soph.
1059 933 1136 994 Ant.
1158 930 1221 994 693
1248 927 1321 1014 ἐμοί
1344 925 1373 996 δ’
1390 929 1515 994 ἀκούειν

115 1027 190 1098 ἔσθ’
204 1036 269 1099 ὑπὸ
292 1036 408 1099 σκότου
430 1034 517 1114 τάδε,
538 1033 543 1118 Ι
563 1038 619 1120 τὴν
641 1033 747 1099 παῖδα
769 1035 887 1120 ταύτην
911 1024 954 1102 οἷ’
976 1036 1121 1120 ὀδύρεται
1144 1036 1252 1114 πόλις,
1278 1034 1319 1098 cf.
1341 1033 1423 1097 Oed.
1445 1031 1512 1097 Ool.

120 1137 212 1200 1013.
258 1158 363 1221 neque
386 1137 475 1221 apud
499 1138 674 1222 scriptores
698 1138 863 1222 prosaicos
895 1138 1011 1203 desunt
1034 1139 1186 1224 exempla
1208 1139 1335 1203 relativi
1356 1139 1402 1202 ita
1425 1159 1513 1200 usur-

117 1243 194 1325 pati.
218 1240 376 1305 Herodoti
401 1249 451 1304 sat
473 1241 590 1305 multos
613 1241 700 1305 locos
723 1242 864 1306 Steinius
887 1242 1016 1327 collegit
1028 1244 1052 1329 ¹)
1075 1243 1118 1308 ad
1142 1243 1215 1308 156
1238 1241 1401 1330 ἐφρόντιζε
1424 1235 1515 1306 ἱστο-

117 1343 204 1430 ρέων,
228 1351 303 1425 τοὺς
323 1347 362 1410 άν
384 1347 623 1436 προσκτήσαιτο
646 1344 767 1432 φίλους,
792 1368 876 1431 quae
898 1347 1172 1412 verbaKuehner
1188 1348 1304 1411 mirum
1326 1348 1359 1409 in
1382 1344 1514 1410 modum

117 1449 274 1535 explicat:
298 1450 491 1536 diejenigen,
512 1449 644 1514 welche.
684 1449 821 1514 similem
837 1451 1088 1536 explicationem
1108 1451 1196 1516 hand
1213 1453 1278 1516 scio
1298 1473 1340 1514 an
1361 1449 1515 1513 adhibeat

116 1555 196 1637 loce,
221 1555 276 1639 qui
298 1555 416 1639 legitur
437 1554 489 1618 III
511 1555 551 1617 51
584 1549 759 1641 ἱστορέων.
777 1558 841 1619 .τὰ
865 1555 1016 1643 διελέχθη
1033 1609 1040 1622 .
1058 1608 1065 1621 .
1083 1555 1141 1620 sed
1170 1557 1216 1620 ita
1244 1554 1390 1642 profecto
1413 1552 1514 1639 expli-

117 1661 184 1753 cari
214 1661 327 1744 nequit
358 1659 407 1722 VI
432 1658 494 1722 124
524 1658 560 1737 ὃς
588 1657 698 1742 μέντοι
726 1657 765 1747 ἦν
794 1659 812 1725 ὁ
840 1659 1008 1742 ἀναδέξας,
1038 1665 1094 1726 οὐκ
1116 1657 1179 1742 έχω
1201 1657 1388 1745 προσοτέρω
1410 1659 1514 1724 εἰπεῖν

116 1767 248 1846 τούτων,
272 1762 329 1827 ubi
351 1762 438 1827 nullo
461 1773 557 1848 pacto
582 1763 725 1848 suppleri
749 1773 856 1848 potest
878 1773 1004 1845 τοῦτον,
1036 1764 1077 1829 cf.
1095 1765 1161 1828 VII
1184 1764 1292 1844 37,11
1317 1763 1418 1849 εἴρετο
1440 1767 1515 1840 τούς

115 1871 243 1951 μάγους,
267 1870 305 1932 τδ
327 1866 440 1933 ἐθέλοι
462 1861 653 1954 προφαίνειν
674 1871 712 1932 τό
727 1871 851 1954 φάσμα,
874 1868 931 1932 ubi
946 1869 1041 1933 modo
1056 1871 1127 1955 ipso
1144 1869 1297 1933 docemur
1313 1867 1513 1931 enuntiatum

116 1994 187 2035 esse
218 1971 530 2056 interrogativum.·2)
569 1969 654 2035 adde
686 1969 726 2035 de
756 1993 818 2035 usu
848 1974 938 2035 vocis
968 1971 1045 2050 ὅσος
1066 1972 1083 2035 Ι
1108 1973 1169 2035 193
1202 1972 1294 2057 (ὅσον
1323 1995 1357 2035 τε
1386 1968 1514 2055 δένδρον

118 2073 246 2159 γίνεται,
269 2074 544 2159 ἐξεπιστάμενος),
568 2075 634 2138 VII
649 2075 700 2158 60,
725 2075 766 2139 de
790 2065 859 2154 οἷος
880 2076 946 2140 VH
968 2076 1009 2140 10
1024 2082 1064 2156 θ,
1090 2076 1161 2141 175.
1201 2098 1218 2139 e
1242 2074 1436 2160 Thucydide
1459 2073 1514 2137 ad-

118 2180 265 2244 feruntur
279 2180 362 2244 haee
378 2179 577 2265 exempla³):
604 2180 748 2264 1137,2
770 2180 885 2266 φράζει
905 2189 950 2267 τῷ
970 2182 1130 2270 ναυκλήρῳ
1154 2182 1244 2259 δστις
1264 2179 1335 2245 ἐστί
1357 2176 1411 2244 καί
1434 2174 1515 2244 δι’δί

118 2285 237 2372 φεύγει,
260 2283 316 2348 ubi
340 2287 533 2350 sententiam
555 2285 726 2350 relativam
751 2274 849 2350 statui
871 2308 965 2371 posse
989 2285 1141 2368 arbitrem
1168 2295 1257 2350 recte
1281 2285 1376 2365 enim,
1405 2305 1513 2368 quam-

118 2411 215 2473 quam
230 2389 405 2453 Polackius
421 2392 616 2454 contrarium
633 2390 807 2472 contendit,
824 2389 982 2454 Kuehner
997 2391 1083 2454 hunc
1098 2390 1205 2455 locum
1222 2390 1376 2476 explicat:
1402 2392 1514 2453 ‘osten-

119 2491 166 2557 dit
189 2495 260 2578 quis
284 2504 370 2558 esset
393 2503 424 2557 et
448 2516 562 2558 causas
585 2494 703 2577 fugae’.
749 2492 836 2558 idem
859 2494 876 2557 I
901 2495 1010 2571 136,4
1033 2496 1126 2583 δηλοῖ
1144 2519 1179 2559 τε
1203 2493 1262 2579 (sc.
1280 2493 1514 2558 Themistocles

117 2596 273 2681 Admeto)
297 2596 331 2676 ὅς
353 2599 423 2663 ἐστι
447 2600 558 2662 vertit:
584 2598 650 2683 ‘qui
674 2598 733 2661 sit'.
773 2598 831 2662 sed
856 2621 930 2664 cum
946 2598 1159 2664 Molossorum
1182 2622 1242 2663 rex
1264 2599 1427 2663 advenam
1450 2620 1513 2662 non

117 2703 269 2783 novisset,
295 2702 472 2766 dicendum
495 2702 540 2765 illi
563 2711 642 2784 erat,
667 2703 747 2787 quis,
771 2724 836 2766 non
860 2702 963 2788 qualis
988 2712 1072 2766 esset
1100 2703 1156 2789 (cf.
1174 2701 1318 2766 Elmsleii
1341 2711 1450 2767 notam
1474 2703 1515 2766 ad

118 2806 195 2869 Eur.
213 2806 301 2870 Med.
321 2805 429 2892 1086),
454 2807 485 2870 V
500 2806 531 2888 9,
548 2806 568 2869 2
589 2811 645 2893 την
668 2805 703 2872 δὲ
722 2804 930 2896 ἐπιχείρησιν,
954 2802 979 2896 ᾧ
1002 2809 1112 2893 τρόπφ
1129 2807 1316 2890 διανοοῦμαι
1331 2811 1515 2889 ποιεῖσθαι,

119 2909 250 2997 διδάξω,
282 2912 369 2996 quod
401 2911 516 2975 collato
540 2909 705 2975 Ciceronis
728 2910 809 2993 loco,
841 2934 938 2998 quem
969 2934 1069 2996 supra
1097 2911 1306 2990 adduximus,
1338 2912 1415 2975 satis
1441 2913 1516 2976 arti·

119 3017 228 3080 ficiose
253 3039 326 3080 cum
349 3015 527 3080 Kuehnero
550 3015 708 3100 explicari
732 3026 853 3100 potest:
881 3018 1002 3102 τρόπον
1025 3015 1155 3095 διδάξω,
1179 3011 1204 3104 ᾧ
1228 3017 1416 3099 διανοοῦμαι
1438 3039 1515 3081 ποι-

118 3125 241 3186 εῖσθαι.
280 3121 331 3184 his
353 3121 530 3205 adiungam
552 3121 779 3206 Xenophontis
802 3120 890 3185 locos
913 3120 989 3206 Cyr.
1006 3120 1075 3184 IIII
1097 3120 1127 3202 5,
1145 3119 1186 3183 29
1213 3116 1343 3206 σκέψαι,
1367 3119 1425 3206 erp
1447 3119 1515 3184 δντι

119 3223 194 3310 περί
216 3223 253 3290 σέ
275 3214 344 3303 οἷος
364 3226 408 3290 ὢν
430 3224 505 3313 περί
534 3226 590 3310 ἐμὲ
621 3221 733 3291 ἔπειτα
763 3249 821 3309 μοι
851 3222 969 3313 μέμφῃ.
1009 3224 1066 3306 VI,
1091 3225 1118 3306 l,
1139 3223 1182 3287 46
1207 3222 1331 3309 πέμπει
1358 3227 1439 3307 πρδς
1460 3225 1515 3288 τὸν

118 3334 225 3416 Κῦρον
246 3330 348 3394 εἰπὼν
370 3329 405 3409 ὃς
427 3328 474 3416 ἦν,
498 3330 621 3395 Oomm.
638 3330 672 3393 ll
688 3331 717 3411 6,
731 3329 772 3393 29
794 3335 837 3415 μὴ
860 3330 1069 3414 ἀποκρύπτου
1092 3354 1140 3414 με,
1166 3317 1214 3407 οἷς
1236 3329 1276 3393 ἀν
1297 3328 1431 3411 βούλοιο
1459 3325 1514 3415 φί-

118 3434 174 3512 λος
203 3432 365 3520 γενέσθαι,
396 3435 480 3499 Hist.
504 3456 613 3518 graec.
637 3434 688 3498 HI
711 3433 778 3519 2,9
808 3437 865 3500 ούκ
888 3426 986 3516 εἶπεν,
1017 3433 1054 3522 ἢν
1084 3429 1152 3515 έχοι
1179 3439 1312 3520 γνώμην.
1359 3431 1445 3517 quod
1472 3431 1514 3494 sd

119 3748 208 3798 neque
220 3734 362 3784 Frenzelio
382 3733 427 3800 (cf.
440 3751 464 3800 p.
479 3737 520 3796 50,
534 3737 575 3796 66,
589 3734 633 3797 69)
653 3734 749 3784 melius
767 3750 809 3784 res
822 3736 909 3784 cessit.
941 3733 974 3784 de
987 3733 1154 3799 singulorum
1166 3732 1285 3783 locorum
1298 3731 1513 3794 herodoteorum,

120 3837 187 3887 quos
204 3826 323 3887 tangam,
341 3822 565 3888 explicationibus
583 3823 616 3872 ab
635 3821 689 3871 illis
707 3822 818 3886 prolatis
836 3822 934 3887 longus
952 3837 1010 3871 esse
1028 3820 1099 3870 nolo.

225 3908 245 3972 ¹)
268 3910 341 3971 Ι89,
361 3911 387 3970 1,
411 3911 511 3970 93,10,
534 3909 560 3957 11
579 3910 603 3971 2,
622 3910 650 3971 7,
668 3909 753 3971 822,
773 3911 851 3971 121β
871 3911 915 3971 16,
937 3909 1048 3971 134,17,
1067 3907 1107 3956 III
1125 3908 1226 3969 50,12,
1245 3907 1286 3968 68,
1304 3907 1329 3968 2,
1347 3905 1401 3956 IIII
1419 3907 1514 3968 53,17,

119 3996 144 4046 V
163 3997 204 4058 74,
217 3997 241 4058 5,
260 3997 298 4046 VI
316 3997 358 4058 37,
374 3998 417 4058 10,
440 3997 540 4057 129,3,
560 3997 616 4057 132,
630 3997 654 4058 5,
673 3995 724 4044 VH
743 3997 828 4057 26,6,
848 3996 905 4057 146,
921 3997 961 4058 10,
979 3994 1044 4043 VIII
1062 3995 1147 4057 26,4,
1165 3994 1206 4055 40,
1225 3995 1248 4056 6,
1269 3993 1346 4042 VHH
1365 3993 1406 4055 54,
1424 3993 1453 4055 9,
1473 3993 1514 4053 71,

123 4084 161 4132 12.
192 4084 310 4132 numeris
328 4084 406 4132 tertio
425 4082 485 4132 loeo
504 4083 597 4147 positis
616 4082 800 4147 significantur
818 4096 911 4131 versus
930 4082 1055 4130 editionis
1073 4079 1228 4130 Steinianae
1247 4079 1438 4129 commentario
1457 4093 1514 4128 ver-

119 4170 216 4220 naculo
234 4172 388 4220 instructae.

223 4257 244 4322 ²)
267 4257 343 4318 Quae
366 4258 436 4306 enim
455 4256 613 4307 Schmittius
634 4272 659 4322 p.
679 4258 711 4305 72
734 4255 815 4306 habet
833 4256 866 4305 de
885 4257 1005 4321 optativo
1024 4269 1057 4304 ex
1076 4255 1223 4304 enuntiatis
1241 4253 1362 4302 relativis
1380 4254 1408 4301 in
1427 4251 1514 4301 decla-

118 4346 205 4394 rativa
222 4343 361 4405 translato,
379 4343 458 4394 valde
477 4344 558 4394 dubia
576 4348 692 4406 suntet,
711 4348 742 4393 ut
759 4343 792 4393 de
805 4343 921 4392 Homero
941 4341 1058 4403 valeant,
1076 4342 1110 4391 ad
1128 4343 1287 4407 posteriores
1305 4342 1447 4405 scriptores
1460 4355 1514 4388 non

119 4434 261 4498 pertinent.
302 4431 411 4480 omnino
434 4430 522 4480 Sohm.
542 4432 725 4496 quaestionem
748 4429 934 4480 difficillimam
956 4431 985 4478 in
1009 4433 1162 4479 transcursu
1185 4428 1230 4494 (cf.
1248 4444 1273 4493 p.
1293 4428 1336 4492 14)
1365 4427 1514 4477 diiudicare

119 4535 174 4568 non
193 4518 307 4568 debebat
325 4517 424 4567 talibus
442 4516 509 4567 locis
526 4517 632 4578 adlatis,
650 4533 717 4581 quos
735 4533 782 4581 pro
801 4532 851 4567 sue
870 4517 983 4581 quisque
1001 4517 1137 4564 sententia
1155 4516 1354 4579 interpretatur.

225 4605 245 4670 ³)
264 4605 369 4654 Essenii
387 4604 477 4653 indice
496 4602 669 4669 Thucydideo
689 4603 821 4668 (Berolini
841 4603 920 4667 1887)
939 4603 980 4652 uti
998 4601 1142 4668 supersedi.
