3392 5067
263 413 324 468 296
349 398 419 470 ἀλλ’
434 410 471 471 ού
493 409 615 470 πεῖθον
637 406 758 471 άνακτα
781 403 993 489 πεπνυμένον,
1017 404 1053 481 ός
1074 405 1114 487 ῥά
1138 393 1170 466 οἳ
1192 399 1251 487 ήδη

350 502 453 596 Ἥρης
474 508 630 599 ἐννεσίῃσι
651 509 815 595 τετιμένον
837 509 985 588 Αῖσονος
1006 501 1083 587 υίόν,

352 615 395 693 ὡς
418 615 457 700 δή
480 608 512 679 ol
534 613 624 694 κλέος
646 615 766 680 ἐσθλὸν
788 610 842 679 ἐπ’
857 612 1078 698 ἐσσομένοισιν
1100 607 1228 690 όπαζεν,

351 716 387 798 ός
407 723 448 805 ῥά
470 713 502 784 οἱ
524 722 620 798 αὐτὸς
642 714 771 786 ένισπεν
786 713 914 810 Ἰήσονα
935 716 1084 803 κοίρανον
1106 707 1196 781 εἶναι.

268 831 327 886 501
673 824 818 912 ἐπήλυθε
840 822 981 902 Κύζικος
1001 825 1093 909 ήρως,

353 925 389 1006 ὃς
413 925 555 993 Λολιέων
577 928 695 1014 ἤνασσε
717 930 928 1013 περικτιόνων
950 928 1133 1016 ἀνθρώπων

353 1032 479 1117 Αἰνῆος
500 1029 595 1120 φίλος
616 1025 693 1112 υἱός,
718 1029 754 1096 όν
777 1025 809 1097 οἱ
831 1029 902 1098 τέκε
927 1031 981 1096 δῖα
1004 1036 1158 1114 γυναικῶν

352 1135 502 1221 Εὐσώρου
525 1139 679 1223 θυγάτηρ,
705 1137 833 1224 Αἰνήτη
856 1135 1080 1222 καλλιπάρῃος,
1206 1171 1212 1178 -

355 1238 390 1317 ός
411 1242 451 1324 ῥα
474 1237 638 1329 φιλοξενίη
661 1240 789 1318 Μινύας
810 1237 954 1328 ἐμέρηρεν
976 1241 1123 1315 ἅπαντας
1144 1237 1209 1301 κτλ.

110 1377 274 1462 pertinent
290 1399 344 1440 vv.
362 1376 425 1439 299
442 1386 475 1441 et
490 1376 554 1442 505
570 1377 612 1440 ad
627 1376 708 1441 illud
722 1400 835 1462 genus,
847 1376 938 1462 *quod
955 1374 1179 1442 Windisohius
1197 1373 1242 1459 (p.
1256 1373 1335 1458 416)
1352 1370 1512 1455 significat

113 1481 174 1544 hoc
197 1482 341 1545 nomine:
366 1481 467 1544 ‘nicht
488 1480 718 1565 nothwendige
741 1480 1001 1545 Relativsaetze’.
1041 1481 1224 1543 necessaria
1248 1499 1325 1540 sane
1348 1475 1425 1540 talia
1446 1497 1512 1538 non

115 1593 199 1665 sunt,
231 1584 463 1668 sedsubiungi
486 1594 631 1669 possunt,
663 1585 807 1649 velutin
830 1607 883 1648 vv.
902 1584 962 1649 607
988 1593 1020 1648 et
1044 1583 1117 1668 719,
1145 1583 1203 1647 ubi
1225 1581 1362 1645 Abelius
1386 1600 1512 1643 comma

115 1689 256 1751 retinuit.
304 1686 345 1752 cf.
377 1698 547 1773 praeterea
576 1710 630 1752 vv.
656 1688 721 1752 730
744 1711 813 1774 sqq.
844 1699 879 1753 et
909 1688 971 1753 749
995 1709 1064 1773 sqq.
1096 1688 1174 1772 (quo
1205 1685 1274 1750 loco
1302 1683 1397 1749 modo
1420 1677 1512 1762 ἔνθα,

115 1790 212 1855 modo
235 1787 273 1857 οὗ
293 1792 436 1876 legitur).
483 1791 570 1878 quod
592 1792 634 1857 ad
656 1815 689 1857 v.
705 1791 767 1856 381
792 1793 929 1858 adtinet:

841 1927 924 1997 ἔνθα
947 1955 981 1995 τε
1005 1928 1132 2016 Χείρων

374 2033 458 2100 ναίει
479 2034 527 2101 ἐνί
549 2036 706 2124 σπήλυγγι
729 2036 933 2115 δικαιότατος
954 2039 1153 2119 Κενταύρων,

375 2137 410 2204 οἳ
429 2144 549 2228 τράφεν
571 2141 610 2204 ov
635 2140 761 2227 Φολόην
783 2138 910 2205 Πίνδου
933 2136 961 2204 τ)
977 2141 1107 2205 αἰπεινὰ
1130 2142 1258 2226 κάρηνα,

377 2244 412 2322 ός
434 2248 474 2328 ῥα
497 2242 691 2334 δικασπολίη
714 2248 845 2328 γάνυται
867 2241 923 2310 καί
945 2243 1103 2329 άκέσμασι
1126 2247 1255 2326 νούσων,

116 2383 173 2447 ubi
196 2384 397 2446 enuntiatum
420 2382 593 2446 relativum
616 2405 636 2446 a
659 2384 787 2446 nomine
811 2370 1006 2466 disiungitur
1029 2383 1130 2446 altero
1154 2381 1310 2445 eiusmodi
1339 2379 1512 2462 enuntiato,

118 2486 196 2550 mihi
218 2509 284 2550 non
307 2487 449 2570 contigit,
474 2496 509 2548 ut
532 2486 635 2551 simile
658 2486 736 2572 quid
760 2486 847 2572 opud
871 2496 996 2551 ceteros
1018 2495 1130 2573 poetas
1153 2487 1342 2550 invenirem.

222 2591 282 2653 His
307 2590 347 2653 de
370 2589 524 2671 relativis,
549 2612 631 2675 quae
654 2591 738 2654 inter
761 2614 796 2654 se
819 2593 997 2675 excipiunt,
1021 2591 1175 2675 expositis
1196 2591 1237 2654 ad
1253 2589 1415 2670 Ebelingii
1432 2586 1513 2651 ordi-

117 2715 193 2757 nem
223 2696 345 2757 reversi
376 2716 444 2757 rem
476 2692 693 2758 absolvamus.
740 2697 946 2779 coniungitur
975 2694 1147 2767 relativum
1177 2716 1252 2758 cum
1285 2692 1387 2756 altera
1420 2691 1513 2756 vorbi

117 2819 256 2882 persona
278 2797 308 2880 2,
326 2797 404 2876 289,
428 2798 493 2862 334
517 2798 634 2884 (ὅσοι),
660 2799 700 2863 of.
718 2798 828 2879 Quint.
846 2799 863 2862 1
885 2798 958 2863 583.
984 2799 1140 2862 omittitur
1156 2796 1293 2862 verbum
1315 2789 1410 2862 εἶναα
1436 2796 1512 2876 775,

118 2901 192 2986 748,
206 2901 266 2965 751
284 2899 372 2986 (adv.
387 2897 452 2987 οὗ);
471 2901 534 2964 744
551 2897 649 2990 (ἧχι),
667 2902 740 2980 467,
758 2901 821 2965 749
838 2897 968 2986 (ένθαμ
986 2903 1026 2968 cf.
1042 2901 1147 2986 Apoll.
1164 2901 1181 2963 I
1197 2900 1260 2964 284
1271 2899 1326 2988 (P),
1342 2900 1415 2983 822,
1433 2899 1513 2964 Call.

117 3006 187 3069 IIII
202 3005 276 3086 203,
294 3005 366 3088 293,
391 3006 439 3069 VI
457 3005 527 3069 117.
565 3007 719 3070 inseritur
740 3028 917 3092 pronomen
941 3009 973 3069 in
994 3005 1073 3070 alias
1093 3015 1207 3091 partes,
1223 3006 1415 3069 sententiae:
1443 3004 1514 3085 169,

119 3109 193 3193 289,
211 3107 283 3189 779,
301 3108 378 3190 852,
407 3108 471 3172 662
495 3109 628 3195 (ὅστις),
659 3109 722 3173 467
753 3105 867 3193 (ἔνθα)
896 3120 928 3173 et
950 3111 1157 3173 innectuntur
1187 3110 1350 3172 enuntiato
1381 3109 1515 3173 relativo

120 3235 203 3298 quae
234 3213 276 3277 ad
307 3215 497 3298 primarium
527 3215 703 3299 pertinent:
735 3213 799 3276 824
829 3215 962 3296 Κόλχοι,
994 3212 1028 3279 οἳ
1051 3211 1106 3279 καί
1125 3205 1222 3302 ’Ἀρηι
1250 3214 1413 3303 δορυσσόῳ
1435 3212 1516 3279 εἰσίν

120 3321 254 3403 άτειρεῖς
274 3317 278 3403 Ι
298 3318 331 3396 ἐς
359 3322 466 3401 μόθον
488 3311 626 3402 ἱεμένοις
646 3315 682 3382 εύ
704 3311 825 3396 είύότες
851 3310 904 3405 ἶφι
926 3323 1100 3403 μάχεσθαι,
1132 3317 1192 3381 901
1224 3319 1366 3406 τηλῶπις
1392 3320 1516 3383 άνασσα

120 3416 242 3487 ἱστάνει
265 3422 467 3486 αίθύσσουσα
489 3425 590 3507 πυρός
612 3419 716 3501 σέλας,
738 3425 776 3511 ήν
790 3421 827 3487 τέ
842 3447 876 3486 νυ
894 3423 1015 3505 Κόλχοι
1030 3414 1184 3508 ’Ἀρτεμιν
1199 3420 1355 3507 ἐμπυλίην
1372 3473 1378 3484 .
1397 3473 1403 3486 .
1422 3472 1428 3486 .
1446 3415 1516 3486 ἱλά-

121 3548 251 3592 σκονται
270 3525 276 3611 Ι
296 3527 399 3615 δεινήν
421 3528 644 3613 ἀνθρώποισιν
667 3527 756 3591 ι’όεῖν.
792 3526 832 3590 cf.
850 3526 914 3590 502
931 3549 988 3612 sq„
1005 3526 1083 3606 9273
1108 3525 1171 3590 285
1189 3526 1296 3610 (ότι).
1332 3527 1395 3590 huc
1410 3525 1515 3590 refero

121 3652 152 3693 v.
169 3629 231 3693 221
249 3650 309 3716 sq„
332 3651 412 3715 quos
436 3652 533 3715 supra
556 3631 730 3714 exscripsi3
756 3630 796 3694 cf.
814 3630 921 3716 Apoll.
937 3631 955 3694 I
973 3631 1044 3710 163,
1062 3630 1135 3714 733,
1160 3629 1239 3693 Call.
1257 3629 1324 3693 IIII
1342 3629 1412 3694 156.
1442 3653 1516 3694 cum

122 3734 171 3797 his
195 3732 347 3798 cohaeret
369 3733 538 3817 adtractio,
562 3755 659 3818 quam
681 3745 810 3817 vocant,
834 3738 963 3799 inversa
984 3735 1041 3821 (of.
1057 3734 1150 3799 Ebel.
1168 3733 1227 3797 88⁸
1244 3732 1279 3820 i),
1304 3736 1394 3799 cuius
1411 3757 1516 3800 exem-

121 3837 210 3924 plum
238 3846 328 3902 extat
355 3839 388 3901 in
411 3861 442 3902 v.
460 3837 520 3901 391
544 3837 664 3922 ίόωμεν
683 3838 688 3923 Ι
707 3837 773 3915 έξιν
794 3840 913 3918 παιδὸς
934 3841 1027 3924 ἐμοῖο
1049 3837 1104 3904 καί
1126 3841 1242 3926 ήθεσιν
1265 3827 1331 3904 οἶσι
1355 3837 1516 3905 κέκασται.

224 3942 405 4006 Pronomen
429 3963 541 4005 casum
564 3943 701 4005 nominis
724 3941 906 4024 adsumere,
935 3941 1022 4026 quod
1044 3943 1216 4028 perpaucis
1239 3943 1317 4005 locis
1347 3941 1516 4006 homericis

123 4046 221 4109 statui
250 4053 367 4129 potest,
398 4043 525 4109 Gesner
554 4045 683 4130 putavit
712 4047 746 4109 in
776 4069 807 4111 v.
826 4046 885 4110 101
919 4047 988 4125 ung
1009 4041 1126 4111 έπλετο
1149 4048 1292 4131 μόχθων,
1314 4045 1318 4130 Ι
1339 4041 1382 4112 ὧν
1406 4039 1518 4133 ἱκόμην

122 4143 179 4214 ἐπὶ
201 4154 294 4233 γαῖαν
316 4147 482 4236 ἀπείριτον
502 4148 561 4238 ήδέ
583 4150 707 4236 πόληας
726 4150 731 4234 Ι
750 4150 914 4238 Αἰγύπτῳ
936 4151 1050 4237 Λιβύη
1071 4174 1105 4214 τε
1128 4154 1257 4236 βροτοῖς
1283 4153 1342 4215 άνὰ
1366 4148 1517 4236 θέσφατα

123 4250 255 4341 φαίνων.
293 4253 352 4317 sed
378 4274 450 4316 meo
479 4252 611 4338 quidem
639 4252 757 4316 iudicio
781 4253 888 4317 nullus
915 4255 1111 4338 pronominis
1134 4253 1261 4316 relativi
1284 4275 1377 4316 casus
1400 4255 1433 4316 in
1455 4253 1518 4316 hoc

124 4358 289 4423 enuntiato
313 4379 387 4420 cum
410 4349 522 4442 ἱκόμην
545 4357 697 4439 coniungi
719 4366 826 4442 potest
848 4395 890 4404 —
913 4378 954 4420 ne
978 4347 1026 4435 οἷς
1049 4356 1179 4441 quidem
1200 4356 1252 4420 vel
1274 4355 1328 4433 ξύν
1351 4346 1407 4435 οἷς,
1431 4356 1518 4441 quod

124 4463 242 4546 requiri
258 4459 385 4525 Gesner
401 4461 479 4524 dicit
501 4497 544 4506 -
566 4481 672 4544 noque
688 4461 787 4545 igitur
802 4483 862 4546 pro
879 4482 967 4545 casu,
991 4461 1129 4545 quinon
1154 4471 1213 4541 est,
1238 4461 1407 4543 genetivus
1430 4461 1516 4543 poni.

126 4587 223 4648 quare
247 4560 300 4644 ὧν,
325 4563 411 4650 quod
434 4586 544 4627 omnes
568 4565 707 4627 editores
731 4566 942 4648 retinuerunt,
968 4575 1154 4649 corruptum
1178 4587 1249 4628 esso
1266 4585 1380 4626 censeo
1397 4573 1518 4628 etcum

176 4674 342 4716 Dissertationos
356 4676 432 4725 philol.
442 4675 532 4716 Vindob.
542 4674 581 4716 111.
593 4679 612 4716 1.
1330 4670 1364 4718 20
