3392 5067
139 226 200 288 116

240 415 312 479 Iam
347 414 433 499 quod
469 413 512 477 ad
541 414 671 476 tertiam
701 434 875 496 personam
907 413 1044 496 adtinet,
1074 414 1263 497 genetivum
1293 437 1314 477 a
1342 415 1441 499 stirpe
1478 422 1538 480 osc

137 519 272 583 ductum
301 539 461 604 nusquam
489 527 613 599 extare,
641 518 865 581 accusativum
888 515 906 581 6
927 515 946 601 (
943 544 982 573 =
994 517 1103 601 αὐτόν)
1127 516 1338 582 1001010501.
1365 518 1415 595 13,
1431 517 1471 581 27
1496 540 1538 581 ex

136 624 250 688 tabula
280 645 378 707 supra
407 621 520 685 addita
550 621 702 707 adparet,
734 620 864 685 dativus
894 610 1062 707 0000701)
1091 623 1168 685 00110
1198 622 1306 685 multis
1335 621 1414 686 locis
1437 622 1537 685 Theo·

16 722 21 729 ¹
137 728 265 812 gnideis
287 726 425 790 traditur
443 725 531 812 (178,
551 724 622 809 186,
639 724 713 806 391,
729 725 803 805 465,
824 724 898 806 519,
918 724 1137 811 1256,1376),
1161 736 1291 810 praeter
1313 724 1537 810 Theognidem

136 854 298 917 nusquam
321 832 354 894 in
378 830 509 913 elegeis,
534 829 591 892 sed
614 829 703 913 apud
726 827 789 893 Sol.
814 829 960 911 42410
984 832 1125 894 carmine
1148 829 1272 893 melico
1319 829 1436 913 quibus
1458 829 1537 894 locis

0 979 17 1022 .·
136 936 286 1000 omnibus
309 925 344 1001 οἷ
365 936 432 1000 vim
455 934 742 998 demonstrativam
765 933 874 1015 habet,
901 955 1061 1019 nusquam
1084 934 1285 1014 reflexivam,
1310 956 1392 1021 quae
1415 936 1449 999 in
1473 934 1536 998 Ho-

7 1028 43 1135 ’,ᾗ
134 1042 215 1104 meri
246 1038 444 1104 carminibus
475 1040 552 1102 satis
584 1060 681 1123 saepe
712 1038 883 1102 statuenda
914 1048 971 1101 est.
1017 1040 1182 1102 enuntiata
1209 1049 1327 1120 autem,
1358 1041 1391 1103 in
1419 1039 1537 1123 quibus

134 1147 306 1228 invenitur,
345 1146 453 1208 omnia
488 1152 562 1209 sunt
593 1145 747 1228 primaria
773 1152 904 1228 praeter
933 1141 1008 1224 186,
1044 1142 1101 1206 ubi
1128 1132 1162 1207 οἷ
1191 1152 1263 1227 post
1289 1145 1327 1231 ἤν
1356 1142 1473 1226 legitur
1505 1152 1536 1205 et

134 1249 177 1314 ad
201 1249 383 1314 subiectum
405 1250 551 1334 primarii
575 1249 732 1312 enuntiati
753 1248 901 1311 refertur.
947 1256 1117 1331 praeterea
1146 1248 1466 1312 commemorandum
1489 1257 1537 1311 001

136 1352 219 1417 1255
227 1376 285 1438 00,
310 1353 395 1438 quod
418 1375 550 1438 prorsus
573 1352 736 1436 singulare
759 1360 823 1432 est,
852 1340 885 1416 οἷ
906 1350 949 1414 ad
969 1373 1146 1436 pronomen
1173 1352 1345 1415 relativum
1373 1360 1535 1437 spectare:

134 1460 222 1537 ὅστις
244 1463 286 1546 μτ)
309 1460 430 1536 παῖδάς
453 1482 487 1523 τε
511 1457 602 1545 φιλεῖ
620 1455 675 1522 καὶ
696 1462 842 1540 μώνυχας
863 1454 986 1534 ἵππους
1005 1456 1009 1541 Ι
1029 1454 1083 1522 καὶ
1104 1457 1207 1537 κύνας,
1235 1455 1356 1523 οὔποτέ
1378 1450 1409 1522 οἱ
1431 1460 1536 1540 θυμὸς

132 1563 166 1626 ἐν
192 1567 380 1652 εὐφροσύνῃ,
415 1561 488 1644 391,
519 1561 593 1646 405,
626 1561 709 1624 1376
740 1559 803 1644 legi
834 1562 867 1623 10
898 1560 999 1624 altero
1029 1560 1174 1625 membro
1205 1560 1348 1648 bipertiti
1379 1562 1535 1625 enuntiati

133 1666 271 1748 relativi,
304 1666 390 1751 quod
418 1667 515 1730 etiarn
541 1666 576 1728 in
602 1663 722 1748 elegeis
750 1666 905 1728 enuntiati
933 1665 1078 1749 primarii
1105 1667 1248 1751 speciem
1274 1687 1352 1750 prae
1385 1688 1419 1729 00
1450 1663 1535 1729 ferre

133 1771 222 1835 solet.
268 1771 329 1835 hoc
362 1792 490 1856 000000
517 1768 714 1834 monendum
743 1776 791 1832 est
821 1758 855 1835 οἶ
875 1777 908 1832 01
929 1767 947 1834 ἕ
968 1791 1096 1853 semper
1121 1769 1165 1833 ad
1192 1768 1336 1834 homines
1363 1771 1534 1855 pertinere,

132 1898 292 1961 nusquam
322 1877 364 1940 ad
390 1882 457 1958 res,
488 1875 522 1939 id
554 1872 641 1959 quod
671 1896 769 1958 saepe
800 1874 837 1937 fit
867 1873 955 1960 apud
982 1874 1161 1939 Homerum
1187 1884 1220 1938 et
1246 1875 1447 1940 Herodotum
1477 1872 1533 1959 (cf.

131 1980 282 2064 Krueger
304 1982 358 2045 Di.
375 1980 427 2061 51,
450 1978 622 2064 101106),
649 2000 755 2063 00000
781 2000 936 2064 umquam
959 1977 1002 2042 ad
1030 1978 1270 2044 substantivum
1291 1981 1418 2064 generis
1446 1979 1535 2042 femi·

132 2086 200 2148 nini
228 2084 281 2147 vel
310 2087 415 2148 neutri
446 2084 569 2149 referri.
615 2082 748 2169 pluralis
778 2085 905 2147 numeri
928 2104 1085 2167 personae
1109 2085 1222 2148 tertiae
1245 2083 1368 2149 formae
1392 2106 1412 2148 a
1435 2085 1534 2167 stirpe

132 2210 194 2276 σφε
217 2188 383 2254 derivatae
407 2199 519 2253 extant
533 2210 719 2275 perpaucae
735 2210 856 2272 eaeque
873 2187 961 2273 apud
977 2187 1214 2272 Theognidem:
1238 2186 1301 2275 0φὲ
1317 2188 1377 2274 (sc.
1397 2186 1533 2271 ἵππους)

132 2292 206 2375 552,
236 2287 312 2380 opis
341 2295 396 2379 (=
410 2294 533 2378 αὐτοῖς)
562 2293 612 2371 66,
641 2292 715 2374 422,
741 2292 813 2374 732,
841 2291 959 2377 001500
986 2292 1065 2355 10010
1093 2293 1135 2357 ad
1158 2294 1302 2357 homines
1334 2302 1470 2379 spectat,
1502 2300 1534 2354 et

133 2397 206 2475 772,
236 2398 293 2462 ubi
324 2398 367 2463 ad
397 2420 466 2462 rem
499 2398 647 2462 refertur.
692 2396 870 2460 formarum
901 2404 1009 2460 autem
1040 2406 1096 2459 aut
1125 2399 1253 2460 omnino
1284 2419 1348 2461 non
1378 2406 1434 2460 aut
1460 2418 1533 2460 raro

131 2505 322 2567 usitatarum
353 2502 423 2567 loco
453 2502 588 2566 voculae
618 2500 681 2586 ptr,
715 2499 771 2581 νίν,
807 2503 902 2579 αὐτός
932 2500 1136 2566 adhibentur.
1192 2524 1234 2565 ex
1267 2502 1384 2587 quibus
1418 2501 1534 2566 vocula

132 2608 226 2691 epica
245 2605 299 2690 μίν
315 2606 424 2670 multis
444 2606 522 2670 locis
544 2608 716 2686 invenitur,
740 2607 785 2668 ita
807 2615 843 2669 ut
864 2605 958 2688 longe
979 2605 1124 2690 plurimis
1145 2606 1187 2670 ad
1207 2628 1377 2691 personam
1397 2614 1532 2692 spectet,

132 2710 175 2774 ad
198 2710 316 2774 animal
339 2710 483 2795 Theogu.
500 2710 574 2790 293,
608 2709 650 2774 ad
680 2732 747 2773 rem
778 2709 858 2773 ibid.
889 2709 972 2772 1173
1006 2711 1154 2798 (γνώμη).
1204 2713 1268 2776 iam
1298 2711 1385 2797 quod
1415 2711 1457 2774 ad
1485 2708 1533 2775 νίν

12 2853 14 2856 -
132 2816 281 2899 pertinet,
306 2837 388 2900 quae
411 2815 515 2879 forma
539 2815 649 2878 dorica
672 2814 714 2877 ab
740 2814 873 2878 Homeri
897 2815 1095 2879 carminibus
1115 2815 1220 2880 aliena
1241 2826 1299 2900 est,
1329 2816 1363 2879 id
1387 2816 1530 2899 Theogn.

131 2920 205 3005 364,
228 2919 317 3005 apud
339 2942 434 3004 quem
459 2921 556 2983 etiam
578 2917 642 2983 alia
664 2918 824 2982 vocabula
847 2918 958 2983 dorica
981 2928 1103 3001 extant,
1127 2919 1217 2984 libris
1240 2920 1385 2984 traditur.

235 3023 422 3109 Antequam
451 3033 560 3087 autem
592 3023 632 3087 de
660 3045 741 3086 voce
771 3025 867 3102 αὐτός
898 3022 1062 3108 disseram,
1090 3032 1196 3109 pauca
1220 3024 1260 3087 de
1287 3024 1532 3109 pronominibus

131 3126 296 3192 reflexivis
335 3136 367 3190 01
403 3128 595 3212 possessivis
636 3127 852 3211 praemittam.
899 3127 940 3190 de
982 3128 1273 3214 pronominibus
1309 3127 1530 3211 reflexiviS,

132 3240 288 3317 quantum
311 3230 354 3295 ad
377 3232 556 3295 Homerum
578 3231 716 3310 adtinet,
744 3232 828 3294 inter
855 3231 934 3295 alios
961 3231 1060 3296 libros
1084 3230 1200 3296 Oaueri
1229 3235 1532 3296 commentationem

132 3358 229 3422 supra
268 3337 414 3416 citatam,
454 3344 610 3420 quantum
647 3334 688 3397 ad
726 3344 838 3420 poetas
877 3335 1051 3419 elegiacon,
1090 3336 1233 3399 R'enneri
1272 3335 1292 3399 1.
1325 3358 1352 3401 c.
1389 3338 1466 3401 fasc.
1498 3337 1532 3400 H

131 3462 185 3524 pp.
202 3441 305 3524 5000.
335 3441 528 3503 examinavi.
572 3442 636 3503 iam
663 3441 803 3524 primum
833 3442 973 3504 omnium
1003 3450 1128 3504 constat
1155 3441 1243 3527 apud
1266 3442 1444 3505 Homerum
1471 3441 1531 3505 for-

130 3566 200 3606 mas
233 3545 435 3630 compositas,
467 3566 550 3629 quae
583 3554 657 3608 sunt
691 3545 838 3628 ἐμαυτοῦ,
870 3554 1006 3610 σεαυτοῦ
1036 3554 1107 3629 cet,
1146 3568 1210 3609 non
1245 3554 1367 3610 extare.
1413 3546 1531 3630 triplex

131 3656 240 3712 autem
270 3658 319 3711 est
352 3650 433 3711 ratio
465 3648 553 3734 apud
587 3670 660 3711 eum
695 3648 845 3711 reflexivi
875 3651 1072 3733 pronominis
1103 3648 1319 3734 exprimendi:
1357 3658 1413 3713 aut
1446 3652 1531 3713 enim

131 3752 214 3816 solas
248 3751 367 3816 formas
401 3754 596 3836 pronominis
629 3752 807 3836 personalis
841 3775 961 3837 easque
995 3775 1058 3817 non
1093 3754 1257 3818 encliticas
1291 3754 1438 3839 adhibet,
1476 3763 1532 3817 aut

131 3856 232 3920 solam
254 3877 370 3920 vocem
392 3859 500 3937 αὐτός,
529 3866 584 3920 001
607 3878 784 3941 pronomen
811 3857 980 3941 personale
1012 3868 1044 3920 01
1070 3861 1165 3937 αὐτός
1190 3860 1282 3922 iuxta
1309 3862 1422 3943 posita.
1466 3861 1531 3943 qui-

131 3961 191 4025 bus
220 3962 254 4023 in
282 3960 381 4026 rebus
411 3983 485 4024 eum
515 3970 630 4045 poetae
661 3959 795 4043 elegiaci
827 3983 891 4023 non
922 3964 1007 4025 omni
1036 3986 1078 4025 ex
1105 3972 1196 4048 parte
1221 3973 1382 4027 secuntur.
1426 3985 1530 4048 neque

130 4067 216 4129 enim
245 4066 434 4149 pronomine
464 4064 626 4148 personali
656 4066 701 4127 ita
727 4074 862 4128 utuntur
888 4087 994 4149 neque
1022 4089 1176 4151 umquam
1203 4066 1259 4151 ἐμὲ
1286 4069 1381 4131 αὐτόν
1404 4068 1531 4131 similia-

131 4190 194 4253 que
228 4168 398 4249 adhibent,
433 4167 490 4230 sed
522 4167 622 4231 scmcl
652 4168 809 4232 Herodoti
840 4179 872 4232 et
898 4169 1081 4234 Atticorum
1112 4192 1200 4234 more
1231 4169 1335 4235 forma
1366 4181 1531 4235 contracta

130 4272 256 4356 legitur,
281 4273 353 4335 dico
377 4272 488 4335 Mimn.
514 4272 580 4349 7,3
603 4278 659 4359 τὴν
681 4282 798 4338 σαυτοῦ
820 4271 920 4361 φρένα
943 4273 1079 4358 τέρπεβ)
1105 4276 1158 4360 001
1176 4297 1289 4338 versus
1305 4275 1451 4359 Theogn.
1469 4275 1530 4339 795

237 4432 255 4494 1)
280 4431 360 4479 Multi
383 4431 434 4478 viri
457 4429 529 4478 docti
550 4431 579 4478 in
602 4430 687 4479 forma
710 4432 808 4480 tradita
834 4432 980 4481 haeserunt
1004 4440 1031 4481 01
1048 4406 1141 4483 varias
1164 4436 1332 4483 coniecturas
1355 4434 1530 4499 protulerunt,

130 4517 205 4566 velut
227 4518 329 4566 Ahrens
353 4515 438 4565 αὐτοῦ
461 4515 505 4563 vel
529 4520 643 4577 σωυτοῦ,
671 4516 779 4567 Bekker
801 4519 851 4581 τὴν
874 4515 898 4569 o'
913 4518 1005 4569 αὐτοῦ.
1043 4522 1141 4585 Bergk,
1165 4536 1327 4586 quamquam
1351 4527 1458 4587 poetam
1481 4524 1531 4585 σὴν

130 4605 215 4653 αὐτοῦ
233 4605 347 4653 scribere
365 4604 485 4667 potuisse
505 4602 577 4664 dicit,
596 4603 663 4652 nihil
681 4610 771 4652 tamen
785 4611 878 4669 mutat,
898 4608 979 4671 idque
992 4613 1073 4669 recte,
1092 4616 1121 4656 ut
1135 4608 1199 4657 mihi
1212 4608 1318 4672 quidem
1333 4608 1446 4673 videtur,
1459 4609 1531 4671 fecit,
