3392 5067
1448 214 1510 279 203

115 406 249 470 dubium
278 428 348 469 esse
376 413 495 490 potest,
524 407 601 490 quin
630 406 831 488 grammatici
861 404 1037 467 deteriores
1068 406 1225 489 quosdam
1253 405 1382 470 codices
1410 408 1510 470 secuti

114 511 259 595 Theogn.
282 510 321 573 67
346 519 418 595 post
442 510 553 588 δόλους
575 510 735 594 particula
754 506 791 573 τὲ
809 511 952 593 reposita
974 518 1063 572 recte
1087 510 1274 594 scripserint
1297 511 1376 576 ἀλλὰ
1400 512 1512 589 δόλους

112 610 142 679 τ’
157 620 284 693 ἀπάτας
309 638 343 678 τε
371 611 592 701 πολυπλοκίας
617 608 647 677 τ’
663 611 1051 700 ipilqoua‘praesertim
1079 636 1153 677 eum
1180 614 1291 677 similis
1319 624 1446 700 praesto
1471 616 1512 677 sit

112 720 200 784 locus
224 719 288 783 390
310 718 431 805 ψεύδεα
453 712 483 782 τ’
498 716 661 796 ἐξαπάτας
682 712 712 781 τ’
727 715 899 801 οὐλομένας
921 713 950 781 τ’
966 713 1082 804 ἔριδας.

218 822 314 903 Quod
342 831 450 886 autem
477 822 573 886 modo
597 822 637 885 de
665 824 703 885 iis
731 822 808 885 locis
837 821 961 885 dictum
990 831 1049 907 est,
1078 822 1195 908 quibus
1223 833 1315 887 terna
1337 824 1390 886 vel
1418 824 1510 908 plura

113 930 242 993 nomina
265 936 387 1011 extant,
411 926 558 991 omnibus
581 924 617 992 τὲ
640 925 781 1008 adnecti,
809 926 896 990 idem
925 927 965 990 de
988 928 1149 991 nonnullis
1176 928 1267 1008 locis,
1293 929 1410 1013 quibus
1433 929 1511 992 bina

114 1036 285 1097 coniuncta
316 1041 398 1113 sunt,
430 1030 526 1095 valet.
574 1031 631 1094 sed
662 1032 835 1115 perpaucis
866 1032 945 1094 locis
977 1034 1123 1117 exceptis
1146 1070 1188 1079 —
1216 1055 1293 1097 nam
1323 1034 1512 1098 vocularum

111 1136 234 1203 τὲ-τέ
256 1137 514 1201 coniunctionem
539 1158 645 1199 raram
669 1158 739 1199 esse
766 1136 831 1199 iam
860 1159 960 1220 supra
984 1146 1267 1201 commemoratum
1297 1147 1345 1201 est
1373 1178 1412 1185 -
1441 1161 1511 1201 ver-

112 1264 166 1305 sus
189 1241 253 1305 huc
277 1250 462 1326 spectantes
485 1240 696 1304 formularum
720 1242 863 1324 speciem
886 1240 1059 1325 praebent:
1087 1242 1179 1327 Tyrt.
1207 1241 1293 1323 12,3
1317 1240 1455 1326 μέγεθός
1476 1266 1511 1307 τε

110 1344 184 1432 βίην
206 1370 240 1410 τε
265 1345 315 1432 (Η
336 1344 425 1430 288),
449 1344 527 1409 ibid.
554 1343 604 1428 12,
629 1342 668 1407 15
692 1342 791 1431 πόληί
812 1368 847 1409 τε
871 1342 970 1410 παντί
999 1369 1034 1409 τε
1066 1346 1154 1433 δήμῳ
1180 1344 1222 1429 ΙΓ
1243 1344 1310 1431 50),
1335 1345 1398 1410 Sol.
1423 1346 1511 1427 24,3

112 1450 283 1536 (repetitus
310 1450 455 1533 Theogn.
478 1447 555 1534 121)
583 1448 682 1513 ἵπποι
710 1442 747 1513 θ’
763 1446 893 1536 ἡμίονοί
919 1472 954 1513 τε
982 1448 1032 1533 ΙΨ
1057 1449 1144 1532 260),
1175 1448 1254 1512 ibid.
1289 1450 1337 1531 13,
1362 1450 1403 1513 33
1427 1451 1512 1537 ὁμῶς

111 1557 235 1638 ἀγαθός
264 1578 299 1618 τε
325 1554 420 1631 κακός
449 1576 483 1617 τε
508 1550 600 1638 (Hes.
627 1550 688 1636 Op.
713 1551 776 1615 669
807 1553 893 1636 ὁμῶς
922 1555 1056 1636 ἀγαθῶν
1085 1576 1120 1617 τε
1150 1562 1254 1618 κακῶν
1284 1577 1329 1634 τε,
1359 1554 1453 1619 θ63
1480 1564 1512 1618 et

111 1660 189 1722 Hes.
211 1658 334 1741 Theog.
356 1656 419 1720 219
454 1666 485 1720 et
516 1656 592 1720 alibi
621 1658 745 1740 ἀγαθόν
771 1679 807 1719 τε
833 1659 931 1722 κακόν
960 1658 1020 1743 τε),
1057 1678 1145 1741 quac·
1170 1658 1278 1721 omnia
1308 1667 1340 1720 et
1373 1660 1407 1720 in
1445 1680 1512 1722 car·

110 1762 251 1826 minibus
275 1763 377 1847 epicis
398 1770 430 1825 et
452 1762 486 1823 in
502 1760 622 1843 elegeis
640 1744 678 1823 'in
702 1760 816 1823 eadem
833 1782 948 1824 versus
971 1761 1049 1825 sede
1073 1762 1234 1846 leguntur.
1259 1762 1343 1825 adde
1367 1762 1511 1845 Theogn.

112 1867 175 1931 393
192 1889 261 1952 sqq.
284 1868 318 1931 ἐν
340 1860 433 1954 πενίη
466 1861 495 1930 δ)
515 1865 536 1929 δ’
555 1888 590 1929 τε
614 1865 717 1943 δειλὸς
739 1868 814 1952 ἀνὴρ
838 1865 859 1929 δ’
878 1889 913 1930 τε
936 1866 1056 1931 πολλόν
1079 1864 1216 1951 ἀμείνων
1236 1871 1239 1944 Ι
1259 1864 1407 1954 φαίνεται
1432 1867 1509 1953 ...Ι

110 1980 167 2036 τοῦ
195 1973 253 2055 μὲν
278 1973 336 2055 γάρ
360 1969 521 2052 ...Ιτοῢ
548 1962 687 2033 δἀὗτ),
713 2022 719 2035 ,
747 1967 895 2033 ‚collatis
917 1992 971 2033 vv.
996 1975 1031 2033 N
1050 1968 1114 2032 278
1131 1990 1200 2056 sqq.
1225 1964 1332 2036 ἔνθά
1351 1994 1386 2035 τε
1411 1972 1513 2050 δειλός

111 2079 187 2163 ἀνὴρ
203 2076 238 2153 ός
251 2068 281 2139 τ’
296 2075 429 2160 άλκιμος
443 2071 638 2159 ἐξεφαάνθη,
660 2076 664 2153 Ι
684 2081 741 2137 τοῦ
762 2075 820 2157 μὲν
840 2075 899 2159 γάρ
921 2096 956 2137 τε
974 2124 981 2137 .
999 2124 1005 2137 .
1024 2125 1031 2137 .
1053 2077 1057 2155 Ι
1076 2085 1133 2139 τοῦ
1156 2070 1203 2139 δ’.
1225 2124 1232 2138 .
1256 2125 1263 2138 ,
1309 2097 1393 2162 quae
1415 2076 1513 2158 igitur

111 2189 233 2243 restant
256 2176 407 2262 exempla
437 2177 518 2240 baec
541 2177 609 2240 fere
634 2185 722 2241 sunt:
757 2172 848 2262 Tyrt.
876 2177 925 2254 12,
943 2178 984 2240 33
1015 2176 1149 2261 μένοντά
1178 2203 1213 2243 τε
1243 2181 1440 2266 μαρνάμενον
1466 2204 1511 2261 τε,

112 2285 255 2367 Theogn.
278 2283 341 2347 320
364 2277 397 2347 ἕν
419 2305 453 2347 τε
476 2289 586 2360 κακοῖς
607 2277 749 2366 κείμενος
770 2278 803 2347 ἔν
825 2278 855 2345 τ’
870 2284 1018 2365 ἀγαθοῖς,
1043 2282 1178 2368 331εη,
1202 2283 1275 2366 980,
1302 2284 1394 2349 1053.

214 2388 391 2452 Enuntiata
420 2408 548 2471 quoque
575 2388 734 2471 particula
760 2386 796 2452 τέ
822 2388 985 2451 rarissime
1014 2386 1215 2472 copulantur,
1244 2398 1276 2452 et
1304 2390 1331 2451 si
1359 2411 1513 2474 umquam

114 2516 152 2557 ea
185 2502 284 2577 extat,
327 2494 455 2576 utrique
486 2491 652 2555 enuntiato
682 2493 781 2554 unum
813 2492 992 2556 alterumve
1027 2492 1212 2555 membrum
1244 2514 1413 2561 commune
1444 2516 1514 2557 esse

112 2598 202 2680 solet,
226 2598 326 2661 veluti
349 2598 441 2681 Tyrt.
467 2596 517 2679 12,
535 2595 575 2658 21
594 2618 652 2680 sq,
688 2589 772 2683 αἶψα
804 2598 838 2662 δὲ
863 2595 1040 2681 δυσμενέων
1063 2598 1184 2681 ἀνδρῶν
1206 2594 1320 2683 ἔτρεψε
1351 2596 1515 2684 φάλαγγας

111 2700 266 2789 τρηχείας,
291 2702 417 2788 σπουδῇ
439 2695 469 2765 τ’
485 2694 602 2780 ἔσχεθε
624 2711 707 2785 κῦμα
736 2704 845 2787 μάχης,
871 2700 951 2765 ibid.
977 2700 1027 2782 12,
1048 2699 1088 2762 21
1110 2722 1157 2785 sq.
1181 2703 1237 2763 τὸν
1259 2696 1289 2766 δ’
1302 2700 1515 2787 ὀλοφύρονται
1541 2689 1544 2691 Ὗ

62 2870 64 2875 .
112 2809 169 2891 μὲν
191 2806 277 2890 ὁμῶς
292 2803 357 2871 νέοι
381 2806 436 2885 ἠδὲ
460 2802 611 2888 γέροντες,
634 2803 638 2888 Ι
658 2802 799 2893 ἀργαλέῳ
821 2829 857 2869 τε
872 2806 972 2890 πόθφ
995 2811 1085 2869 πᾶσα
1107 2801 1219 2890 κέκηδε
1241 2796 1344 2885 πόλις,
1369 2803 1513 2889 Theogn.

113 2910 186 2975 974.
221 2931 325 2994 neque
343 2931 419 2973 vero
436 2908 561 2975 τὲ-τό
576 2909 722 2972 crebrius
738 2910 910 2972 invenitur.
942 2931 1017 2972 nam
1040 2918 1170 2993 praeter
1186 2908 1329 2992 Theogn.
1348 2908 1411 2972 379
1433 2912 1471 2998 ἥν
1485 2906 1515 2975 τ’

112 3013 169 3079 ἐπί
191 3016 398 3101 σωφροσύνην
417 3019 545 3103 τρεφθῇ
561 3016 632 3093 νόος
646 3015 684 3101 ἤν
699 3038 733 3077 τε
748 3016 830 3097 πρὸς
852 3018 952 3099 όβριν,
977 3035 1038 3098 quo
1055 3014 1125 3078 loco
1142 3013 1243 3076 verba
1257 3015 1295 3100 ἀΙν
1308 3038 1343 3079 τε
1367 3015 1422 3099 (cf.
1436 3014 1514 3099 ε’ίτε)

113 3129 181 3183 arte
210 3118 395 3199 cohaerent,
424 3127 549 3182 tantum
576 3118 610 3181 hi
632 3140 746 3181 versus
774 3117 838 3209 huo
866 3117 1029 3181 referendi
1057 3127 1144 3182 sunt:
1179 3118 1325 3203 Theogn.
1343 3119 1395 3197 45,
1422 3118 1514 3201 1329,

114 3222 176 3285 281
200 3244 244 3307 sq.
276 3224 370 3309 δειλῷ
396 3226 454 3306 γάρ
480 3215 510 3285 τ’
530 3224 705 3306 ἀπάλαμνα
731 3227 837 3308 βροτῷ
866 3227 955 3309 πάρα
983 3216 1077 3288 πόλλ’
1095 3220 1271 3288 ἀνελέσθαι
1291 3223 1295 3307 Ι
1315 3228 1381 3310 πάρ
1404 3224 1514 3304 ποδός,

115 3324 267 3414 ἡγεῖσθαί
282 3323 340 3391 θ’.
358 3378 364 3389 .
384 3377 401 3407 ,,
428 3348 490 3411 quo
506 3326 586 3408 loco,
610 3336 647 3389 ut
661 3326 740 3389 ibid.
760 3326 842 3389 1146
866 3325 975 3392 ἐλπίδι
997 3350 1032 3391 τε
1052 3334 1163 3415 πρώτη
1186 3326 1241 3392 καί
1256 3331 1386 3418 πυμάτη
1410 3328 1516 3394 θυέτω

115 3440 146 3493 et
165 3429 248 3494 1016
262 3452 308 3514 sq.
325 3429 401 3515 πρίν
423 3427 599 3513 τ’ἐχθροδς
621 3430 740 3518 πτῆξαι
762 3430 816 3495 καί
838 3429 1015 3518 ὑπερβῆναί
1029 3427 1108 3514 παρ)
1119 3434 1265 3518 ἀνάγκην,
1287 3432 1291 3517 Ι
1311 3431 1459 3508 ἐξετάσαι
1482 3457 1516 3497 τε

116 3532 236 3622 φίλους,
260 3531 355 3600 ὅντιν’
372 3530 479 3615 ἔχουσι
501 3542 583 3616 νόον,
608 3535 725 3599 νοσσία
739 3532 775 3599 τέ
789 3534 922 3598 liberius
945 3536 1050 3618 posita
1073 3546 1131 3621 est,
1156 3537 1198 3598 de
1221 3558 1284 3620 qua
1309 3536 1516 3601 collocatione

116 3641 181 3720 egit
204 3639 314 3701 Ameis
338 3640 370 3700 in
393 3639 577 3723 appendice
600 3639 642 3702 ad
665 3642 692 3703 θ
715 3638 788 3702 640,

220 3742 289 3805 Iam
304 3744 337 3805 in
354 3732 392 3806 eo
409 3753 467 3824 est,
491 3752 526 3805 ut
542 3742 583 3805 de
600 3743 700 3806 altero
716 3765 776 3807 usu
791 3741 972 3827 particulae
993 3740 1029 3807 τέ
1052 3753 1242 3827 exponatur.
1288 3746 1376 3829 apud
1399 3746 1516 3809 Home-

116 3869 188 3910 rum
210 3847 308 3928 igitur
335 3847 476 3931 itemque
499 3848 596 3932 apud,
609 3846 811 3912 Herodotum
833 3868 929 3931 saepe
956 3844 992 3911 τέ
1012 3847 1054 3910 ad
1075 3850 1266 3931 pronomina
1289 3848 1339 3911 vel
1361 3849 1517 3913 adverbia

116 3952 253 4015 relativa
276 3959 307 4013 et
321 3950 363 4012 ad
381 3952 623 4014 coniunctiones
644 3952 801 4014 accedere
825 3960 966 4032 constat3
1001 3951 1042 4014 cf.
1061 3950 1101 4016 G.
1120 3950 1227 4016 Christ
1249 3954 1269 4017 l.
1289 3976 1316 4018 o.
1335 3964 1367 4016 et
1381 3954 1517 4018 Baeum-

116 4057 180 4119 lein
196 4056 228 4117 in
244 4054 326 4118 libro
344 4052 567 4117 ‘Griechische
580 4055 760 4118 Partikeln’
774 4056 929 4139 inscripto
942 4077 997 4140 pp.
1016 4055 1077 4118 227
1092 4078 1162 4142 sqq.
1190 4058 1245 4141 qui
1267 4078 1346 4121 usus
1361 4058 1516 4143 paulatim

118 4162 265 4245 exceptis
290 4159 485 4245 quibusdam
515 4159 661 4223 formulis
692 4169 777 4223 totus
808 4160 877 4223 fere
908 4163 1041 4224 evanuit
1072 4169 1104 4223 et
1134 4163 1167 4224 in
1195 4163 1315 4246 elegeis
1345 4164 1423 4248 ipsis
1454 4165 1517 4227 iam

117 4264 218 4328 multo
241 4266 345 4326 rarior
368 4273 424 4327 est.
450 4264 557 4327 multis
582 4286 658 4329 sane
681 4265 760 4329 locis
782 4263 819 4329 τέ
840 4263 1007 4328 vocabulis
1030 4265 1173 4329 relativis
1196 4267 1388 4331 adnectitur.
1435 4290 1517 4352 quae

117 4390 170 4431 res
193 4366 383 4453 plerumque
414 4368 459 4431 ita
483 4367 675 4453 explicatur,
706 4379 742 4432 ut
765 4371 932 4432 enuntiata
959 4368 1036 4432 talia
1060 4367 1135 4433 olim
1159 4371 1430 4455 praecedentibus
1453 4394 1517 4436 non

119 4471 291 4535 subiuncta
322 4472 379 4535 sed
410 4472 562 4536 adiuncta
592 4473 691 4535 fuisse
724 4482 893 4537 statuatur.
942 4474 994 4534 cui
1025 4472 1233 4559 explicationi
1263 4477 1364 4539 multa
1394 4476 1516 4561 favent,

118 4586 155 4640 ut
184 4598 251 4640 rem
283 4578 327 4639 ita
360 4598 393 4639 se
424 4576 544 4641 habere
576 4580 644 4640 veri
677 4577 778 4643 simile
809 4600 878 4641 esse
909 4578 1067 4643 videatur.
1121 4581 1183 4644 loci
1214 4590 1336 4663 autem,
1367 4582 1423 4666 qui
1454 4580 1517 4645 buc
