3392 5067
1447 180 1511 244 363
1607 233 1686 249 ,,

218 395 246 458 y.
276 373 501 458 Anapacstus,
546 369 613 435 bini
658 368 831 450 tribrachi,
878 369 1028 456 dactylus
1072 370 1140 435 bis:
1186 369 1406 456 Aristophont.
1447 370 1510 454 11,

115 479 181 543 III
195 478 264 543 ΠΠ
279 478 324 540 V:
359 473 486 556 ἔδοσαν,
519 476 694 562 περιφανὲς
726 474 842 539 σκῦλον
875 477 941 538 ἀπὸ
974 483 1038 539 τῶν
1071 472 1242 558 πολεμίων,
1282 475 1419 560 Sosipat.
1458 476 1510 559 15⁰

114 582 180 646 III
194 581 246 645 ΠΙ
262 582 307 646 V:
330 587 410 646 πότε
434 579 487 644 δεῖ
504 581 697 665 πυκνότερον
718 579 889 661 ἐπαγαγεῖν
911 576 966 643 καὶ
988 579 1068 643 πότε
1090 578 1203 667 βάδην.

220 686 248 751 (1.
271 685 346 749 Bini
370 682 491 767 dactyli
519 693 551 746 et
577 682 647 746 bini
669 681 826 746 tribrachi
848 680 915 745 bis:
954 681 1088 766 Antiph.
1112 681 1175 746 209
1183 727 1196 766 8
1220 681 1283 745 IV
1298 682 1349 746 ΙΙΙ
1364 680 1433 745 ΙΙΠ
1455 685 1511 746 ἀν-

113 793 321 857 θεσιπότατα
348 785 445 873 μέλεα
466 785 592 873 μελέοις
614 788 776 870 ὀνόμασιν,
801 786 887 849 Μ66.
907 785 991 870 1294
1012 786 1096 850 IIII
1112 786 1180 850 IIII
1196 786 1240 850 V:
1264 784 1377 852 καὶτὸ
1400 788 1512 852 πόπα-

113 918 166 960 νον
188 890 275 959 τοῦτ’
298 889 412 975 ἔλαβεν
434 893 452 958 ὁ
475 895 554 970 θεὸς
576 886 633 956 tat
655 895 692 957 ab
714 902 788 978 πῦρ.

217 1021 242 1062 ε.
266 997 342 1061 Duo
358 997 490 1081 dactyli,
506 997 700 1080 tribrachus,
721 1003 916 1080 anapaestus
933 995 1049 1059 semel:
1071 994 1191 1061 Eubul.
1211 995 1293 1080 119,
1317 995 1368 1060 III
1383 996 1414 1060 V
1429 995 1508 1059 111:

113 1100 170 1166 ἐπὶ
192 1101 323 1168 δεῖπνον
345 1103 475 1186 ἄμαχοι,
501 1101 700 1187 Φιλοκράτης
720 1098 776 1166 καὶ
801 1100 1007 1188 Φιλοκράτης.

216 1205 255 1268 In
279 1205 343 1270 fine
365 1205 461 1270 huius
485 1205 600 1289 capitis
628 1206 692 1268 iam
722 1203 757 1267 id
787 1203 951 1287 agendum
982 1214 1031 1267 est
1060 1204 1163 1286 nobis,
1195 1227 1236 1268 ne
1267 1225 1333 1285 eos,
1364 1204 1420 1289 qui
1449 1201 1510 1266 hoc

112 1307 221 1373 libello
236 1319 376 1394 utentur,
394 1309 545 1393 decipere
562 1307 804 1372 videamurt
772 1309 892 1373 etenim
912 1331 987 1372 cum
1006 1331 1106 1394 supra
1128 1309 1356 1391 negaverimus
1380 1309 1510 1371 omniuo

113 1412 194 1477 tales
214 1413 335 1478 formas
356 1412 468 1498 quales
491 1421 564 1476 sunt
552 1413 770 1481 1,,66166
800 1421 898 1481 6166
903 1414 1011 1482 6661
1017 1413 1142 1496 legi,
1166 1421 1276 1497 utpote
1300 1410 1417 1496 quibus
1440 1431 1510 1496 pro-

113 1516 360 1581 celeusmaticus
379 1518 541 1592 existeret
520 1517 624 1579 tiam
640 1517 702 1601 ipsi
693 1515 899 1580 adferamus
917 1526 1043 1600 61161161
997 1517 1145 1581 11616666
1168 1514 1298 1600 aliquot,
1315 1517 1380 1601 qui,
1398 1515 1510 1601 quales

113 1623 247 1707 quidem
270 1621 437 1686 codicibus
460 1621 642 1702 traduntur,
670 1620 754 1684 hanc
784 1621 923 1684 formam
952 1644 1032 1707 prae
1063 1643 1096 1685 se
1127 1621 1212 1684 ferre
1235 1620 1400 1685 videntur.
1447 1640 1511 1708 qua

113 1727 154 1790 16
184 1749 219 1789 16
250 1749 324 1789 6616
352 1734 481 1810 praeter
512 1724 735 1790 Godofredum
758 1726 984 1788 Hermannum
1010 1725 1173 1808 Reisigius
1201 1727 1234 1789 in
1258 1723 1444 1788 Coniectan.
1467 1723 1510 1788 ad

113 1830 365 1915 Aristophanem
387 1840 420 1894 61
441 1831 558 1893 6661116
582 1828 782 1914 temporibus
798 1829 987 1915 Rumpelius
1003 1830 1085 1896 Phil.
1102 1830 1264 1911 XXVIII,
1288 1828 1350 1892 626
1371 1838 1403 1892 61
1419 1828 1509 1892 Chri·

63 1936 65 1939 ’
113 1937 192 1999 61166
216 1958 246 2019 p.
272 1934 566 2023 3291611616616
591 1933 838 2018 disputaverint,
869 1935 933 1997 1616
958 1933 1099 2018 singulos
1122 1956 1236 1998 versus
1259 1935 1442 1998 accuratius
1464 1934 1509 1998 in·

112 2041 288 2123 spiciamus
318 2060 453 2104 necesse
484 2048 542 2102 661.
588 2048 686 2124 atque
712 2039 798 2103 nullo
826 2049 923 2123 pacto
953 2039 1031 2102 ferri
1058 2061 1153 2125 posse
1181 2038 1348 2124 dactylum
1376 2047 1408 2102 61
1435 2061 1510 2102 ana·

112 2154 259 2229 paestum
281 2145 315 2209 in
338 2166 403 2208 666
425 2143 604 2228 cademque
627 2142 761 2228 dipodia
784 2145 973 2208 coniunctos
996 2165 1105 2207 omnes
1128 2144 1342 2208 consentiunt.
1371 2144 1423 2206 661
1445 2143 1510 2226 legi

112 2258 297 2333 repugnant
312 2249 447 2334 Antiph.
467 2247 528 2312 159
536 2295 550 2333 4
566 2246 637 2331 οὐχὶ
651 2251 696 2332 μὰ
713 2245 776 2313 Δία
791 2246 912 2327 τίτθας
926 2243 1090 2333 εἰσάγουσι
1107 2253 1286 2331 βασκάνους
1313 2309 1336 2316 -
1347 2295 1371 2318 6
1404 2295 1427 2317 6
1448 2249 1511 2318 166

116 2415 138 2421 -
161 2355 165 2418 1
195 2358 274 2438 ’1κοῦ
295 2358 341 2437 μὰ
364 2351 428 2418 Δία
451 2355 533 2416 6661.
556 2353 685 2416 Hanov.
709 2353 828 2416 Exere.
853 2355 922 2416 crit.
949 2352 1036 2438 194),
1060 2351 1330 2437 Α66116611.281
1356 2351 1426 2435 οὐχὶ
1448 2378 1511 2438 μα-

111 2460 198 2524 νικόν
219 2455 287 2523 ἐστ’
307 2458 341 2522 ἐν
364 2456 451 2544 οἰκίᾳ
473 2455 601 2546 τρέφειν
623 2466 708 2536 ταῶς
735 2504 793 2524 ,6
826 2459 920 2526 616
953 2505 976 2527 6
1010 2460 1058 2526 ,1
1093 2457 1143 2544 (οὐ
1168 2461 1300 2542 μανικόν
1322 2453 1389 2524 ἐστ’
1410 2459 1511 2543 suspi-

113 2572 204 2626 catus
228 2572 276 2625 est
297 2561 466 2647 Dindorf),
490 2561 590 2646 Diph.
610 2562 692 2645 104,
716 2567 771 2648 τὴν
798 2568 857 2646 γὰρ
880 2561 997 2628 111161
1019 2569 1124 2649 χεῖρον
1147 2564 1327 2652 μεταβολὴν
1349 2567 1385 2629 οὐ
1407 2585 1510 2648 προσ-

113 2667 194 2752 δοκᾷ
227 2667 433 2736 „almi
470 2666 595 2751 (Reisig
622 2689 652 2751 p.
681 2667 723 2729 29
754 2669 855 2731 suasit
884 2671 940 2754 τήν
969 2662 997 2751 γ’
1021 2666 1103 2753 arti),
1135 2667 1286 2732 Machon.
1318 2667 1373 2752 211
1405 2667 1511 2752 albara

113 2772 168 2837 111
198 2780 311 2836 πασῶν
339 2771 539 2849 Νικολαΐόας
565 2774 728 2850 Μυκόνιος
756 2774 1013 2841 ,66166-1
1048 2772 1215 2857 (Meinche
1246 2782 1278 2835 61
1307 2773 1511 2838 Herwerden

112 2874 232 2939 Mnem.
257 2897 331 2939 nov.
356 2875 414 2956 VI,
438 2873 480 2937 83
503 2875 622 2940 frustra
645 2898 775 2960 operam
800 2876 1365 2961 6666616116616611116666166161
1396 2861 1510 2942 uersus

112 2979 256 3045 nondum
272 2988 403 3044 sanatus
419 2979 492 3065 est).
525 2982 579 3064 qui
601 2990 771 3064 praeterea
793 3005 813 3045 a
833 2981 973 3047 Christio
998 2983 1189 3048 adferuntur
1210 2980 1286 3046 loci:
1311 2983 1406 3048 Alex.
1427 2982 1507 3069 2091

113 3094 144 3148 61
166 3085 308 3149 Damox.
332 3084 399 3169 223,
428 3106 514 3149 nunc
537 3085 659 3149 Kochii
686 3108 784 3170 opera
807 3087 976 3151 codicibus
1002 3087 1116 3152 melius
1139 3089 1294 3173 inspectis
1317 3089 1350 3151 in
1373 3087 1510 3152 formam

111 3192 287 3273 genuinam
308 3192 449 3255 restituti
472 3199 555 3256 sunt.

215 3295 285 3358 1616
308 3294 506 3358 accedamus
530 3294 571 3358 ad
595 3294 640 3359 alt
628 3305 731 3361 teram
753 3296 890 3362 formam
912 3301 1111 3368 666166-·
1104 3347 1111 3380 ,
1136 3319 1234 3382 quam
1250 3321 1333 3363 unus
1348 3297 1509 3382 Reisigius

111 3399 267 3463 tuendam
289 3401 440 3485 suscepit
465 3422 540 3464 6616
556 3401 1391 3485 1616161116661666166116616616116666166661
1403 3425 1509 3488 pro

112 3512 287 3588 anapaesto
310 3507 451 3589 1166116111
472 3514 595 3581 6666.
643 3506 700 3569 661
724 3528 829 3588 6616,
854 3508 888 3570 61
910 3506 1049 3590 161161,’
1040 3530 1146 3593 1116661
1170 3507 1417 3572 fundamentum
1441 3508 1509 3572 cius

112 3610 289 3671 sententiae
321 3611 455 3691 corruit3
486 3632 563 3674 nam
594 3612 620 3673 si
650 3610 975 3695 proceleusmaticum
1005 3634 1063 3698 pro
1086 3621 1260 3698 anapaesto
1283 3613 1424 3697 positum
1447 3622 1508 3676 sta-

111 3714 239 3793 tuimus,
272 3735 347 3776 6661
379 3713 501 3778 6161661
532 3716 744 3779 incisionibus
775 3738 886 3780 661616
918 3726 1053 3802 oportet,
1089 3717 1206 3804 quibus
1240 3739 1281 3781 nc
1313 3728 1509 3802 anapaestus

111 3817 244 3900 quidem
270 3817 459 3901 impeditur:
493 3822 655 3890 616126
688 3820 903 3890 6166116.
950 3821 977 3884 si
1004 3830 1113 3886 autem
1140 3821 1228 3886 locos
1254 3824 1417 3909 inspicies,
1446 3845 1509 3887 non

111 3919 213 3985 solum
236 3922 434 4003 incisionem,
464 3923 521 3988 661
550 3927 647 3989 etiam
674 3927 969 4010 interpunctionem
995 3927 1147 4011 reperies.
1192 3935 1289 4013 atque
1313 3951 1509 4015 quamquam

111 4046 163 4088 me
186 4046 250 4088 non
273 4025 356 4110 fugit
375 4027 517 4110 Reisigio
540 4030 612 4113 ipsa
635 4029 812 4093 inhaere
839 4031 1083 4094 excusationem
1104 4032 1242 4114 positam
1261 4032 1375 4119 videri,
1399 4044 1509 4098 tamen

109 4150 160 4192 me
187 4127 240 4192 ille
268 4152 331 4193 non
356 4130 593 4196 adsentientem
615 4133 759 4198 habebit.
806 4155 882 4198 nam
911 4156 988 4197 sane
1011 4137 1228 4220 pronuntiatio
1257 4137 1382 4202 facilior
1403 4139 1440 4202 fit
1462 4140 1508 4204 in-

110 4236 343 4318 terpunctione,
368 4234 424 4299 sed
447 4236 619 4322 rhythmus
641 4238 801 4302 iambicus
825 4239 953 4302 omnino
977 4238 1107 4303 tollitur.
1153 4240 1281 4305 aceedit
1307 4242 1394 4328 quod
1423 4247 1508 4330 equi-

110 4338 185 4403 dem
208 4361 336 4423 semper
358 4339 482 4404 molesti
503 4341 680 4427 aquadam
703 4352 735 4407 et
758 4343 869 4407 labore
892 4343 961 4406 fere
977 4342 1177 4428 implicabar‚
1204 4367 1278 4410 cum
1292 4347 1374 4411 tales
1394 4370 1507 4414 versus

110 4443 253 4508 conabar
276 4446 493 4529 pronuntiare.
539 4454 636 4530 atque
659 4449 721 4511 hac
748 4451 781 4513 in
808 4470 844 4512 16
873 4469 986 4511 666666
1013 4447 1226 4532 rhythmicus,
1254 4460 1290 4514 ut
1316 4453 1361 4516 ita
1388 4452 1506 4538 dicam,

108 4570 171 4612 non
195 4548 285 4612 nihili
309 4549 478 4613 faciendus
501 4551 641 4632 videtur,
667 4574 740 4615 cum
763 4562 811 4616 tot
834 4552 922 4617 milia
946 4574 1099 4616 versuum
1122 4555 1240 4618 iterum
1263 4565 1361 4642 atque
1388 4558 1507 4624 iterum
