3392 5067
167 226 228 291 186

165 442 219 505 pp.
242 418 284 484 25
294 420 380 507 sqq.)
405 420 543 484 ostendit
565 458 617 505 -,
646 423 812 486 enuntiata
834 421 972 487 relativa
994 424 1090 486 etiam
1114 425 1255 508 priorem
1272 422 1418 487 obtinent
1444 423 1560 488 locum.
1586 496 1589 500 .

166 535 277 589 contra
299 526 461 589 rarissime
485 526 660 609 enuntiata,
683 547 765 610 quae
788 536 857 591 arte
881 526 1063 609 cohaerent,
1087 528 1140 591 vel
1163 538 1272 613 partes
1296 528 1443 592 eiusdem
1463 550 1560 592 enun-

164 632 234 695 tiati
256 626 443 714 interposito
466 631 653 714 pronomine
682 630 817 695 relativo
841 632 928 695 hunc
955 632 988 695 in
1015 632 1148 696 modum
1176 632 1382 696 dirimuntur:
1414 627 1558 715 Theogn.

166 734 227 797 667
238 756 284 818 sq.
309 735 339 798 εἰ
360 736 417 818 μὲν
440 728 572 821 χρήματ’
588 729 702 819 έχοιμι,
722 734 894 822 Σιμωνίδη,
918 725 1052 821 οἷάπερ
1075 738 1145 825 ᾔδη,
1167 735 1171 819 Ι
1191 740 1246 801 οὐκ
1269 738 1308 801 δν
1330 739 1471 822 ἄνιώμην
1491 743 1561 815 τοῖς

166 842 322 923 ἀγαθοῖσι
344 843 453 919 συνών,
485 837 549 901 405
576 836 630 903 καί
655 833 687 904 οἱ
710 835 808 929 έθηκε
832 842 947 920 δοκεῖν,
970 838 992 905 δ
1014 839 1072 925 μέν
1093 838 1112 927 ᾗ
1134 845 1225 921 κακοί,
1249 836 1338 905 ταῦτ’
1353 834 1454 923 ἀγάθ’
1468 833 1560 923 εἶναι,

166 942 285 1027 θῡλεη.
313 944 397 1020 είκδς
419 943 458 1005 δν
479 940 525 1031 ην,
551 941 587 1020 ὃς
609 944 665 1028 μέν
687 940 789 1009 πλείω
811 946 923 1030 χρόνον
945 936 1039 1010 αἶσαν
1061 941 1199 1029 έμιμνεν,
1220 945 1226 1029 Ι
1244 942 1420 1033 φείδεσθαι
1442 946 1562 1029 μᾶλλον

165 1055 278 1111 τοῦτον
296 1045 333 1111 ὃν
351 1038 417 1127 εἶχε
431 1044 513 1129 βίον,
539 1046 601 1111 803
611 1068 657 1131 sq.
679 1047 753 1114 οὐδὲ
774 1052 832 1135 γὰρ
856 1047 891 1128 ὃς
912 1053 1063 1137 θνητοῖσι
1084 1047 1139 1114 καί
1161 1052 1375 1115 ἀθανάτοισιν
1397 1048 1559 1132 &voluerut

167 1154 245 1229 Ζεὺς
267 1149 433 1239 Κρονίδης,
457 1156 591 1237 θνητοῖς
613 1161 713 1217 πᾶσιν
737 1152 826 1218 ἁδεῖν
848 1154 990 1218 δύναται.
1035 1155 1112 1218 item
1141 1175 1215 1217 raro
1247 1152 1288 1217 ab
1319 1155 1484 1216 enuntiato
1514 1174 1561 1215 re-

166 1254 264 1318 lativo
295 1257 497 1320 enuntiatum
526 1256 696 1321 relativum
726 1257 857 1341 pendet,
888 1267 923 1322 ut
950 1257 1096 1341 Theogn.
1119 1257 1184 1321 215
1201 1280 1248 1343 sq.
1272 1256 1308 1337 ὃς
1328 1256 1408 1323 ποτί
1430 1255 1560 1346 πέτρη)

166 1368 205 1447 τῇ
227 1360 458 1449 προσομιλήσῃ,
481 1366 570 1439 τοῖος
593 1362 672 1426 ἰδεῖν
693 1362 804 1449 ἐφάνη,
829 1361 893 1426 Sol.
913 1362 944 1446 4,
963 1360 1070 1446 l9sq.,
1087 1362 1233 1445 Theogn.
1250 1361 1313 1424 879
1323 1384 1381 1446 sq,
1400 1360 1483 1424 1123
1492 1383 1562 1446 sqq.

271 1482 336 1545 Hic
370 1482 459 1545 locus
493 1491 668 1565 extremus,
700 1484 755 1569 qui
785 1494 847 1547 est:
878 1485 922 1569 μή
944 1508 984 1568 με
1010 1491 1115 1549 κακῶν
1141 1482 1305 1572 μίμνησκε,
1333 1481 1489 1549 πέπονθά
1511 1507 1563 1549 τοι

167 1576 221 1651 οἷά
240 1582 269 1651 τ’
285 1582 468 1667 Ὀδυσσεύς,
489 1586 493 1669 1
514 1583 582 1652 ὅστ’
601 1584 716 1653 Ἀίδεω
739 1587 819 1671 μέγα
843 1584 924 1672 δῶμ’
943 1589 1063 1675 ἤλυθεν
1084 1587 1244 1669 ἐξαναδύς,
1266 1588 1270 1674 Ι
1290 1587 1326 1667 ὃς
1348 1589 1387 1675 δι)
1409 1586 1465 1653 καί
1485 1612 1564 1674 μνη·

167 1700 285 1779 στῆρας
315 1689 455 1756 ἀνείλετο
486 1691 570 1778 νηλέι
605 1697 700 1781 θυμῷ
732 1693 735 1778 l
766 1693 960 1781 Πηνελόπης
993 1690 1121 1781 ἔμφρων
1154 1691 1315 1781 κουριδίης
1344 1693 1476 1774 ἀλόχου,
1508 1690 1513 1777 Ι
1543 1696 1564 1781 ί)

168 1820 222 1880 μιν
245 1792 322 1879 δήθ’
340 1794 488 1879 ὑπέμεινε
516 1794 599 1883 φίλῳ
630 1801 718 1883 παρὰ
747 1796 843 1864 παιδί
873 1795 1022 1881 μένουσα,
1051 1799 1147 1861 etiam
1173 1819 1210 1861 eo
1238 1799 1373 1881 insignis
1397 1806 1454 1879 est,
1479 1796 1565 1880 quod

167 1910 240 1986 post
262 1900 365 1965 verba
388 1895 457 1966 ὅστ’
477 1896 591 1967 Ἀίδεω
614 1900 694 1985 μέγα
716 1896 797 1985 δῶμ’
820 1903 939 1989 ἤλυθεν
960 1901 1112 1980 ἐξαναδύς
1134 1923 1311 1986 pronomen
1333 1902 1504 1966 relativum
1532 1902 1565 1965 in

168 2006 334 2089 anaphora
362 2007 506 2070 iteratur.
531 2006 617 2092 quod
640 2006 801 2090 singulare
831 2005 928 2091 plane
951 2015 1001 2069 est
1030 2008 1063 2070 in
1094 2007 1223 2090 elegeis.
1268 2028 1344 2071 nam
1368 2007 1566 2092 ubicumque

168 2120 298 2197 praeter
319 2110 407 2173 hunc
434 2111 540 2174 locum
564 2113 662 2176 oratio
692 2110 846 2195 bipertita
874 2120 930 2192 est,
963 2111 1061 2176 semel
1085 2132 1260 2196 pronomen
1283 2111 1455 2176 relativum
1477 2112 1566 2196 poni-

168 2224 221 2280 tur
244 2224 276 2279 et
297 2215 435 2279 alterum
457 2214 639 2280 membrum
662 2217 760 2301 priori
783 2216 975 2302 plerumque
1001 2215 1118 2280 vocula
1146 2214 1183 2282 δέ
1211 2214 1324 2301 (οὐδέ),
1353 2238 1427 2280 raro
1449 2215 1568 2280 vocula

169 2318 233 2401 καί,
257 2320 307 2383 bis
330 2319 490 2404 particula
511 2318 547 2386 τέ
570 2320 729 2406 (Theogn.
747 2320 812 2383 974
831 2330 873 2404 et,
897 2321 954 2386 ubi
974 2322 1074 2385 oratio
1095 2329 1144 2385 est
1162 2322 1332 2406 tripertita,
1349 2320 1427 2406 709)
1450 2320 1566 2384 adnec-

169 2426 255 2489 titur.
302 2433 398 2508 atque
422 2433 571 2507 quattuor
597 2424 675 2488 loeis
703 2426 838 2489 alterum
866 2424 1049 2490 membrum
1072 2448 1091 2489 a
1113 2427 1220 2511 priore
1246 2427 1291 2489 ita
1319 2426 1507 2508 seiungitur,
1530 2433 1567 2489 ut

169 2530 273 2594 tribus
301 2528 379 2592 loeis
396 2527 555 2615 (Theogn.
572 2528 645 2611 391,
661 2529 735 2613 405,
755 2528 853 2616 1376)
869 2552 1045 2616 pronomen
1062 2529 1350 2595 demonstrativum
1366 2518 1437 2615 (σί),
1453 2537 1568 2614 quarto

169 2635 240 2698 loco
272 2631 386 2719 (1264)
409 2632 602 2719 'pronomen
638 2634 808 2720 personale
842 2633 924 2721 (σοι)
962 2634 1124 2699 adiectum
1162 2636 1212 2699 sit.
1270 2642 1439 2719 praeterea
1469 2633 1568 2697 semel

172 2738 332 2826 (Theogn.
351 2736 407 2825 86)
424 2761 466 2802 ex
489 2738 599 2803 dativo
622 2742 828 2803 accusativus
851 2738 1051 2826 supplendus
1074 2747 1132 2821 est,
1155 2748 1205 2803 ter
1226 2738 1385 2825 (Theogn.
1402 2738 1476 2821 452,
1494 2738 1568 2822 708,

172 2843 249 2929 974)
281 2866 323 2905 ex
356 2866 434 2907 casu
461 2843 590 2929 obliquo
620 2846 844 2908 nominativus.
891 2844 1023 2929 reliquis
1053 2865 1130 2907 vero
1153 2843 1246 2927 locis,
1277 2843 1366 2907 velut
1396 2843 1487 2928 Tyrt.
1519 2842 1568 2926 12,
1615 2837 1619 2843 ’

173 2948 213 3012 16
238 2970 295 3033 sq,
327 2949 439 3012 Mimn.
468 2947 498 3029 5,
523 2949 615 3033 lsq,
655 2948 718 3013 Sol.
746 2949 776 3030 4,
807 2949 847 3013 15
871 2971 928 3034 sq,
960 2948 1105 3032 Theogn.
1134 2947 1186 3029 96,
1216 2947 1280 3011 439
1303 2970 1361 3033 sq,
1391 2968 1568 3031 pronomen

172 3059 204 3119 in
228 3065 365 3139 utroque
387 3054 532 3118 membro
556 3053 693 3118 subiecti
716 3075 850 3118 munere
872 3055 1017 3137 fungitur
1039 3055 1186 3137 exceptis
1209 3052 1353 3135 Theogn.
1377 3075 1432 3116 vv.
1449 3051 1512 3116 609
1522 3073 1567 3136 sq.

174 3214 180 3227 .
207 3216 212 3227 .
239 3212 245 3225 .
270 3162 333 3246 ὅτῳ
363 3158 482 3245 ψεῦδος
511 3166 720 3247 προσομαρτῇ
751 3158 754 3243 l
782 3157 879 3246 ἀνδρί·
906 3156 960 3224 καί
989 3156 1106 3247 ἐξέλθῃ
1139 3165 1267 3241 πρῶτον
1299 3160 1365 3222 ἀπὸ
1399 3159 1568 3241 στόματος,

172 3265 229 3329 ubi
258 3264 387 3328 dativus
416 3264 450 3326 in
480 3266 585 3346 priore
616 3263 760 3327 membro
790 3263 927 3327 traditus
959 3264 1055 3325 etiam
1086 3265 1118 3325 in
1148 3262 1248 3326 altero
1280 3261 1424 3347 suppleri
1453 3269 1568 3348 potest.

174 3372 227 3456 qui
262 3390 339 3432 usus
377 3390 450 3430 cum
485 3390 546 3431 usu
575 3368 722 3449 Homeri,
761 3368 802 3432 dc
833 3389 896 3453 quo
923 3365 1151 3449 Naegelsbach
1181 3366 1223 3430 ad
1255 3370 1293 3430 Α
1323 3366 1344 3429 3
1374 3376 1405 3429 et
1435 3365 1569 3430 Classen

85 3492 89 3501 ’
173 3475 193 3539 l.
219 3496 246 3536 c.
282 3496 337 3559 pp.
364 3472 402 3534 19
424 3494 494 3557 sqq.
527 3471 747 3556 conferantur,
779 3475 812 3537 in
842 3473 1031 3536 universum
1061 3474 1233 3550 consentit,
1271 3473 1333 3535 nisi
1365 3470 1450 3555 quod
1481 3469 1569 3555 apud

173 3579 260 3643 hunc
295 3599 453 3662 nusquam
484 3576 519 3643 τέ
552 3600 610 3663 pro
642 3558 770 3641 vinculo
803 3586 861 3657 est,
895 3577 927 3658 in
960 3576 1079 3659 elegeis
1109 3598 1269 3660 nusquam
1301 3573 1336 3640 τὲ
1368 3572 1432 3656 καί,
1464 3594 1569 3658 neque

175 3683 262 3769 apud
296 3694 408 3769 poetas
441 3683 601 3767 elegiacos
635 3703 788 3766 umquam
818 3680 913 3745 verbi
946 3681 1061 3745 modus
1092 3682 1125 3743 in
1156 3679 1256 3745 altero
1287 3679 1431 3743 membro
1458 3682 1570 3742 immu-

174 3799 268 3853 tatur.
279 3788 304 3873 1)
348 3788 442 3871 adde,
468 3787 553 3872 quod
581 3796 693 3872 poetae
717 3786 853 3868 elegiaci
894 3807 1054 3870 nusquam
1076 3787 1242 3848 enuntiata
1270 3784 1356 3847 hunc
1382 3786 1416 3846 in
1438 3783 1569 3846 modum

175 3893 262 3958 nulla
290 3893 405 3977 copula
432 3891 579 3956 adhibita
605 3893 696 3954 iuxta
723 3901 861 3974 ponunt:
899 3888 1051 3973 σχέτλιος,
1083 3890 1296 3973 ὀβριμοεργός,
1329 3887 1364 3967 ὃς
1394 3893 1450 3953 οὐκ
1480 3882 1570 3952 ὄθετ’

175 3998 289 4065 αίσολα
319 3998 425 4085 ῥέζων,
447 3999 451 4084 Ι
471 3997 507 4077 ὃς
533 3984 675 4074 τόξοισιν
704 3991 795 4084 έκηδε
826 4001 932 4077 θεούς,
963 3994 997 4061 οἳ
1013 3989 1188 4079 ’Όλυμττον
1217 3990 1343 4074 ἔχουσιν
1367 3991 1409 4078 (Ε
1423 3991 1487 4055 403
1497 3988 1570 4076 sq),

177 4106 267 4169 cuius
289 4127 367 4168 usus
391 4104 542 4189 exempla
565 4102 651 4189 apud
675 4102 854 4166 Homerum
878 4100 936 4186 (cf.
953 4102 1088 4165 Ameisii
1112 4099 1251 4185 append.
1276 4098 1318 4161 ad
1340 4107 1369 4182 ψ
1392 4093 1470 4181 229)
1494 4096 1571 4158 satis

176 4208 277 4273 multa
299 4210 458 4293 leguntur.
753 4220 756 4225 '

284 4546 303 4608 1)
322 4544 396 4593 Medi
412 4546 525 4594 mutatio
542 4542 572 4593 fit
589 4545 616 4591 in
635 4544 774 4592 enuntiato
792 4538 933 4605 temporali
945 4538 1064 4602 Theogn.
1078 4539 1179 4601 751sq,
1198 4537 1274 4584 cuius
1293 4534 1406 4584 alterum
1425 4533 1572 4583 membrum

179 4633 314 4685 enuntiati
332 4632 450 4697 primarii
468 4633 552 4681 instar
570 4635 610 4681 est
628 4645 716 4696 neque
735 4644 795 4677 cum
815 4630 903 4693 priore
921 4627 1064 4691 quicquam
1083 4637 1226 4673 commune
1244 4621 1332 4671 habet.
