3392 5067
167 242 232 304 230

168 436 326 497 centiores
349 436 565 498 inveniuntur.
591 474 633 483 —
657 439 798 521 ὀρθοῦν
822 438 969 521 Theogu.
988 438 1050 501 759
1066 461 1113 523 sq.
1131 442 1229 521 αὐτὰρ
1252 435 1420 503 Ἀπόλλων
1440 440 1444 522 Ι
1464 439 1576 524 ὀρθώ-

168 559 223 603 σαι
245 539 393 622 γλῶσσαν
415 538 470 603 καί
492 541 566 605 νόον
580 538 732 628 ἡμέτερον
754 542 909 606 translate
933 544 1057 605 dictum
1080 553 1143 606 est:
1167 543 1255 627 apud
1271 543 1451 607 Homerum
1474 544 1574 606 notio·
1689 603 1690 636 3

167 665 241 706 nem
267 642 412 725 erigendi
436 642 544 707 habet.
569 683 611 691 -
635 644 760 725 οὐδείς
783 646 929 731 Theogn.
949 647 1011 709 170
1033 648 1147 731 άνδρδς
1169 648 1203 713 δέ
1227 648 1352 732 σπουδὴ
1375 644 1493 730 γίνεται
1517 652 1575 712 οδ-

168 744 263 832 δεμία
287 746 374 811 idem
397 757 445 810 est
469 747 554 832 quod
577 753 721 833 μάταιος.
757 789 798 797 -
822 750 884 836 dd).
908 752 1054 835 Theogn.
1072 751 1136 816 532
1158 751 1276 835 legitur
1300 752 1402 816 αὐλῶν
1419 802 1426 815 .
1492 750 1572 831 όπα,

167 850 255 935 apud
274 851 454 915 Homerum
469 874 547 916 vero
564 852 612 939 όψ
629 853 669 916 de
691 855 916 918 animanlibus
941 856 1069 919 dicitur.
1093 894 1136 902 -
1159 857 1315 942 παλάμη
1338 853 1484 937 Theogn.
1509 855 1575 919 624

168 962 321 1019 παντοῖαι
345 951 374 1020 δ’
390 954 499 1039 ἀρεταί
522 955 576 1022 καί
590 960 703 1039 βιότου
718 960 867 1044 παλάμαι
885 971 917 1023 ct
934 960 1017 1024 1028
1038 970 1096 1026 τοῦ
1110 955 1140 1027 δ’
1156 964 1285 1045 ἀγαθοῦ
1300 961 1434 1048 χαλεπή,
1459 961 1572 1045 Κύρνε,

167 1057 260 1123 πέλει
283 1060 416 1146 παλάμη
439 1081 502 1124 non
526 1064 656 1145 proprie
686 1062 941 1146 intellegendum
963 1076 1021 1128 est.
1063 1104 1100 1111 -—
1140 1063 1460 1149 παραμείβεσθαι
1483 1064 1573 1149 apud

167 1162 347 1227 Homerum
363 1172 488 1228 tantum
505 1164 598 1244 ζ310
622 1165 692 1251 (τόν
706 1170 1010 1255 παραμειψάμενος)
1035 1180 1126 1234 extat
1141 1179 1172 1233 et
1188 1169 1230 1233 ad
1253 1169 1360 1233 locum
1376 1178 1511 1254 spectat,
1535 1178 1574 1231 ut

167 1266 276 1352 hymn.
296 1267 404 1353 Apoll.
421 1269 517 1355 Pyth.
536 1270 597 1333 231
615 1269 856 1359 παρημείβοντο
871 1274 1021 1338 Μάλειαν
1044 1284 1075 1337 et
1091 1273 1235 1357 Theogn.
1254 1274 1317 1338 709
1340 1274 1443 1352 πύλας
1465 1298 1572 1360 παρα-

165 1369 330 1467 μείψεται.
377 1373 435 1437 sed
459 1374 570 1439 Mimn.
592 1374 658 1457 2,9
683 1379 780 1461 αὐτάρ
808 1378 890 1464 έπην
921 1379 959 1465 δη
981 1389 1078 1444 τοῦτο
1110 1378 1202 1457 τέλος
1225 1376 1468 1464 παραμείψεται
1490 1380 1574 1463 ὥρης

167 1486 199 1539 et
221 1476 299 1540 ibid.
318 1477 348 1559 3,
368 1479 384 1540 l
408 1479 489 1564 ἐπὴν
512 1477 754 1566 παραμείψεται
778 1484 843 1569 ὥρη
867 1482 910 1545 ad
932 1490 1060 1567 tempus
1083 1483 1232 1560 refertur,
1258 1483 1345 1568 quod
1367 1484 1509 1567 primum
1533 1481 1573 1543 fit

168 1581 245 1646 Hes.
270 1580 332 1666 Op.
357 1582 421 1646 409
452 1586 471 1669 ἡ
495 1578 524 1648 δ’
540 1584 605 1672 ὥρη
628 1583 885 1673 παραμείβηται;
923 1588 963 1649 cf.
989 1587 1134 1671 Theogn.
1152 1587 1216 1651 985
1239 1586 1433 1671 παρέρχεται
1456 1586 1573 1669 άχλαδς

165 1690 238 1774 η’βη,
270 1686 311 1749 de
335 1708 398 1772 quo
430 1685 499 1751 loco
530 1688 618 1751 idem
642 1688 818 1753 dicendum
846 1700 909 1770 est3
948 1712 1023 1754 nam
1051 1692 1094 1755 ab
1118 1691 1261 1755 Homero
1284 1713 1324 1754 ne
1346 1688 1573 1776 παρέρχεσθαι

167 1791 297 1875 quidem
323 1812 396 1855 cum
419 1792 614 1872 nominibus,
643 1795 675 1855 in
700 1794 818 1877 quibus
841 1797 996 1880 temporis
1020 1796 1214 1878 significatio
1236 1797 1328 1872 inest,
1354 1797 1571 1878 coniungitur.

166 1933 208 1942 —-
231 1901 411 1977 πάσχειν,
443 1918 641 1982 quamquem
664 1920 761 1983 saepe
793 1901 825 1963 in
856 1901 992 1964 Homeri
1020 1898 1217 1964 carminibus
1240 1902 1413 1982 invenitur,
1445 1909 1573 1963 tantum

167 2001 208 2064 de
231 2000 329 2063 rebus
352 2000 499 2065 adversis
520 2013 704 2087 usurpatur,
729 2004 815 2088 quod
839 2007 937 2067 etiam
953 2004 994 2067 de
1010 2005 1145 2068 Hesiodi
1169 2004 1366 2069 carminibus
1390 2003 1485 2067 valet.
1510 2004 1571 2066 sed

167 2107 199 2168 in
224 2106 343 2189 elegeis
368 2106 555 2191 saepissime
579 2106 741 2172 adiectiva
757 2119 789 2170 et
812 2109 979 2191 adverbia,
1005 2132 1087 2194 quae
1110 2108 1152 2173 ab
1175 2108 1231 2172 illa
1254 2110 1287 2171 vi
1311 2108 1496 2190 abhorrent,
1519 2131 1571 2171 ac·
1690 2143 1691 2188 χ

169 2208 298 2293 cedunt,
330 2210 431 2273 veluti
463 2210 555 2295 Tyrt.
583 2210 636 2288 12,
658 2210 699 2274 38
730 2213 836 2278 πολλὰ
866 2214 900 2279 δέ
926 2220 1047 2299 τερπνά
1074 2219 1209 2296 παθών,
1238 2212 1361 2277 Archil.
1384 2211 1414 2294 8,
1437 2213 1457 2274 2
1483 2212 1572 2296 μάλα

166 2310 261 2379 πόλλ’
277 2308 443 2398 ἱμερόεντα
466 2318 582 2395 πάθοι,
608 2314 671 2379 Sol.
689 2315 779 2398 24,4
802 2316 972 2403 (repetitus
996 2317 1142 2401 Theogn.
1168 2316 1245 2400 722)
1278 2326 1311 2380 et
1333 2317 1478 2400 Theogn.
1502 2315 1569 2378 474

165 2421 250 2503 άβρά
273 2423 413 2499 παθεῖνς
438 2418 478 2482 cf.
496 2419 622 2484 Sitaleri
644 2420 754 2504 index,
778 2420 834 2485 ubi
858 2422 973 2507 reliqui
996 2421 1058 2486 loci
1081 2423 1225 2506 congesti
1249 2431 1331 2485 sunt.
1358 2459 1398 2467 —
1422 2425 1568 2485 πατάσ-

165 2544 248 2588 σειν
270 2521 358 2609 apud
382 2524 561 2588 Homerum
585 2533 634 2588 est
657 2526 823 2610 ‘pulsare',
860 2538 971 2591 contra
994 2527 1140 2610 Theogn.
1167 2526 1250 2589 1199
1281 2524 1335 2591 καί
1357 2548 1413 2610 μοι
1434 2523 1568 2611 κραδίην

165 2626 305 2705 ἐπάταξε
329 2626 481 2713 μέλαιναν
504 2630 666 2694 obiectum
689 2631 830 2713 aceedit3
860 2631 901 2694 ef.
918 2653 950 2715 p.
969 2631 1039 2695 140.
1078 2670 1120 2677 —-
1158 2629 1347 2695 πένεσθαι
1371 2632 1404 2693 in
1427 2630 1568 2713 antiquis

167 2734 365 2797 carminibus
388 2734 476 2797 idem
500 2736 660 2818 significat
684 2736 772 2821 quod
798 2735 971 2799 ‘laborare'
996 2735 1058 2818 vel,
1083 2737 1108 2798 si
1132 2734 1294 2799 obiectum
1319 2734 1455 2815 accedit,
1479 2734 1567 2796 idem

165 2837 251 2921 quod
268 2838 412 2917 ‘curare'3
436 2839 539 2902 altera
556 2862 631 2903 vero
648 2842 708 2917 vis,
733 2850 882 2924 quaeest
905 2843 1096 2924 ‘pauperem
1112 2840 1208 2920 esse',
1233 2841 1374 2922 primum
1390 2840 1422 2901 in
1446 2837 1567 2919 elegeis

165 2944 343 3024 invenitur3
391 2944 431 3008 cl.
457 2944 594 3025 80115,
618 2944 633 3005 1
658 2943 776 3009 πολλοὶ
798 2948 855 3030 γάρ
878 2944 1051 3009 πλουτεῦσι
1073 2942 1175 3025 κακοί,
1199 2941 1323 3027 άχαθοί
1347 2942 1381 3009 δέ
1403 2943 1566 3021 πένονται,

166 3047 311 3131 Theogn.
336 3048 399 3111 929
416 3072 463 3134 sq.
491 3049 521 3113 εἰ
542 3051 599 3134 μέν
621 3053 679 3134 γάρ
701 3050 861 3131 πλουτεῖς,
884 3048 1003 3115 πολλοὶ
1025 3047 1124 3135 φίλοι,
1149 3049 1186 3135 ἢν
1209 3049 1244 3114 δὲ
1267 3046 1392 3134 πένηαι,
1413 3048 1417 3133 l
1437 3058 1565 3131 παῦροι.

165 3190 207 3197 ——
229 3154 486 3235 περιβάλλειν.
533 3175 630 3237 quam
653 3157 718 3218 vim
741 3154 803 3217 hoc
826 3153 964 3217 verbum
988 3153 1053 3217 Sol.
1077 3154 1129 3237 33,
1154 3154 1174 3215 3
1198 3154 1353 3236 (tetram.)
1381 3152 1565 3242 περιβαλὼν

165 3252 307 3341 δ’όίχραν
339 3256 447 3339 babet,
480 3280 519 3320 ea
542 3257 629 3341 apud
657 3259 837 3321 Homerum
868 3280 932 3321 non
962 3259 1141 3338 invenitur3
1181 3258 1223 3321 cf.
1248 3280 1322 3321 cum
1347 3255 1473 3321 Solonis
1494 3255 1564 3318 loco

165 3360 287 3424 Herod.
301 3362 317 3423 l
332 3361 402 3423 141.
419 3400 462 3409 —-
477 3360 712 3448 περίδρομος
732 3363 816 3447 (K.)
833 3361 979 3445 Theogu.
992 3362 1055 3426 581
1073 3364 1192 3426 dicitur
1207 3362 1331 3443 mulier,
1348 3383 1430 3447 quae
1447 3382 1564 3445 corpus

166 3464 286 3547 vulgat.
304 3505 345 3511 —
361 3469 502 3545 πιστός
516 3467 589 3551 (K.)
607 3468 694 3552 apud
711 3468 891 3531 Homerum
907 3476 939 3528 et
955 3467 1134 3531 Hesiodum
1150 3467 1236 3530 idem
1253 3466 1341 3529 valet
1356 3465 1443 3550 quod
1459 3466 1562 3548 ‘fidus

165 3571 293 3654 certus',
318 3593 414 3655 quam
438 3573 504 3633 vim
528 3573 625 3635 etiam
648 3574 679 3634 in
704 3571 822 3655 elegeis
845 3572 967 3635 habere
992 3572 1081 3635 solet.
1114 3570 1171 3634 sed
1195 3572 1341 3653 Theogn.
1367 3570 1429 3634 283
1458 3575 1562 3636 ἀστῶν

163 3673 275 3761 μηδενί
291 3679 407 3754 πιστὸς
428 3676 489 3741 έὼν
503 3676 591 3741 πόδα
606 3676 707 3740 τῶνδε
723 3679 878 3761 πρόβαινε
894 3698 958 3740 non
975 3676 1083 3740 differt
1102 3698 1122 3739 a
1137 3674 1237 3738 verbo
1261 3672 1405 3755 πίσυνος,
1429 3675 1514 3759 quod
1530 3676 1562 3737 in

164 3782 311 3865 proximo
328 3802 424 3843 versu
447 3778 573 3863 legitur.
599 3790 741 3843 ceterum
765 3780 806 3845 cf.
825 3780 1067 3845 Aesch.P1·om.
1085 3780 1158 3862 949,
1182 3779 1271 3842 Pers.
1288 3778 1340 3858 56,
1365 3777 1462 3863 Soph.
1480 3778 1561 3843 Oed.

165 3885 201 3951 O.
221 3885 314 3949 1031.
339 3924 380 3931 -
403 3883 568 3972 πλησίας
590 3885 735 3969 Theogn.
754 3885 815 3948 221
834 3909 880 3971 sq.
897 3884 986 3964 ὅστις
1008 3909 1060 3951 τοι
1083 3884 1186 3952 δοκέει
1207 3888 1264 3949 τδν
1278 3882 1416 3970 πλησίον
1437 3883 1561 3967 ’ίδμεναι

164 3987 265 4073 οὐδέν,
287 3991 290 4075 l
311 3985 380 4055 ἀλλ’
400 3994 494 4069 αὐτὸς
516 4000 630 4073 μοῦνος
656 3988 789 4056 ποικίλα
814 3986 897 4080 δήνε)
914 3986 997 4071 έχειν
1020 3999 1051 4053 et
1074 3991 1135 4052 611
1165 3994 1202 4055 οὐ
1225 3990 1365 4071 χαλεπὸν
1387 3986 1487 4074 ψέξαι
1508 3990 1563 4051 τδν

164 4092 301 4184 πλησίον
331 4096 376 4158 ita
405 4104 596 4180 usurpatur,
634 4103 669 4158 ul
698 4094 761 4159 loci
793 4094 1059 4178 significationem
1091 4096 1261 4158 evanuisse
1296 4103 1392 4178 atque
1428 4088 1563 4179 πλησίας

168 4199 306 4263 eandem
330 4200 397 4262 vim
420 4221 517 4283 quam
540 4200 635 4278 δίλλος
657 4200 822 4284 accepisse
846 4199 977 4278 videas3
1010 4199 1051 4263 cf.
1076 4198 1174 4283 Soph.
1200 4198 1275 4262 Ant.
1303 4196 1362 4261 707
1382 4218 1450 4280 sqq.
1475 4197 1563 4274 ὅστις

164 4310 222 4390 χάρ
256 4308 350 4382 αδτδς
382 4305 402 4393 ἢ
436 4310 562 4391 φρονεῖν
595 4306 692 4387 μόνος
726 4304 817 4369 δοκεῖ
851 4304 854 4387 l
892 4304 912 4391 ἢ
946 4304 1091 4386 γλῶσσαν
1125 4302 1161 4391 ἢν
1194 4306 1250 4368 οὐκ
1283 4302 1378 4379 ἄλλος
1410 4302 1430 4388 ἢ
1459 4305 1563 4385 ψυχην

165 4404 256 4489 ἔχειν,
278 4408 281 4492 l
302 4403 392 4473 οὗτοι
415 4403 668 4488 διαπτυχθέντες
688 4408 848 4495 ὤφθησαν
868 4404 962 4472 κεναί.
1008 4445 1051 4454 -
1094 4410 1256 4493 ποιητός
1282 4405 1427 4489 Theogu.
1447 4403 1512 4467 435
1533 4405 1563 4468 εἰ
1691 4395 1692 4420 ³

165 4506 195 4575 δ’
210 4508 247 4597 ην
276 4512 410 4598 ποιητόν
440 4534 475 4574 τε
506 4508 560 4575 καί
590 4506 723 4575 ένθετον
745 4509 836 4593 άνδρί
858 4512 959 4597 νόημα
981 4532 1045 4573 non
1068 4510 1155 4574 idem
1177 4511 1263 4574 valet
1287 4510 1374 4594 quod
1404 4507 1561 4590 (δυσίατα,
1688 4548 1692 4598 l

166 4614 225 4677 sed
257 4615 291 4679 id
321 4617 493 4700 significat,
521 4602 610 4699 ‘quod
642 4614 712 4677 fieri
742 4624 856 4699 potest.
904 4654 943 4662 -
989 4611 1168 4693 ποικίλος
1192 4614 1274 4701 (K).
1310 4616 1472 4679 Homerus
1501 4610 1561 4675 hoc
1689 4629 1692 4690 ,
