3392 5067
1452 245 1495 309 25

94 438 275 519 ostendam,
304 439 372 501 sine
397 435 495 502 dubio
516 439 691 520 integrum,
722 439 797 521 quia
825 436 933 521 aliqua
961 459 1003 500 ex
1030 444 1122 520 parte
1150 445 1262 500 contra
1285 458 1359 501 eum
1386 436 1494 500 facere

93 542 280 618 videbatur,
305 551 491 626 corruptum
516 562 586 603 esse
610 542 721 604 statuit
743 540 806 622 vel,
838 550 875 604 ut
896 542 1015 605 rectius
1046 540 1203 629 dicamus,
1235 542 1391 625 corrupit3
1419 562 1494 605 nam

95 647 283 711 coniectura
306 647 373 709 eius
396 645 619 709 infelicissima
641 655 698 709 est.
730 645 787 709 sed
810 645 917 710 locum
939 647 1045 730 ipsum
1068 646 1251 709 accuratius
1274 646 1493 730 inspiciamus,

94 751 257 814 Ritterum
286 759 319 813 et
346 772 418 813 cum
444 771 481 812 eo
504 749 662 813 Veterum
693 749 734 813 de
757 751 973 813 monumentis
1001 748 1237 835 sepulcralibus
1261 752 1402 833 cogitare
1429 751 1494 813 iam

95 878 194 940 supra
218 854 302 935 dixi3
327 864 454 939 etpost
477 876 541 934 eos,
565 854 651 938 quod
677 876 736 938 cgo
760 856 871 939 sciam,
899 876 994 919 nemo
1017 863 1145 940 praeter
1167 856 1346 919 Braunium
1370 854 1411 918 de
1433 854 1495 918 hoc

95 961 165 1024 loco
183 958 371 1045 disputavit.
404 958 461 1023 sed
477 959 686 1023 vehementer
710 958 834 1041 dubito,
858 981 936 1023 num
958 958 999 1022 de
1022 958 1256 1046 sepulcralibus
1278 960 1494 1023 monumentis

95 1065 235 1149 scriptor
260 1062 341 1127 haec
365 1063 473 1128 1116616
499 1064 656 1147 potuerit:
683 1062 810 1148 ‘quibus
833 1064 982 1127 timorem
1002 1064 1088 1128 fassa
1110 1073 1248 1129 testatur
1275 1065 1390 1145 suum';
1417 1086 1494 1129 nam

95 1168 175 1234 nihil
199 1168 286 1232 aliud
303 1169 348 1231 eis
372 1166 548 1251 significari
571 1176 676 1252 potest
698 1168 760 1231 nisi
782 1169 998 1232 monumentis
1021 1169 1179 1232 extructis
1195 1169 1303 1233 Acten
1326 1171 1437 1233 testari
1460 1191 1494 1231 16

96 1276 220 1354 timere,
244 1294 286 1337 ne
309 1272 372 1337 alia
395 1271 458 1336 sibi
485 1270 696 1355 praeferatur.
743 1280 777 1334 at
800 1294 874 1335 eum
902 1273 1051 1336 timorem
1073 1271 1180 1336 Acten
1210 1275 1425 1337 monumentis
1448 1294 1494 1337 se-

95 1377 296 1464 pulcralibus
329 1378 486 1440 extructis
518 1385 668 1440 testatam
696 1398 766 1439 esse
794 1398 922 1441 sumere
950 1400 1012 1442 non
1040 1378 1125 1441 licet.
1172 1378 1312 1454 accedit,
1338 1398 1495 1462 quaeres

96 1506 173 1547 sane
197 1484 321 1547 minimi
343 1483 497 1547 momenti
521 1492 579 1567 est,
607 1482 694 1566 quod
721 1482 826 1563 nullus
854 1482 964 1546 titulus
993 1483 1181 1568 sepulcralis
1208 1483 1316 1548 adhuc
1342 1484 1494 1546 inventus

96 1596 153 1671 cst,
186 1588 243 1672 qui
273 1586 316 1651 ad
339 1585 446 1650 Acten
476 1586 564 1650 illam
592 1586 729 1650 Neronis
760 1586 911 1651 libertam
940 1587 1055 1651 referri
1085 1590 1194 1672 possit.
1242 1597 1332 1651 extat
1362 1587 1494 1671 quidem

96 1691 207 1756 titulus
231 1690 418 1776 sepulcralis
443 1689 609 1755 ‘Claudiae
625 1689 736 1754 Actes'
753 1690 887 1754 Velitris
910 1692 1098 1777 repertus,¹)
1122 1692 1180 1756 sed
1202 1691 1255 1755 hic
1277 1692 1320 1756 ad
1343 1691 1493 1755 libertam

95 1795 260 1881 quandam
282 1796 419 1859 Neronis
441 1794 586 1875 libertae,
612 1796 664 1858 cui
687 1794 834 1859 ‘Claudia
854 1795 995 1879 Augusti
1016 1795 1134 1860 liberte
1156 1795 1249 1859 Acte'
1273 1817 1390 1859 nomen
1414 1804 1493 1875 erat,

94 1899 285 1965 referendus
308 1920 378 1963 esse
400 1897 540 1963 videtur.
586 1921 662 1963 111111
684 1920 727 1962 ex
750 1898 811 1963 alio
838 1900 929 1964 titulo
953 1900 1078 1965 fistulae
1101 1899 1276 1986 plumbeae
1297 1900 1410 1983 inciso,
1439 1901 1494 1984 qui

95 2003 228 2068 Velitris
250 2014 398 2088 repertus
426 2001 513 2087 est‚²)
539 2011 665 2066 constat
687 2002 792 2068 Acten
817 2002 954 2068 Neronis
977 2003 1127 2068 libertam
1150 2005 1184 2067 in
1206 2002 1261 2067 illa
1283 2007 1414 2088 regione
1437 2004 1493 2068 vil·

94 2108 161 2172 lam
184 2106 408 2192 possedissc.³)
440 2129 523 2193 quae
546 2130 597 2171 res
621 2129 696 2171 cum
718 2108 763 2171 ita
786 2130 820 2171 16
843 2107 973 2189 habeat,
997 2108 1148 2194 equidem
1172 2108 1214 2171 ad
1230 2117 1377 2173 veterum
1400 2109 1495 2171 inter-

94 2222 223 2297 pretum
246 2212 440 2276 sententiam
461 2211 569 2275 redeo.
609 2220 714 2276 statuo
739 2214 823 2276 enim
846 2211 896 2276 his
918 2212 1029 2277 verbis
1052 2213 1269 2297 significatum
1293 2234 1363 2276 esse
1387 2211 1493 2276 Acten

94 2318 157 2381 diis
181 2315 302 2401 templa
325 2317 519 2399 extruxisse,
550 2315 667 2401 quibus
690 2316 732 2381 ab
755 2318 793 2379 iis
816 2319 1015 2402 impetraret,
1042 2327 1080 2381 ut
1101 2316 1238 2380 Neronis
1261 2338 1403 2381 amorem
1424 2338 1495 2401 per-

94 2430 230 2506 petuum
253 2420 408 2484 facerent.
455 2419 541 2504 quod
565 2428 600 2482 ut
627 2443 761 2502 sumam,
789 2420 880 2485 titulo
904 2421 1057 2506 adducor,
1085 2423 1118 2485 in
1141 2443 1238 2506 quem
1260 2421 1343 2485 forte
1366 2420 1495 2485 fortima
1554 2416 1558 2421 ’

93 2526 206 2590 incidi.
226 2524 310 2588 Pisis
326 2527 411 2588 enim
427 2525 460 2589 in
475 2544 567 2588 muro
583 2524 673 2589 aedis
690 2524 886 2589 cathedralis
901 2525 1119 2609 fragmentum
1136 2525 1286 2611 epistylii,
1302 2536 1338 2590 ut
1350 2547 1393 2589 ex
1408 2547 1494 2589 men·

96 2632 180 2695 suris
198 2629 345 2716 adparet,
358 2629 499 2694 aedificii
516 2630 684 2694 cuiusdam
701 2632 869 2696 inventum
886 2641 944 2715 est,
962 2634 994 2694 in
1007 2654 1069 2717 quo
1086 2631 1167 2695 hacc
1182 2633 1285 2694 incisa
1300 2629 1495 2715 leguntur:⁴)

552 2716 708 2924 spanni
819 2734 1001 2801 sncavn

457 2838 584 2904 claudia
720 2839 817 2904 AVG
877 2839 952 2904 LIB
1012 2839 1132 2905 AOTE

97 2968 140 3009 ex
160 2965 223 3028 quo
253 2963 412 3007 marmore
442 2942 659 3024 intellegimus
688 2944 782 3026 Pisis,
816 2946 850 3008 in
884 2945 1107 3029 antiquissima
1141 2943 1196 3008 illa
1227 2967 1266 3008 ac
1296 2942 1496 3008 nobilissima

96 3050 247 3113 Etruriae
270 3045 365 3128 urbe,
390 3044 517 3111 Cereris
539 3048 697 3133 templum
721 3048 811 3133 (nam
835 3047 961 3111 litterae
985 3058 1134 3112 servatae
1156 3048 1280 3112 {RERI
1310 3049 1371 3112 hoc
1393 3067 1494 3111 unum

96 3153 358 3244 supplementum
388 3150 577 3238 admittunt)
612 3162 797 3217 extructum
828 3155 942 3238 fuisse,
976 3154 1018 3218 ab
1053 3154 1137 3217 Acte
1171 3153 1314 3238 quadam
1340 3151 1494 3216 dicatum.

94 3262 161 3321 iam
177 3256 358 3341 Norisius⁵)
382 3257 469 3320 hunc
491 3256 620 3321 titulum
643 3257 685 3321 ad
700 3257 808 3320 Acten
824 3257 961 3323 Neronis
977 3257 1127 3322 libertam
1147 3269 1180 3321 61
1200 3256 1416 3322 concubinam
1434 3264 1495 3319 ret-

94 3362 179 3442 tulit,
215 3364 267 3426 cui
298 3383 418 3443 omnes,
449 3364 504 3445 qui
530 3370 642 3446 postea
663 3361 751 3425 hunc
773 3363 902 3427 titulum
925 3371 1149 3447 respexerunt,
1177 3361 1306 3425 adsensi
1329 3370 1412 3425 sunt.
1437 3360 1495 3423 sed

93 3465 193 3531 valde
216 3467 328 3547 miror,
358 3465 446 3549 quod
470 3487 582 3529 eorum
612 3480 710 3529 nemo
737 3465 846 3530 adhuc
877 3465 1036 3529 Octaviae
1065 3466 1173 3530 locum
1204 3465 1245 3529 dc
1276 3487 1338 3550 quo
1370 3466 1495 3548 agimus

93 3568 212 3635 adtulit
250 3568 293 3633 ad
328 3568 446 3633 Norisii
479 3570 699 3634 coniecturam
728 3572 793 3633 iam
832 3591 891 3654 per
921 3592 955 3634 16
988 3579 1037 3633 sat
1071 3569 1273 3655 probabilem
1306 3570 1495 3634 confirman-

93 3675 181 3739 dam.
228 3672 290 3737 hoc
318 3674 404 3736 6111111
431 3671 522 3738 titulo
546 3671 705 3737 Octaviae
729 3696 857 3759 quoque
885 3674 975 3739 locus
1003 3673 1187 3759 explicatur
1218 3683 1250 3736 61
1279 3675 1365 3737 omni
1394 3675 1494 3758 suspi-

92 3780 187 3843 cione
209 3776 375 3842 liberatur.
407 3776 468 3839 hoc
491 3777 589 3859 igitur
611 3775 830 3860 fragmentum
854 3778 880 3841 si
903 3779 1007 3841 Rittcr
1030 3789 1063 3841 et
1084 3778 1186 3841 Vater
1208 3780 1382 3859 novissent,
1408 3786 1495 3841 certo

201 3933 559 4000 1)(11.(1.Ι.Ι1.Χ61199.

200 4020 414 4085 2)(11.(1.Ι.Ι1.
434 4020 543 4069 X6589
567 4018 1064 4091 ottomanus-mancip
1093 4039 1148 4072 non
1175 4022 1287 4072 ‘Acmes‘
1315 4023 1494 4089 supplendum

88 4118 140 4173 est,
166 4109 214 4160 sed
232 4109 337 4159 ι111161.
375 4108 406 4158 cl.
427 4108 611 4159 additamenta
633 4110 668 4158 ad
686 4126 729 4159 no.
750 4112 817 4160 6589
841 4116 868 4160 61
890 4112 1022 4161 Lanciani
1046 4111 1094 4161 ‘Le
1116 4111 1208 4176 Acqus
1232 4111 1300 4176 egli
1323 4111 1493 4176 Aequedotti'

88 4199 208 4263 (Romae
221 4210 244 4246 a.
257 4196 335 4261 1880)
348 4197 440 4263 11241,
453 4196 550 4262 syllog.
564 4200 668 4247 116214
688 4197 799 4262 (collato
812 4199 901 4261 titulo,
915 4202 962 4265 qui
974 4206 1015 4249 611
1033 4200 1071 4248 ibi
1086 4201 1135 4249 226
1153 4205 1180 4250 61
1198 4200 1226 4249 in
1245 4198 1273 4249 0.
1288 4200 1308 4250 I.
1322 4199 1352 4248 L.
1367 4200 1391 4248 X
1407 4199 1493 4264 1903).

198 4284 221 4349 ³)
239 4283 333 4347 Tituli,
352 4285 399 4350 qui
410 4300 427 4333 a
438 4284 524 4349 Raph.
538 4285 659 4335 Fabretti
679 4283 770 4349 (Inscr.
790 4292 845 4336 ant.
866 4286 962 4351 explic.
980 4286 1083 4337 Romae
1100 4287 1218 4351 11702)
1235 4288 1367 4353 11124111.
1388 4285 1495 4337 collecti

86 4376 164 4434 sunt,
176 4370 210 4421 ad
229 4371 319 4433 Actes,
331 4370 445 4421 Neronis
458 4370 580 4433 libertae,
595 4386 685 4421 servos
698 4372 742 4422 vel
761 4372 873 4423 libertos
885 4375 1027 4439 pertinent.
1048 4374 1081 4423 ef.
1096 4374 1125 4423 G.
1138 4374 1160 4422 I.
1175 4373 1206 4423 L.
1219 4374 1257 4423 VI
1266 4375 1344 4436 8760,
1362 4375 1409 4423 ubi
1421 4374 1494 4424 tituli

85 4473 230 4509 servornm
239 4437 288 4507 ³vel
301 4456 457 4507 libertorum
467 4456 547 4507 Actes
560 4457 724 4523 adferuntur,
741 4459 775 4509 ad
788 4476 855 4524 quos
868 4459 935 4510 adde
947 4460 1007 4512 (1.1
1018 4461 1049 4509 L.
1063 4460 1101 4510 VI
1115 4461 1207 4521 15027,
1220 4461 1244 4508 X
1259 4461 1334 4521 7980,
1349 4460 1387 4508 VI
1402 4462 1492 4511 15357.

197 4544 220 4606 ⁴)
239 4543 279 4593 cf.
299 4542 327 4592 0.
346 4544 367 4592 I.
386 4544 417 4593 L.
436 4544 475 4593 XI
494 4545 568 4593 1414.
930 4557 933 4563 ·

200 4632 221 4695 ⁵)
240 4631 272 4680 In
290 4630 393 4680 dissert.
413 4630 446 4680 de
464 4632 630 4697 cenotaphiis
648 4632 753 4683 Pisanis
772 4636 787 4683 3
806 4650 829 4683 c.
843 4637 868 4695 2,
885 4634 1007 4684 Venetiis
1025 4650 1048 4684 a.
1064 4636 1129 4684 1681
1150 4635 1228 4684 edita.
