3392 5067
1382 193 1385 201 ’
1459 216 1516 286 ru

125 416 271 479 iunctum
286 413 353 479 ἀπό
365 413 423 477 vix
438 409 586 478 avocula
601 412 689 499 παρά
705 408 822 477 differt.
845 418 943 498 atque
960 412 1057 478 etiam
1072 408 1217 499 Theogn.
1235 410 1297 478 957
1313 412 1346 480 εἴ
1353 437 1385 480 τι
1400 419 1522 481 παθὼν

125 514 183 583 ἀπ’
198 519 273 603 ἐμεῦ
295 519 427 602 ἀγαθόν,
451 518 477 581 si
501 518 633 603 quidem
655 555 698 563 —
721 526 795 581 sunt
817 519 902 581 enim
925 520 980 602 qui
1002 517 1198 582 addubitent
1220 556 1261 565 —-
1283 519 1378 583 lectio
1401 520 1521 585 tradita

127 624 269 707 genuina
285 632 342 706 est,
364 623 431 687 ἀπό
446 645 505 707 pro
520 622 585 687 ὑπό
600 620 726 705 legitur,
750 622 837 707 quod
858 644 955 707 saepe
971 622 1059 707 apud
1072 625 1267 709 posteriores
1283 626 1455 711 scriptores
1475 625 1521 690 fit.

230 719 339 811 ’Ἀχρι
367 726 466 791 semel
492 725 580 813 apud
603 726 795 809 Homerum,
827 726 925 791 semel
953 726 1041 812 apud
1073 726 1223 792 Solonem
1247 728 1298 810 13,
1323 728 1363 793 35
1390 730 1464 815 όχρι
1486 728 1523 794 dd

125 835 240 897 τούτου
265 833 429 895 invenitur
454 840 589 916 utroque
615 832 685 895 loco
712 830 755 895 ad
781 840 909 918 tempus
938 839 1098 916 spectans
1147 834 1224 895 item
1258 830 1366 918 μέχρι
1397 840 1523 897 tantum

76 1004 78 1008 ,
127 936 207 1000 Call.
232 936 262 1021 1,
288 936 304 997 1
328 933 437 1021 μέχρις
457 943 512 1000 τεῦ
533 938 730 1000 κατάκεισθε
757 944 790 999 et
812 935 957 1019 Theogn.
984 935 1066 999 1299
1093 934 1182 1022 μέχρι
1209 934 1355 1022 elsegus
1381 942 1524 1025 προφεύ-

127 1039 196 1117 ξεαι
219 1039 366 1104 traditur.

232 1144 278 1209 Ut
303 1147 368 1208 iam
395 1144 437 1209 ad
465 1146 737 1230 praepositionem
763 1144 890 1211 εἵνεκα
916 1142 1036 1230 (ἕνεκα)
1065 1143 1271 1226 accedamus,
1299 1128 1411 1224 forma,
1440 1168 1524 1232 quae

128 1257 178 1313 est
199 1248 313 1330 εἵνεκα,
338 1250 458 1334 usitata
477 1257 536 1313 est.
582 1249 639 1312 sed
662 1247 807 1333 Theogn.
830 1248 894 1313 518
918 1249 1057 1314 traditur
1079 1247 1178 1330 ἕνεκα,
1203 1248 1265 1315 Sol.
1291 1249 1342 1331 37,
1366 1250 1386 1313 5
1410 1249 1524 1336 (trim.)

128 1357 240 1419 οόνεκα
271 1354 349 1438 (τῶν
371 1347 496 1438 οὕνεκ’).
542 1354 658 1417 eadem
683 1353 786 1418 forma
813 1352 959 1438 Theogn.
984 1352 1056 1431 671,
1081 1352 1154 1445 854,
1180 1352 1263 1417 1349
1292 1355 1525 1419 coniunctionis

128 1459 180 1523 ὅτι
201 1460 304 1522 instar
325 1466 383 1522 est.
423 1467 535 1523 contra
556 1461 700 1524 τοῦνεκεν
723 1458 778 1542 (:
792 1465 850 1523 τοῦ
865 1456 981 1543 ἕνεκεν)
1008 1458 1205 1543 Xenoph.2,
1225 1457 1264 1520 19
1287 1457 1435 1523 adverbii
1456 1482 1524 1524 mu-

129 1584 206 1626 nere
230 1562 385 1646 fungitur.
429 1562 471 1626 de
494 1584 554 1627 usu
577 1564 647 1649 ipso
670 1570 779 1627 autem
800 1561 880 1625 nihil
903 1562 990 1627 aliud
1015 1562 1334 1627 commemorandum
1357 1572 1405 1627 est
1428 1585 1526 1650 quam

128 1666 200 1749 hoc,
224 1665 274 1730 bis
295 1665 455 1752 (Theogn.
472 1665 535 1731 518
559 1677 593 1730 et
617 1665 714 1753 1202)
739 1666 977 1732 substantivum
1001 1667 1215 1753 postpositum
1239 1688 1319 1731 esse.
1357 1677 1527 1751 praeterea

130 1771 372 1836 animadvertas
395 1770 531 1835 formam
554 1770 659 1837 alvaro
675 1792 803 1856 semper
827 1770 987 1858 (Theogn.
1004 1772 1056 1853 46,
1073 1770 1125 1849 62,
1142 1770 1215 1856 730,
1234 1770 1331 1858 1202)
1355 1774 1387 1835 in
1411 1771 1526 1835 eadem

128 1896 243 1939 versus
267 1874 344 1940 sede
368 1884 440 1959 post
463 1896 631 1940 caesuram
653 1877 847 1961 pentametri
872 1877 1017 1960 reperiri.

234 1978 479 2064 Praepositione
501 1980 541 2045 ἐκ
567 1989 683 2066 poetae
706 1981 841 2065 elegiaci
868 1982 901 2044 in
930 1982 1118 2057 universum
1140 1980 1253 2044 eodem
1276 1980 1372 2045 modo
1394 1989 1528 2044 utuntur

132 2103 195 2167 quo
217 2082 387 2148 Homerus.
433 2084 491 2149 sed
517 2093 627 2148 tamen
654 2085 715 2149 hoe
739 2086 901 2170 differunt,
926 2084 1013 2171 quod
1040 2084 1084 2149 illi
1108 2108 1171 2149 non
1194 2086 1360 2169 epicorum
1381 2106 1471 2148 more
1493 2084 1541 2149 ἐτ’

132 2209 190 2273 pro
212 2188 304 2266 ἐκτός
325 2197 457 2274 ponunt.
503 2188 583 2253 tales
606 2190 704 2273 igitur
725 2188 822 2271 locoS,
846 2188 959 2274 quales
983 2197 1057 2253 sunt
1080 2194 1118 2253 Π
1136 2188 1199 2252 668
1223 2190 1329 2263 ἐλθὼν
1351 2190 1385 2253 ἐκ
1399 2186 1527 2271 βελέων,

132 2290 291 2376 Eltasq.
314 2291 467 2376 ἐχώμεθα
490 2293 656 2381 δηιοτῆτος
675 2293 678 2379 l
698 2287 733 2358 ἐκ
754 2292 874 2376 βελέων
898 2292 953 2379 (cf.
978 2291 1100 2357 Herod.
1117 2292 1151 2356 II
1173 2292 1234 2355 142
1256 2293 1289 2357 ἐν
1304 2291 1410 2359 τοίνυν
1424 2293 1528 2379 τούτῳ
1546 2352 1549 2358 .

132 2403 178 2482 τῷ
205 2402 305 2482 χρόνῳ
328 2399 472 2482 τετράκις
492 2391 601 2480 ἔλεγον
622 2396 658 2473 ἐξ
675 2395 784 2486 ἠθέων
805 2400 862 2462 τόν
883 2398 973 2483 ἥλιον
995 2397 1181 2482 ἀνατεῖλαι),
1213 2396 1333 2461 frustra
1355 2400 1388 2461 in
1411 2397 1529 2481 elegeis

132 2500 292 2584 requiras,
328 2521 403 2563 cum
432 2502 537 2583 potius
566 2502 657 2579 ἐκτός
686 2500 827 2582 dicatur,
864 2502 904 2565 cf.
933 2502 1025 2587 Tyrt.
1051 2502 1100 2584 11,
1126 2500 1166 2564 28
1198 2495 1273 2589 μηδ’
1292 2502 1383 2581 ἐκτὸς
1410 2499 1530 2584 βελέων

132 2603 257 2669 ἑστάτω
284 2599 403 2670 ἀσπίδ’
419 2602 508 2686 ἔχων.
553 2615 723 2689 praeterea
755 2605 838 2671 haec
873 2604 1156 2670 commemoranda
1189 2613 1272 2671 sunt.
1317 2613 1353 2669 ut
1385 2605 1420 2669 ἐκ
1454 2625 1529 2668 cum

133 2708 254 2786 verbis,
284 2709 318 2771 in
344 2707 463 2793 quibus
491 2708 653 2773 liberandi
681 2712 767 2774 notio
797 2711 895 2793 inest,
928 2709 1141 2793 coniungitur,
1174 2708 1262 2774 velut
1292 2707 1437 2792 Theogn.
1468 2707 1529 2771 103

134 2808 202 2879 odr‘
222 2814 259 2877 όν
281 2807 312 2877 o'
327 2814 362 2878 ἐκ
388 2814 544 2895 χαλεποῖο
572 2820 673 2880 πόνου
702 2818 832 2900 ῥύσαιτο
862 2812 917 2880 καὶ
947 2814 1036 2902 όλτης,
1071 2814 1116 2878 ita
1150 2813 1227 2877 ibid.
1264 2812 1348 2877 1385
1377 2814 1466 2878 λύσιν
1494 2812 1530 2876 ἐκ

134 2917 283 2999 χαλεπῶν
306 2919 511 2982 coniunctum
535 2926 592 2981 est.
638 2927 735 3003 atque
765 2919 880 2983 eadem
907 2920 957 2982 vis
984 2919 1131 3004 primitus
1157 2918 1277 2982 talibus
1304 2916 1397 3001 locis,
1426 2915 1530 3001 qualis

133 3030 184 3085 est
205 3021 351 3106 Theogn.
370 3021 505 3108 1315sq.
529 3018 599 3087 ἀλλ’
610 3022 672 3114 ἐχὼ
692 3024 727 3087 ἐκ
741 3027 872 3089 πάντων
887 3018 918 3088 σ’
929 3023 1060 3089 ἐδόκουν
1075 3026 1243 3111 θήσεσθαι
1257 3021 1384 3107 ἑταῖρον
1398 3020 1401 3105 Ι
1414 3026 1530 3086 πιστόν

134 3126 308 3191 statuenda
330 3134 389 3207 est,
420 3147 617 3211 quamquam
639 3126 733 3191 simul
762 3126 968 3211 praeferendi
999 3129 1161 3191 notionem
1191 3128 1296 3190 inesse
1326 3124 1531 3189 manifestum

134 3240 193 3313 est,
216 3239 252 3295 ut
273 3231 292 3297 d
309 3230 424 3316 tnnsq.
445 3232 520 3317 πέρι
535 3234 593 3317 χόρ
609 3254 666 3315 μοι
681 3227 862 3316 Ὀλύμπιος
876 3226 961 3315 ἄλγε’
976 3226 1093 3297 ἔδωκεν
1107 3230 1110 3316 l
1124 3232 1158 3295 ἐκ
1174 3228 1303 3296 πασέων
1326 3238 1357 3294 et
1377 3229 1499 3294 Herod.
1515 3228 1531 3292 I

137 3334 200 3398 134
217 3344 336 3419 τιμῶσι
352 3335 387 3401 δὲ
405 3335 441 3399 ἐκ
455 3338 594 3400 πάντων.
626 3357 721 3420 porro
736 3336 772 3400 ἐκ
792 3335 889 3399 etiam
906 3334 947 3398 de
963 3341 1094 3399 auctore
1110 3343 1285 3419 usurpatur
1308 3333 1370 3399 Sol.
1386 3334 1417 3416 4,
1434 3334 1473 3397 21
1482 3355 1529 3419 sq.

132 3439 170 3503 ἐκ
195 3444 253 3525 γὰρ
277 3436 453 3523 δυσμενέων
474 3435 596 3521 ταχέως
621 3439 821 3528 πολυήρατον
843 3440 923 3505 όίστυ
944 3439 948 3525 l
967 3439 1124 3525 τρύχεται,
1152 3438 1229 3504 ibid.
1255 3438 1284 3521 9,
1309 3437 1329 3502 3
1356 3434 1531 3526 ἀνδρῶνδ’

132 3544 170 3608 ἐκ
196 3544 339 3628 μεγάλων
365 3544 460 3622 πόλις
485 3543 624 3624 ὄλλυται,
653 3542 798 3628 Theogn.
825 3543 908 3607 1232
934 3544 968 3608 ἐκ
990 3542 1089 3609 σέθεν
1111 3543 1210 3609 ὤλετο
1233 3542 1290 3629 μὲν
1312 3538 1410 3610 Ἰλίου
1437 3547 1532 3630 ἀκρό-

133 3647 233 3725 πολις
268 3646 319 3732 (ἐξ
345 3639 513 3733 Ἔρωτος),
549 3646 666 3732 quibus
702 3647 781 3713 loeis
819 3669 885 3712 non
920 3647 1069 3734 proxima
1104 3669 1216 3730 causa,
1251 3647 1294 3712 ad
1328 3669 1427 3733 quam
1467 3648 1532 3714 ὑπό

135 3759 279 3837 spectat,
311 3750 367 3815 sed
396 3772 479 3837 quae
510 3751 628 3815 dicitur
657 3751 816 3815 adiuvans
846 3751 1058 3836 significatur.
1103 3772 1236 3837 perraro
1266 3752 1302 3816 ἐκ
1331 3751 1374 3816 ad
1404 3761 1532 3837 tempus

135 3864 272 3942 spectat,
300 3855 389 3920 velut
415 3855 567 3941 Xenoph.
587 3855 615 3937 7,
639 3856 660 3919 3
687 3857 723 3921 ἐκ
748 3866 885 3945 γενετῆς,
913 3856 1058 3941 Theogn.
1080 3854 1142 3919 739
1169 3854 1204 3932 ἐξ
1226 3858 1336 3943 ἀρχῆς,
1363 3877 1403 3919 ae
1429 3857 1532 3921 rarius

135 3962 235 4026 etiam
260 3962 306 4024 ita
332 3960 514 4045 adhibetur,
542 3969 578 4024 ut
606 3958 844 4025 substantivum
868 3982 943 4024 cum
967 3982 1003 4024 eo
1028 3962 1234 4025 coniunctum
1256 3959 1406 4024 adverbii
1432 3961 1534 4026 instar

136 4066 188 4150 sit,
205 4064 239 4129 id
254 4064 341 4149 quod
360 4064 397 4129 fit
415 4062 559 4147 Theogn.
578 4064 616 4127 61
625 4086 671 4150 sq.
692 4062 812 4153 μηθένα
830 4066 930 4131 τῶνδε
951 4062 1045 4151 φίλον
1063 4074 1167 4145 ποιεῦ,
1184 4062 1390 4151 Πολυπαΐθη,
1407 4065 1530 4150 ἀστῶνλ

135 4170 173 4234 ἐκ
191 4173 300 4254 θυμοῦ
324 4169 414 4255 (vom
430 4169 571 4250 Herzen,
592 4166 765 4253 benabab),
798 4168 839 4232 cf.
865 4169 881 4232 I
903 4168 966 4231 342
975 4189 1021 4253 sq.
1046 4170 1089 4248 ὡς
1110 4166 1165 4234 καὶ
1186 4168 1247 4252 ἐγὼ
1269 4173 1326 4254 τὴν
1345 4167 1349 4254 l
1368 4168 1404 4233 ἐκ
1426 4173 1534 4253 θυμοῦ

136 4270 248 4361 φίλεον
270 4282 302 4337 et
324 4271 404 4337 ibid.
427 4270 491 4336 486
513 4272 547 4336 ἐκ
571 4277 678 4357 θυμοῦ
699 4271 827 4359 φιλέων.
850 4270 931 4349 aas}
953 4273 1071 4356 legitur
1092 4271 1239 4357 Theogn.
1264 4270 1337 4336 949.

241 4377 294 4441 De
317 4377 432 4441 vocula
458 4376 556 4463 πλήν
585 4375 665 4440 nihil
694 4376 781 4440 aliud
812 4376 1138 4441 animadvertendum
1168 4385 1215 4441 est
1244 4377 1306 4440 nisi
1336 4376 1410 4459 hoc,
1445 4373 1534 4463 apud

137 4489 250 4569 poetas
278 4481 438 4571 elegiacos
465 4502 560 4545 usum
587 4483 654 4544 eius
682 4479 778 4545 latius
801 4490 912 4567 patere
936 4504 1033 4568 quam
1056 4482 1144 4567 apud
1166 4482 1344 4547 Homerum
1367 4489 1399 4544 et
1421 4482 1534 4545 Hesio-

139 4586 228 4651 dum.
273 4587 435 4651 Homerus
469 4586 555 4649 enim
589 4590 615 4651 θ
643 4584 716 4667 207,
747 4585 910 4650 Hesiodus
940 4585 992 4650 Sc.
1020 4586 1119 4651 Here.
1144 4588 1187 4650 74
1220 4608 1258 4650 ea
1295 4586 1404 4666 utitur,
1446 4587 1534 4671 apud

190 4698 358 4741 Disscrhtiones
371 4698 446 4749 philol.
460 4697 552 4740 Vindob.
567 4697 606 4737 ΙΙΙ.
623 4701 642 4739 1.
1347 4693 1378 4739 11
