3392 5067
1451 230 1514 293 257

120 416 192 507 ὄφρ’
207 421 262 505 ἐμὲ
282 420 558 507 γουνάσσωνταιῐ),
582 422 716 485 fortasse
737 423 833 485 etiam
850 444 881 483 v.
899 420 961 483 793
978 443 1047 506 sqq.
1069 418 1248 506 θυγατέρας
1271 415 1300 486 δ’
1315 417 1422 511 ἕκλγζε
1447 473 1453 485 .
1480 471 1487 486 .
1509 471 1515 484 .

119 527 310 611 Χαλκιόπην
332 581 339 591 .
365 578 372 591 .
397 576 404 590 .
428 522 481 614 ἠδ’
504 526 630 611 ἁπαλὴν
659 526 835 611 Μήδειαν.
858 576 866 590 .
887 574 906 606 .,
937 521 1011 612 ὄφρ’
1030 526 1068 590 dr
1098 524 1286 592 συνέσσιντα
1315 528 1427 591 κιόντι.
1472 528 1518 589 ait

119 632 205 695 enim
220 629 254 693 Π
272 630 321 711 17,
344 627 401 695 ubi
424 630 464 695 de
488 631 670 712 enuntiatis,
694 652 777 716 quae
800 632 977 715 improprio
1001 652 1097 693 sensu
1120 630 1229 694 finalia
1252 628 1413 707 dicuntur,
1437 632 1517 714 agit:

120 734 211 799 ‘Hier
244 736 407 819 begegnet
436 758 496 799 uns
530 735 582 799 die
616 734 950 819 Eigenthitmlichkeit
979 734 1032 799 bei
1067 734 1243 819 Antiphon,
1272 729 1347 799 dass
1381 758 1422 799 zu
1455 735 1518 799 den

119 839 251 917 Verben
275 839 332 903 des
355 840 480 904 Bittens
504 841 593 925 ὅντως
615 841 696 904 tritt:
721 841 738 905 Ι
762 839 802 902 12
825 841 983 920 αἰτεῖσθε,
1007 841 1097 917 ὅπως
1118 837 1405 927 καταψηφίσησθε,
1436 838 1518 903 123

118 944 275 1033 δεήσεται,
299 946 389 1024 ὅπως
412 946 457 1033 δῷ
477 944 545 1008 und
568 944 728 1028 αἰτοῦμαι,
753 944 843 1022 ὅπως
867 944 932 1029 δῷ)
961 942 1024 1007 hoc
1041 952 1129 1007 certe
1152 945 1216 1007 iam
1240 952 1315 1007 ante
1338 944 1517 1010 notandum

119 1058 198 1129 erat,
224 1072 299 1113 cum
321 1048 409 1135 apud
425 1050 604 1113 Homerum
627 1048 773 1132 legamus
796 1048 904 1113 3344
926 1046 1055 1114 λίσσετο
1078 1043 1109 1113 d’
1125 1047 1188 1114 αἰεὶ
1210 1042 1405 1134 Ἥφαιστον,
1429 1049 1520 1126 ὅπως

118 1155 240 1219 λύσειεν
262 1147 408 1241 ’'Appal)
438 1153 524 1238 apud
547 1153 748 1218 Herodotum
772 1152 872 1217 VIIII
898 1152 957 1215 117
989 1150 1116 1218 ἐδέοντο
1138 1162 1202 1217 τῶν
1224 1160 1415 1240 στρατηγῶν,
1439 1153 1520 1231 ὅκως

119 1261 274 1342 ἀπάγοιεν
304 1258 404 1346 σφέας
438 1255 559 1339 ὀπίσω,
595 1279 691 1343 quem
719 1256 828 1322 locum
852 1255 978 1323 Weber
1004 1256 1040 1343 ’(1
1072 1256 1148 1341 136)
1180 1279 1283 1343 aeque
1314 1260 1392 1321 citat
1421 1265 1519 1341 atque

121 1362 169 1448 (ΙΙ
194 1363 248 1450 13)
272 1363 376 1428 Thuc.
401 1363 432 1427 V
446 1363 648 1444 36eds'ovro,
672 1363 763 1441 ὁίιως
783 1363 1040 1448 παραδώσουσιν.
1068 1360 1148 1425 mihi
1171 1360 1302 1446 quidem
1325 1362 1520 1426 discriminis

118 1466 239 1551 aliquid
262 1467 463 1531 intercedere
486 1466 618 1531 videtur
640 1468 724 1531 inter
747 1466 950 1531 deliberandi
972 1466 1025 1530 vel
1049 1466 1185 1530 curandi
1200 1465 1312 1550 verba,
1336 1466 1377 1530 de
1401 1466 1518 1551 quibus

117 1582 213 1636 antea
235 1572 360 1638 Weber
383 1572 595 1664 verba'fecit,
624 1581 656 1635 et
678 1572 845 1657 precandi,
870 1593 976 1657 neque
999 1573 1175 1652 enuntiata,
1200 1593 1282 1656 quae
1305 1570 1347 1635 ab
1370 1570 1421 1634 his
1443 1592 1519 1656 pen-

119 1678 206 1761 dent,
228 1678 470 1761 interrogativis
498 1678 646 1762 proxima
669 1698 740 1740 esse
763 1686 851 1762 putu.
896 1675 974 1740 talia
997 1677 1095 1760 igitur
1117 1677 1284 1741 enuntiata
1305 1676 1469 1760 respicere
1492 1675 1520 1739 si

117 1784 151 1845 in
173 1783 279 1845 animo
311 1790 389 1858 erat,
413 1779 539 1846 Weber
568 1802 638 1845 meo
663 1782 793 1865 quidem
824 1780 944 1845 iudicio
974 1780 1068 1845 aliter
1095 1780 1260 1867 explicare
1283 1779 1405 1857 debuit,
1436 1801 1519 1865 quae

117 1888 285 1949 enuntiata
315 1886 393 1949 huic
422 1888 534 1970 generi
565 1885 782 1950 adscribenda
812 1895 929 1949 essent.
975 1885 1126 1971 equidem
1149 1887 1227 1949 satis
1260 1885 1365 1950 habeo
1388 1907 1518 1950 monere

118 1988 264 2054 Graecos
280 1988 452 2072 interdum,
470 1988 556 2075 quod
573 2012 615 2053 ex
631 1988 789 2074 exemplis
806 1988 923 2053 adlatis
939 1990 1086 2075 adparet,
1106 1989 1281 2076 particulas
1297 1988 1411 2053 finales
1431 1986 1519 2053 adhi-

117 2092 237 2176 buisse,
260 2093 316 2158 ubi
340 2115 358 2155 e
383 2103 535 2158 consueto
555 2114 643 2160 more
667 2094 845 2158 infinitivus
868 2094 1038 2179 ponendus
1061 2104 1144 2176 erat,
1170 2094 1211 2159 cf.
1228 2095 1372 2178 Vogrinz
1394 2116 1426 2179 p.
1443 2091 1517 2157 356.

117 2220 159 2261 ex
182 2196 318 2280 Polybio
342 2198 396 2261 Fr.
418 2198 596 2283 Kaelker³)
620 2197 728 2283 aliqua
751 2200 819 2263 eius
841 2220 920 2262 usus
944 2198 1094 2283 exempla
1116 2199 1232 2284 adfert,
1256 2200 1311 2283 qui
1333 2221 1365 2284 p.
1390 2196 1454 2262 280
1477 2196 1518 2261 de
1617 2205 1622 2218 '

117 2302 276 2366 latinismo
301 2302 430 2385 cogitat.

220 2441 259 2505 In
283 2440 404 2522 tabula,
433 2462 496 2525 qua
519 2430 698 2506 modorum
712 2464 807 2507 usum
833 2440 994 2506 illustrare
1018 2446 1170 2525 conabor,
1198 2443 1293 2508 huius
1321 2443 1518 2507 discriminis

116 2546 274 2610 rationem
303 2568 366 2610 nou
396 2544 534 2627 habebo,
570 2566 644 2609 cum
668 2546 962 2630 Argonauticorum
986 2548 1178 2632 scriptorem
1203 2548 1238 2611 id
1267 2549 1432 2612 curavisse
1454 2569 1518 2611 non

116 2649 282 2733 adpareat.
313 2650 441 2735 saepius
464 2671 561 2733 quam
583 2651 617 2713 in
640 2650 702 2714 hoe
724 2672 843 2734 genere
867 2652 1113 2733 enuntiatorum,
1137 2651 1179 2715 de
1201 2674 1264 2738 quo
1286 2652 1388 2716 fusius
1412 2651 1519 2736 dispu-

115 2754 266 2835 tavimus,
293 2768 347 2831 ’κσν
370 2763 402 2816 et
424 2755 463 2819 ἂν
485 2755 593 2838 posuit
614 2755 648 2816 in
670 2754 779 2835 altero,
804 2755 836 2818 in
861 2777 923 2840 quo
947 2776 1004 2819 eae
1027 2755 1206 2840 particulae
1228 2756 1316 2841 apud
1339 2757 1518 2821 Homerum

115 2859 299 2920 rarissimae
335 2865 426 2938 sunt3
472 2857 514 2921 cf.
546 2856 670 2922 Weber
699 2858 717 2921 I
742 2857 793 2921 35.
847 2860 925 2922 iem
954 2859 1039 2945 ὄφρα
1071 2858 1262 2945 plerumque
1292 2862 1325 2923 in
1359 2860 1515 2924 eiusmodi

116 2964 290 3025 enuntiatis
319 2960 447 3047 legitur,
479 2961 566 3047 quod
595 2962 683 3046 apud
714 2963 895 3026 Homerum
925 2965 1128 3048 paucissimis
1159 2963 1238 3027 locis
1265 2965 1443 3044 invenitur3
1475 2963 1517 3027 cf.

114 3064 240 3130 Weber
262 3066 279 3129 Ι
302 3066 341 3129 61
360 3088 406 3150 sq.
430 3065 627 3129 indicativus
657 3066 755 3130 futuri
782 3067 816 3129 in
841 3068 1135 3150 Argonauticorum
1162 3068 1335 3131 enuntiatis
1362 3066 1515 3132 finalibus

115 3192 181 3234 non
196 3170 325 3255 legitur.

221 3309 318 3390 Quod
341 3310 382 3375 ad
399 3310 579 3375 Homerum
602 3310 735 3393 adtinet,
759 3313 791 3375 in
813 3311 875 3375 hac
898 3310 1009 3375 tabula
1023 3312 1166 3375 numeris
1181 3312 1288 3396 priore
1310 3312 1381 3377 loco
1404 3313 1515 3398 positis

116 3416 224 3479 omnia
247 3416 413 3480 enuntiata
436 3414 717 3501 comprehendam.
764 3418 819 3500 qui
842 3414 943 3479 altero
966 3415 1036 3480 loco
1064 3417 1158 3500 positi
1182 3425 1256 3480 sunt
1277 3418 1404 3481 numeri
1426 3439 1515 3503 spec·

114 3526 186 3582 tant
216 3518 258 3583 ad
281 3542 329 3602 ea,
363 3542 445 3605 quae
469 3522 599 3606 proprio
627 3542 723 3584 sensu
746 3519 855 3584 finalia
878 3520 1038 3583 dicuntur.
1085 3519 1379 3604 Argonauticorum
1400 3542 1515 3585 versus

115 3622 162 3686 ita
186 3622 393 3700 enumerabo,
415 3634 451 3689 ut
466 3625 570 3710 primo
585 3624 656 3689 loco
671 3646 789 3709 ponam
811 3645 875 3705 eos,
907 3623 962 3687 ubi
984 3625 1079 3687 metri
1101 3627 1294 3689 necessitate
1309 3625 1424 3691 modus
1448 3628 1515 3711 qui-

116 3728 193 3793 dam
216 3728 372 3808 firmatur,
404 3728 504 3793 altero
535 3750 599 3811 eos,
630 3727 686 3792 ubi
718 3728 846 3792 codices
871 3737 902 3792 et
925 3728 1064 3792 editores
1088 3731 1300 3812 consentiunt,
1331 3732 1426 3794 tertio
1449 3751 1513 3812 eos,

116 3834 172 3916 qui
194 3830 285 3895 dubii
309 3842 383 3896 sunt
405 3833 462 3918 (cf.
479 3832 605 3899 Weber
619 3832 653 3897 II
671 3831 756 3919 114).
781 3843 860 3918 quot
883 3831 1034 3917 exempla
1055 3834 1088 3896 in
1105 3833 1332 3917 Argonauticis
1354 3835 1514 3918 legantur,

115 3937 260 4000 numeris
283 3936 436 4001 Romanis
460 3959 542 4022 quos
565 3945 685 4001 vocant
706 3936 878 4000 indicatur.

117 4150 325 4158 a———-.-.-—-.

224 4306 243 4373 ¹)
262 4304 329 4357 Eius
347 4322 419 4372 usus,
438 4322 491 4373 quo
511 4308 681 4357 enuntiatum
700 4305 781 4357 finale
799 4322 816 4356 a
833 4308 959 4373 primario
978 4307 1132 4373 parenthesi
1149 4308 1307 4373 emungitur,
1326 4306 1424 4356 Weber
1441 4305 1468 4355 ΙΙ
1481 4307 1513 4354 69

119 4427 135 4461 e
153 4411 269 4463 Platone
286 4413 373 4463 adfert
392 4413 552 4479 exemplum.

223 4517 243 4582 ²)
264 4517 302 4567 Of.
322 4518 460 4567 Kuehneri
479 4533 590 4583 gramm.
609 4532 696 4583 graec.
709 4518 736 4566 Π
753 4519 831 4579 §473
850 4518 905 4566 n.6
923 4534 948 4583 p.
962 4518 1012 4567 578
1025 4533 1063 4581 sq.

221 4621 242 4685 ³)
262 4621 370 4682 Quaest.
390 4621 423 4670 de
442 4620 508 4671 eloc.
528 4620 623 4686 Polyb.
643 4620 728 4685 (Stud.
741 4621 813 4685 Lips.
827 4621 877 4685 111)
896 4640 920 4687 p.
933 4624 992 4671 290.

168 4714 337 4755 Dissertationes
351 4714 426 4764 philol.
442 4714 532 4755 Vindob.
544 4714 582 4754 111.
599 4718 618 4753 1.
