3392 5067
200 229 263 294 256

197 422 340 508 gedacht
356 422 486 487 werden
509 443 607 500 muss,
631 420 734 486 durch
758 418 809 485 die
826 419 940 485 alteste
955 419 1191 507 Finalpartikel
1214 424 1350 501 drg=so
1373 421 1590 507 hingewiesen

197 526 289 609 wird‚
312 526 380 592 also
403 536 503 592 etwa:
542 548 577 590 er
600 527 686 590 sinnt
709 533 807 590 etwas
830 548 899 607 aus,
923 546 958 589 so
980 524 1045 589 will
1068 548 1104 590 er
1125 525 1252 611 gesund
1275 526 1427 593 werden'.
1472 528 1590 591 utiam

197 653 299 697 unum
327 630 407 695 illud
437 629 595 695 eiusmodi
625 629 812 715 exemplum
842 652 884 693 ex
915 630 1153 714 Argonautica,
1185 629 1271 714 quod
1301 632 1370 694 sine
1400 630 1500 696 dubio
1529 630 1589 695 huc

198 738 347 822 pertinet,
374 734 530 819 adferam,
557 733 695 818 legimus
718 756 773 798 vv.
794 732 858 797 889
874 754 920 818 sq.
950 734 988 819 όὴ
1013 727 1141 800 τότεοὶ
1168 739 1250 800 κατὰ
1272 738 1378 820 θυμόν
1403 731 1589 822 ἐμηόόμεθ,
1694 737 1695 772 ³

198 840 282 927 όφρα
304 840 453 923 μολόντες
477 839 481 923 Ι
501 833 582 925 ἀμφ’
597 832 681 926 ἱερῆς
702 844 817 926 φηγοῖο
840 836 932 922 δέρας
954 843 1097 924 χρύσειον
1119 837 1247 924 ἕλωμεν,
1272 838 1313 902 de
1336 862 1399 925 quo
1421 838 1493 905 loco
1516 862 1589 903 sane

198 943 315 1025 valent,
340 964 422 1028 quae
444 941 568 1008 Weber
591 943 689 1007 habet
712 942 729 1005 I
754 942 807 1005 12:
840 941 1002 1007 ‘Werden
1024 964 1091 1007 nun
1114 943 1167 1007 die
1190 942 1308 1007 beiden
1332 943 1427 1008 Satze
1450 945 1509 1008 mit
1531 946 1590 1008 ein·

197 1047 299 1113 ander
319 1046 521 1129 verbunden,
546 1069 580 1111 so
603 1069 692 1112 muss
715 1070 749 1111 es
771 1046 1011 1111 unwillk'drlich
1034 1048 1160 1112 nahezu
1174 1050 1234 1111 wie
1257 1049 1310 1111 ein
1332 1048 1520 1132 Fragewort
1541 1070 1591 1132 ge-

198 1152 281 1217 fehlt
303 1151 443 1235 werden,
475 1150 526 1215 die
550 1150 868 1235 Willensausserung
896 1154 965 1215 tritt
995 1152 1129 1232 zur'nck,
1161 1151 1255 1216 dafur
1283 1152 1341 1217 der
1362 1153 1507 1216 Hiuweis
1538 1153 1594 1216 auf

199 1257 257 1321 das
280 1257 448 1321 Eintreten
476 1255 534 1320 des
557 1254 738 1321 Gewollten
760 1278 827 1321 vor.
874 1256 943 1321 Das
968 1255 1055 1321 ‘will'
1080 1256 1160 1320 wird
1182 1278 1224 1320 zu
1246 1258 1351 1322 einem
1375 1257 1491 1338 ‘kann’
1516 1256 1591 1322 oder

199 1361 315 1426 ‘wird'.
360 1362 388 1425 F
391 1372 429 1425 λιι
458 1360 521 1424 den
545 1370 652 1425 ersten
680 1360 752 1425 Fall
784 1361 901 1424 dienen
932 1359 984 1424 die
1006 1360 1175 1425 Partikeln
1205 1359 1258 1427 κέν
1281 1361 1347 1426 und
1376 1362 1424 1443 όν,
1454 1362 1508 1426 fiir
1530 1362 1591 1427 den

198 1467 334 1530 aweiten
357 1464 416 1529 das
438 1466 466 1529 F
468 1466 618 1530 uturum'
664 1487 707 1529 ex
732 1464 901 1549 Apollonio
925 1465 1063 1531 conferri
1086 1476 1219 1551 possunt
1248 1466 1300 1530 ΠΙ
1325 1466 1408 1531 1134
1436 1467 1510 1533 τόόε
1532 1468 1591 1555 μή·

199 1570 274 1636 όετο
296 1565 394 1659 Ἥρη,
416 1571 420 1652 Ι
445 1569 529 1657 όφρα
551 1572 648 1635 κακόν
671 1566 775 1657 Πελίῃ
799 1563 884 1656 ἱερὴν
905 1570 938 1648 ἐς
959 1565 1088 1635 Ἰωλκόν
1109 1569 1212 1636 ἵκοιτο
1231 1569 1237 1654 Ι
1257 1569 1364 1659 Λίαίφ
1386 1572 1528 1660 Μήδεια,
1552 1592 1592 1634 ex

200 1672 319 1753 Quinto
342 1674 393 1738 ΙΠ
408 1673 470 1738 347
493 1682 546 1739 νῦν
569 1667 683 1758 δ’όμοί
705 1674 786 1738 ἄλλα
808 1672 928 1761 μέμηλε
949 1670 1023 1757 περί
1047 1672 1167 1761 φρεσίν,
1191 1676 1234 1753 ὡς
1249 1669 1396 1762 Ἀχιλῆος
1414 1675 1419 1759 Ι
1438 1675 1473 1739 έκ
1496 1675 1609 1762 φόνου·

199 1776 364 1864 ἀργαλέοιο
386 1776 474 1842 νέκυν
496 1782 653 1843 Δαναοῖσι
676 1779 804 1857 σαώσω,
828 1777 859 1841 V
878 1776 938 1839 172
961 1774 1015 1842 καί
1036 1781 1076 1862 ῥά
1097 1801 1154 1863 μοι
1176 1774 1310 1845 ἔνδοθεν
1331 1776 1408 1865 ἦτορ
1430 1776 1477 1844 et
1499 1777 1592 1865 φρεσὶ

197 1891 297 1949 ταῦτα
316 1890 453 1968 μενοινᾷ,
475 1883 479 1965 Ι
499 1880 582 1969 όφρα
603 1882 821 1971 όορυκτήτοισι
844 1879 1056 1968 ύικασπολίην
1075 1883 1257 1966 όπόσωμεν,
1282 1881 1324 1946 cf.
1340 1882 1408 1947 XII
1424 1882 1497 1963 242,
1515 1881 1591 1964 3813
1694 1863 1695 1888 Ι

199 1988 248 2051 VI
263 1986 314 2050 34.
347 1984 504 2050 eiusmodi
528 1986 729 2050 enuntiatum
752 1984 910 2049 babemus
933 1987 966 2049 iu
990 1986 1069 2069 Arg.
1094 2008 1147 2051 vv.
1165 1985 1227 2050 937
1245 2008 1315 2072 sqq.
1339 1981 1487 2071 δεξόμεθ’
1502 1979 1593 2072 οἷμον

199 2091 336 2158 όίελπτον
358 2090 496 2176 ὀιζυροῖο
519 2092 644 2172 πόνοιο,
677 2091 681 2176 Ι
710 2092 753 2170 ὥς
774 2088 811 2155 κέ
831 2116 887 2174 μιν
908 2086 1095 2176 Ἀγροτέρην
1116 2090 1333 2175 μειλιξάμενοι
1360 2089 1591 2176 πεπίθοιμεν,Ι

198 2192 249 2283 ἠδ’
264 2198 308 2275 ὡς
329 2201 416 2282 θῆρα
437 2192 581 2280 πέλωρον
603 2188 765 2280 ἱκοίμεθα,
789 2189 884 2281 τόφρ’
905 2196 1065 2273 ἀνελόντες
1099 2199 1103 2274 Ι
1138 2190 1226 2280 δέρμ’
1242 2197 1521 2283 ἀπονοστήσαιμεν
1542 2195 1595 2282 ἑὴν
1695 2184 1696 2211 ³

198 2299 232 2379 ἒς
253 2298 394 2386 πατρίόα
416 2306 519 2383 χαῖον,
549 2301 575 2363 si
598 2320 672 2363 cum
694 2299 884 2363 Hermanno
907 2308 939 2362 et
962 2298 1078 2363 Abelio
1101 2297 1239 2363 Gesneri
1262 2302 1482 2364 coniecturam
1503 2291 1595 2385 οἶμον

200 2404 273 2490 (pro
306 2398 338 2469 οἱ
370 2402 442 2490 μέν)
476 2402 700 2488 amplectimur
727 2412 823 2489 atque
850 2406 895 2468 ita
928 2405 1191 2490 interpretamur:
1235 2405 1304 2469 ‘wir
1334 2404 1469 2468 suchten
1499 2406 1594 2468 einen

200 2508 344 2592 Ausweg
366 2531 424 2573 aus
448 2508 506 2572 der
529 2506 667 2591 Miihsal
700 2507 757 2572 der
787 2506 857 2571 sich
886 2507 977 2571 nieht
1007 2506 1151 2572 erhoffen
1181 2507 1277 2572 liess.’
1323 2508 1460 2573 Wielius
1484 2518 1596 2573 contra

199 2613 270 2677 154
293 2615 425 2700 opponit
447 2612 643 2678 vocabulum
665 2604 756 2699 οἶμος
777 2612 856 2678 nihil
880 2635 950 2679 esse
966 2614 1027 2678 nisi
1049 2614 1185 2678 latinum
1208 2613 1292 2696 ‘via'‚
1315 2613 1377 2679 hoc
1392 2622 1502 2678 autem
1523 2611 1595 2678 loco

202 2718 380 2783 desiderari
402 2740 526 2800 vocem,
558 2740 641 2804 quae
672 2718 832 2802 significet
861 2718 948 2782 idem
979 2718 1063 2802 quod
1095 2718 1230 2784 latinum
1260 2717 1436 2803 ‘decursus
1467 2717 1595 2782 exitus'.

201 2843 284 2906 quae
306 2833 395 2887 recte
419 2844 452 2886 se
483 2821 606 2887 habere
628 2822 707 2886 mihi
729 2822 891 2887 videntur.
936 2822 1000 2886 tale
1023 2823 1121 2906 igitur
1144 2822 1392 2904 substantivum,
1421 2822 1507 2908 qnod
1531 2843 1597 2887 non

200 2927 293 2992 nimis
316 2948 335 2990 a
358 2926 507 2991 codicum
521 2926 667 3011 vestigiis
690 2910 863 3013 recedat¹)‚
886 2926 1109 3011 quaerendum
1132 2936 1189 2992 est.
1219 2926 1304 3014 quod
1328 2927 1405 2992 dum
1426 2928 1597 2990 inventum
1693 2979 1694 3012 ,

200 3032 274 3113 erit,
305 3051 467 3095 sumamus
497 3030 692 3096 vocabulum
722 3023 814 3115 οἶμος
846 3053 943 3094 sensu
974 3030 1100 3095 insolito
1130 3040 1321 3117 usurpatum
1351 3052 1432 3095 esse.
1486 3029 1598 3095 Wielii

200 3137 285 3199 enim
309 3137 500 3200 sententiam
523 3134 724 3200 substantivo
747 3157 827 3222 opus
849 3158 915 3199 nou
937 3157 1008 3199 esse
1030 3134 1213 3221 probarem,
1242 3138 1268 3199 si
1284 3136 1468 3200 coniectura
1491 3143 1597 3199 osten-

201 3238 300 3303 disset
334 3238 441 3303 locum
470 3240 537 3303 sine
568 3238 772 3304 substantivo
808 3239 956 3324 expediri
986 3261 1088 3325 posse.
1146 3239 1260 3325 quodsi
1292 3238 1452 3324 όιζόμεθα
1483 3240 1526 3303 ad
1557 3261 1597 3302 ea

201 3365 284 3429 quae
306 3343 629 3428 praeceduntrefert
652 3353 684 3408 et
706 3343 819 3408 scribit
842 3338 874 3409 οἱ
896 3346 953 3428 μέν
975 3343 1138 3425 ἀέλπτεον,
1163 3343 1312 3429 displicet
1334 3343 1413 3407 illud
1436 3342 1597 3428 όιζόμεθα
1693 3359 1695 3428 ᾗ

201 3448 286 3513 nude
308 3450 458 3533 positum,
482 3447 632 3535 displicet
655 3448 758 3514 forma
781 3450 937 3513 enuntiati
960 3449 1001 3513 ab
1025 3450 1068 3527 ὡς
1089 3449 1282 3534 incipientis,
1313 3470 1386 3512 cum
1409 3449 1442 3512 in
1464 3448 1597 3532 reliquis
1693 3515 1695 3532 ‚

201 3552 295 3617 huius
319 3554 469 3617 carminis
501 3554 674 3618 enuntiatis
705 3551 911 3618 declarativis
940 3553 1153 3617 indicativum
1181 3551 1247 3637 legi
1267 3551 1459 3633 viderimus,
1490 3572 1598 3637 neque

201 3657 370 3743 probabile
394 3666 442 3721 est
465 3656 587 3744 aliquos
610 3667 736 3722 tantum
759 3658 965 3742 Argonautas
989 3659 1189 3743 desperasse.

304 3761 370 3827 Sed
393 3761 456 3826 alia
480 3764 576 3827 etiam
600 3771 673 3827 sunt
700 3764 877 3845 enuntiata,
901 3784 984 3848 quae
1006 3765 1084 3847 quin
1107 3761 1231 3828 Weber
1258 3762 1291 3825 in
1313 3760 1400 3825 hunc
1422 3782 1597 3825 numerum

202 3866 362 3931 relaturus
379 3867 428 3951 sit,
445 3888 509 3932 non
525 3866 646 3949 dubito,
670 3888 783 3931 versus
800 3867 873 3932 dieo
888 3867 929 3931 97
940 3889 986 3952 sq.
1009 3866 1042 3932 τι’
1057 3891 1096 3952 με
1117 3876 1218 3932 ταῦτα
1233 3868 1478 3953 παραιφάμενος
1498 3862 1598 3951 ἐρεεί-

201 3996 272 4051 νεις,
288 3970 292 4059 Ι
307 3971 391 4058 όφρα
406 3996 459 4037 κεν
477 3972 511 4051 ἐς
525 3972 670 4053 Κόλχους
688 3976 831 4051 Μινύαις
845 3973 1016 4062 ἐπιήρανος
1035 3967 1134 4053 ἔλθω,
1157 3970 1220 4035 407
1237 3967 1344 4053 χερσίν
1358 3968 1599 4055 ἐπικρατέοντος
1692 4003 1693 4006 “

201 4076 361 4160 ὁμόκλεον,
386 4072 459 4165 ὄφρ’
474 4077 512 4141 ἂν
534 4074 629 4161 έχωχε
649 4075 653 4161 Ι
673 4075 793 4164 δηρίσω
816 4075 965 4163 Χείρωνι,
989 4076 1051 4140 941
1070 4098 1137 4161 sqq.
1161 4074 1216 4141 καί
1237 4077 1309 4140 τότε
1332 4075 1371 4162 δὴ
1393 4077 1474 4159 μετὰ
1495 4080 1598 4139 πᾶσιν
1692 4151 1693 4170 Ι

202 4181 350 4265 όμόκλεεν
375 4183 511 4268 ἡρώεσσι
531 4180 535 4265 Ι
557 4183 680 4268 Μόψος
706 4220 747 4229 —-
771 4180 789 4247 ὃ
810 4186 869 4268 χοίρ
891 4177 921 4246 τ’
936 4183 1013 4270 ἐδάη
1037 4190 1157 4270 σφῇσιν
1179 4181 1257 4246 τάόε
1279 4183 1509 4267 μαντοσύνῃσιν
1532 4176 1596 4262 -Ι
1692 4175 1693 4212 ³

202 4393 406 4401 —-——---......⁸

306 4531 325 4595 ¹)
346 4528 370 4580 d'
377 4530 512 4598 ἀμβολίην
530 4527 581 4581 τιν’
594 4530 616 4581 ὀ.
635 4547 671 4595 π,
690 4531 762 4596 quod
780 4531 895 4581 Wielius
912 4532 966 4580 1111
988 4534 1015 4581 11
1036 4530 1097 4580 coll.
1111 4530 1199 4596 Apoll.
1212 4530 1267 4579 1111
1285 4532 1335 4580 369
1355 4530 1501 4594 proposuit,
1520 4535 1597 4578 certe

202 4616 310 4685 longius
328 4618 403 4667 abest
421 4634 438 4667 a
456 4620 585 4683 scriptura
604 4618 710 4667 tradita.
