3392 5067
8 1 247 282 Λ

208 446 274 462 ...
302 418 471 483 numquam
501 393 617 459 ciuilem
646 394 827 478 sanquinem
845 392 989 479 fudisse,
1026 392 1123 475 26,5
1152 395 1225 458 baec
1255 394 1364 459 diuina
1389 396 1530 480 potentia
1561 405 1614 459 est

205 502 357 588 preputim
395 523 433 564 ac
466 498 588 586 publice
627 520 767 563 seruare:
805 498 918 562 multos
953 497 1078 582 quidem
1110 499 1246 563 occidue
1279 509 1307 563 et
1339 499 1519 562 indiscretos
1557 502 1612 563 irs-

206 605 309 670 ceudii
337 627 375 668 ac
404 605 516 669 ruinae
539 602 682 689 potentia
711 612 769 682 est,
813 600 887 667 Oct.
909 602 975 666 446
1004 604 1138 689 repanda
1167 602 1266 689 maqis
1296 614 1339 668 est
1360 601 1495 689 feruida
1524 605 1613 667 aduc

206 710 349 775 besceutia
371 718 403 773 et
428 708 456 793 l,
480 707 523 772 3*
549 706 598 791 (..
621 760 628 772 .
651 756 658 773 .
681 709 768 771 iuuat
793 760 799 773 .
821 758 828 771 .
852 757 888 772 ..
916 706 963 769 ita
991 706 1075 791 ioqui
1099 706 1215 792 secum)
1244 707 1281 770 in
1303 709 1364 771 bac
1384 718 1475 771 tauta
1489 708 1610 793 faciel-

206 825 269 880 tate
303 836 408 877 rerum
444 834 507 876 non
543 813 595 875 ira
631 832 679 874 me
716 812 760 875 ad
794 811 904 896 iniqua
940 810 1096 897 supplicia
1132 811 1291 896 compulit,
1328 833 1390 875 non
1426 812 1611 876 iuuenilis

205 920 374 1003 impetus,
397 939 458 981 non
480 917 637 981 temeritas
659 916 815 979 bomiusms
837 926 866 979 et
888 914 1091 979 coutumacia.
1130 924 1285 1001 quantum
1316 916 1491 981 discrimen
1518 918 1611 981 inter

205 1045 315 1109 regem
347 1032 380 1087 et
408 1030 583 1106 tyrannum
613 1021 739 1084 intersit
768 1018 894 1085 Seneca
926 1019 976 1097 12,
1000 1018 1099 1105 3sq.*
1127 1022 1268 1106 exponit.
1311 1020 1399 1087 idem
1429 1020 1611 1084 discrimen

206 1150 249 1193 ex
279 1126 352 1192 Oct.
373 1125 438 1191 454
446 1147 516 1211 sqq.
545 1125 665 1208 elucet,
695 1124 753 1190 ubi
779 1124 866 1189 Nero
894 1146 1009 1189 verum
1035 1134 1210 1211 tyrannum
1237 1147 1272 1190 se
1299 1125 1449 1209 ostendit,
1478 1126 1611 1191 Seneca

205 1232 292 1316 regis
315 1231 425 1297 officia
446 1231 607 1318 proponit.
644 1238 814 1315 praeterea
837 1230 987 1314 componi
1009 1229 1177 1316 possunt¹)
1201 1228 1274 1296 Oct.
1291 1218 1411 1316 46269.
1435 1253 1481 1294 an
1490 1229 1610 1315 patiar

206 1337 288 1401 uitro
315 1337 495 1422 sanquinem
522 1345 661 1398 nostram
678 1334 747 1419 peti
780 1343 813 1397 et
835 1333 866 1412 9,
892 1332 936 1397 4*
966 1334 1040 1418 quid
1067 1334 1158 1421 erqo?
1191 1357 1245 1422 eqo
1268 1356 1479 1420 percussorem
1505 1356 1609 1398 ascum
1685 1361 1686 1426 q

206 1463 345 1505 securum
371 1438 531 1504 ambulare
552 1439 667 1523 patiar
687 1460 735 1501 me
757 1436 920 1516 sollicitat,
951 1436 1024 1503 Oct.
1047 1437 1111 1502 488
1121 1460 1168 1523 sq.
1192 1448 1225 1501 tu
1241 1440 1332 1525 puers
1354 1450 1464 1503 auctor
1486 1437 1609 1523 qenais

207 1546 340 1610 humani
369 1542 508 1627 arbiter}
529 1542 639 1606 eiectus
670 1541 771 1605 orbem
800 1543 865 1605 iam
895 1563 986 1605 sacra
1014 1544 1112 1628 specie
1141 1542 1222 1629 repis
1256 1553 1288 1606 et
1316 1543 1345 1628 1,
1368 1543 1408 1607 2*
1437 1544 1542 1629 (iuuat
1565 1594 1607 1607 ..

206 1652 253 1715 ita
288 1649 371 1734 ioqui
402 1648 518 1731 secum)
557 1668 649 1733 696116
686 1668 724 1710 ea
759 1645 900 1710 omnibus
932 1646 1115 1712 mortalibus
1146 1646 1257 1731 placui
1293 1647 1490 1734 eiectusque
1522 1671 1606 1723 sum,

206 1756 259 1839 qui
284 1754 317 1818 in
345 1753 436 1817 terris
464 1752 593 1815 deorum
618 1752 680 1814 uice
694 1749 869 1836 frangerer?
902 1772 993 1836 spone
1021 1753 1103 1816 uitae
1132 1752 1272 1839 meamque
1300 1752 1439 1837 pentibus
1468 1751 1608 1815 arbiter?

206 1860 287 1944 loco,
315 1859 370 1944 qui
397 1865 446 1921 est
470 1855 521 1938 11,
546 1854 594 1937 1*,
622 1863 771 1940 respecto
800 1876 980 1941 comparare
1008 1878 1094 1919 nemo
1122 1857 1354 1921 mansuetudini
1380 1869 1451 1921 tuae
1477 1856 1606 1920 audebit

206 1964 311 2029 dicum
341 1962 520 2049 Auqustum
556 1968 660 2045 patet,
700 1982 757 2024 cur
791 1957 949 2025 Octaviae
987 1962 1123 2046 scriptor
1161 1961 1203 2025 ad
1239 1961 1379 2046 Augusti
1418 1960 1605 2048 exemplum
1686 1973 1687 1996 *

206 2068 369 2132 Neronem
407 2075 439 2130 et
480 2074 576 2129 antea
613 2064 772 2130 Senecam
810 2060 995 2151 spectantes
1035 2065 1158 2130 fecerit.
1208 2087 1248 2130 ac
1285 2065 1465 2151 desumpsit
1505 2067 1604 2129 etiam

206 2170 359 2237 nonnulla
389 2192 431 2234 ex
460 2168 514 2233 illo
544 2168 689 2235 Senecae
719 2167 799 2252 loco,
834 2169 876 2233 cf.
904 2168 976 2233 Oct.
999 2168 1064 2233 482
1092 2169 1150 2233 tibi
1177 2191 1291 2233 numen
1319 2172 1482 2234 incruenta
1512 2169 1605 2256 (For-

207 2278 295 2361 tuna)
321 2273 469 2339 summisit
498 2296 584 2336 suum
615 2281 648 2336 et
671 2272 721 2357 11,
745 2272 785 2336 3*
808 2273 1009 2359 praestitisti,
1036 2272 1164 2354 Caesar,
1191 2276 1346 2340 ciuitate-m
1371 2278 1605 2339 incruentam
1687 2293 1688 2312 ¹

209 2429 301 2463 ...,
337 2378 409 2444 Oct.
433 2377 497 2443 506
510 2398 579 2464 sqq.
618 2377 815 2464 (Augustus)
845 2390 916 2463 qum
944 2381 1097 2443 interemit
1122 2378 1238 2445 nobitas
1372 2429 1382 2459 ,
1410 2378 1517 2442 tabula
1551 2400 1604 2443 no-

206 2494 290 2549 tante
446 2504 564 2568 pauore
593 2481 728 2546 volucres
887 2484 987 2547 tristes
1018 2483 1157 2569 Pbibippi
1287 2493 1319 2548 et
1347 2483 1398 2569 11,
1424 2483 1465 2546 1*
1498 2504 1605 2568 nempe

202 2599 274 2675 post
311 2610 397 2652 mare
433 2587 601 2651 Actiacum.
648 2596 791 2653 ceterum
829 2586 872 2652 cf.
906 2610 980 2652 cum
1019 2586 1092 2652 Oct.
1120 2588 1185 2653 574
1202 2610 1249 2675 sq.
1289 2586 1389 2676 [Neu]
1424 2586 1606 2673 probsbebor

206 2715 286 2756 unus
299 2691 413 2779 facere
436 2691 519 2776 quod
540 2691 654 2754 cunctis
677 2690 766 2755 licet?
798 2690 897 2780 [Sem]
924 2694 1046 2756 maiora
1072 2692 1209 2778 populus
1234 2714 1352 2777 semper
1374 2715 1394 2755 a
1416 2713 1532 2755 summo
1554 2714 1605 2755 eec-
1688 2749 1689 2776 ,

153 2874 155 2880 ¹
206 2798 262 2882 iqit
296 2796 348 2862 De
383 2795 474 2860 clem.
503 2794 519 2858 1
550 2794 592 2857 1*
626 2816 721 2880 qraoe
749 2806 847 2880 putus
880 2795 960 2881 erupi
994 2795 1141 2881 loquendi
1173 2795 1339 2861 arbitrium
1372 2795 1492 2881 sepibus
1524 2797 1607 2881 911611

207 2900 372 2965 bumibbimi
398 2898 530 2963 babent?
557 2950 564 2963 .
588 2948 624 2962 ..
652 2897 718 2963 alia
746 2900 882 2963 condicio
909 2910 952 2963 est
982 2921 1097 2978 amum,
1125 2902 1181 2987 qui
1205 2900 1239 2964 in
1262 2900 1356 2964 turba
1378 2948 1386 2963 .
1410 2946 1418 2963 .
1443 2899 1570 2964 iateut.
1598 2948 1606 2963 .

208 3004 257 3092 (2)
280 3028 373 3090 quam
395 3002 493 3067 multa
516 3001 573 3066 tibi
594 3025 655 3066 non
679 3002 778 3083 liceat,
805 3026 885 3088 quae
907 3003 993 3068 nobis
1016 3003 1157 3087 beneflcio
1181 3014 1232 3068 tuo
1255 3004 1354 3084 licent,
1382 3012 1415 3069 ct
1443 3004 1530 3069 Dial.
1554 3004 1606 3069 XI

208 3110 238 3190 1,
262 3109 282 3173 2
309 3107 436 3174 Caesari
457 3128 575 3193 quoque
597 3108 672 3193 ipsi,
702 3108 754 3170 cui
783 3110 887 3171 omnia
916 3107 1016 3186 liceat,
1041 3118 1170 3194 propter
1200 3109 1255 3173 boc
1283 3110 1386 3193 ipsum
1415 3108 1514 3173 muita
1543 3132 1607 3172 11611

208 3214 313 3292 licent,
355 3235 430 3277 cum
469 3210 541 3277 Oct.
572 3210 636 3275 578
650 3233 719 3298 sqq.
759 3211 917 3295 obsequere
946 3214 1048 3297 potiris
1082 3212 1197 3277 ciuibus
1229 3213 1377 3298 placidus
1414 3213 1475 3278 tuis
1510 3261 1517 3276 .
1554 3261 1561 3276 .
1600 3262 1607 3275 .

207 3319 260 3383 De
292 3316 423 3382 clem.I
452 3315 502 3397 13,
535 3317 552 3379 1
585 3315 744 3401 placido
786 3315 1014 3401 tranquilloque
1050 3316 1117 3402 reqi
1144 3316 1216 3401 fida
1256 3329 1330 3381 sunt
1371 3317 1499 3382 asadia
1536 3340 1606 3381 sua.

207 3421 339 3506 longum
374 3429 423 3485 est
456 3442 567 3485 omnes
601 3420 700 3503 locos,
735 3418 853 3505 quibus
887 3420 998 3484 similis
1032 3442 1145 3485 sensus
1178 3423 1277 3505 inest,
1311 3423 1465 3509 proferre.
1517 3432 1607 3487 certe

208 3528 273 3593 iam
306 3525 513 3591 manifestum
544 3546 615 3589 esse
648 3533 726 3611 puto
761 3522 919 3589 Octaviae
953 3527 1142 3611 scriptorem
1172 3525 1332 3591 Senecam
1364 3527 1463 3592 talem
1493 3526 1605 3612 depin-

208 3652 285 3716 gere
322 3629 476 3710 voluisse,
515 3628 644 3713 qualem
681 3651 725 3692 ex
762 3630 892 3713 scriptis
928 3628 1125 3716 philosophis
1168 3652 1242 3695 eum
1280 3631 1444 3716 cognitum
1479 3630 1606 3696 habuit.

208 3745 241 3800 et
275 3734 433 3819 colloquio
467 3732 611 3797 Senecae
649 3742 682 3797 et
713 3732 852 3797 Neronis
888 3736 1008 3799 inserto
1044 3744 1156 3821 poeta,
1190 3736 1253 3799 nisi
1289 3735 1396 3819 fallor,
1435 3734 1606 3800 ostendere

209 3840 320 3919 voluit¹
335 3840 563 3923 imperatorem
589 3836 679 3901 illum
709 3838 816 3902 omnia
842 3840 987 3921 magistri
1013 3840 1062 3903 sui
1088 3848 1264 3924 praecepta
1292 3838 1476 3924 neglexisse
1506 3848 1605 3925 atque

209 3945 296 4008 omni
316 3964 358 4007 ex
377 3952 470 4029 parte
486 3963 599 4007 verum
623 3950 798 4027 tyrannum
822 3963 856 4005 se
879 3943 1079 4027 praebuisse.
1104 3964 1168 4028 qua
1192 3944 1232 4007 de
1256 3966 1355 4008 causa
1377 3944 1605 4030 philosophum

209 4070 248 4113 ea
271 4048 351 4133 ipsa,
375 4068 457 4132 quae
481 4044 523 4110 ad
545 4045 708 4110 Neronem
732 4047 915 4132 scripserat,
939 4048 1125 4134 imperatori
1148 4048 1348 4131 suadentem,
1382 4049 1469 4114 hunc
1492 4058 1605 4114 contra

210 4150 372 4218 dicentem
393 4151 480 4215 fecit.

316 4415 335 4480 ¹)
354 4414 610 4467 Andautonia?
626 4413 710 4483 [Neu]
730 4412 796 4465 decet
813 4416 898 4463 timeri
916 4412 1051 4465 Caesarem
1070 4412 1155 4485 [Sem]
1171 4423 1198 4467 at
1212 4418 1274 4482 plus
1290 4416 1367 4483 autqt
1388 4433 1410 4467 c.
1427 4419 1466 4482 19,
1479 4419 1510 4467 61
1526 4433 1606 4467 unum

210 4508 245 4553 est
266 4503 462 4568 incapispnattie
487 4505 667 4553 mmsimentum
693 4519 765 4551 anaor
788 4504 888 4550 ciuium.
921 4500 1049 4553 Octaviae
1072 4520 1177 4554 versum
1205 4510 1296 4555 autem
1323 4503 1520 4554 defendendum
1547 4519 1606 4555 esse

210 4595 303 4641 contre
320 4591 439 4641 Leonem
458 4591 527 4640 infra
545 4589 740 4641 demonstrabo.
