3392 5067
207 232 249 295 52

206 424 303 486 immo
327 422 388 485 hac
412 422 628 506 disputatione
651 423 717 487 iam
739 443 790 485 me
814 420 969 507 probasse
997 432 1076 506 puto
1099 424 1294 488 contrariam
1322 425 1518 488 sententiam
1547 445 1629 487 ma-

207 528 308 591 iorem
330 528 401 590 veri
430 529 571 613 speciem
601 549 681 613 prae
711 548 745 589 se
776 525 876 607 ferre3
908 549 983 591 nam
1013 528 1040 590 si
1071 528 1141 612 quis
1171 526 1332 592 nonnullis
1365 528 1505 593 saeculis
1542 538 1631 613 post

208 628 367 696 Senecam
383 632 451 696 eius
474 630 658 715 tragoedias
680 630 854 695 imitandas
871 632 1071 716 sumpsisset,
1094 653 1159 695 non
1174 640 1403 716 argumentum
1426 656 1444 695 a
1461 632 1628 698 Senecae

208 735 328 799 fabulis
350 734 583 799 alienissimum
608 734 669 799 sibi
692 734 844 819 elegisset
866 756 928 798 nec
951 743 1017 799 tam
1041 735 1169 799 diverso
1192 736 1288 800 modo
1311 736 1345 800 id
1368 744 1558 801 tractasset.

311 838 378 903 Sed
399 842 464 904 iam
487 838 528 903 de
551 839 613 904 alio
636 838 781 903 Senecae
805 840 992 903 imitationis
1016 860 1145 923 genere,
1169 840 1255 925 quod
1278 841 1311 903 in
1329 839 1469 906 Octavia
1492 840 1625 906 adesse

208 952 389 1008 statuerunt
414 944 561 1008 homines
584 943 680 1024 docti,
708 942 803 1007 nobis
826 942 1059 1028 exponendum
1081 951 1140 1007 est.
1186 966 1283 1030 saepe
1306 966 1440 1009 numero
1465 947 1559 1008 enim
1586 946 1623 1007 in

207 1048 270 1113 hac
292 1047 459 1131 tragoedia
488 1048 666 1111 sententiae
693 1047 912 1130 inveniuntur,
964 1047 1081 1131 quibus
1110 1049 1143 1112 in
1169 1071 1235 1113 una
1256 1048 1402 1113 alterave
1427 1058 1623 1113 ceterarum

209 1152 394 1217 fabularum
416 1150 499 1215 adeo
523 1149 642 1216 similes
666 1159 790 1234 extant,
812 1160 848 1215 ut
872 1152 1012 1236 suspicio
1036 1153 1155 1216 existat
1166 1150 1324 1217 Octaviae
1348 1154 1543 1237 scriptorem
1560 1151 1621 1217 Se-

209 1279 310 1321 necae
341 1257 442 1342 ipsius
466 1255 568 1339 rerba
594 1256 750 1321 imitando
774 1259 958 1341 exprimere
985 1256 1135 1320 voluisse.
1182 1278 1264 1343 quae
1292 1258 1432 1342 suspicio
1460 1266 1620 1341 augetur,

113 1415 115 1429 .
209 1383 283 1425 cum
298 1382 542 1445 nonnumquam
559 1362 655 1426 etiam
671 1360 798 1444 singula
813 1362 917 1426 verba
932 1361 974 1425 ab
990 1360 1148 1425 Octaviae
1164 1363 1321 1447 scriptore
1337 1383 1380 1424 ex
1395 1361 1544 1426 Senecae
1569 1361 1620 1423 fa-

207 1466 293 1530 bulis
309 1464 481 1550 desumpta
496 1486 567 1528 esse
583 1464 764 1529 videantur.
797 1464 838 1528 de
860 1467 984 1530 ratione
1000 1473 1118 1547 autem,
1142 1487 1206 1550 qua
1221 1467 1248 1529 is
1264 1465 1409 1530 Senecae
1424 1464 1555 1529 fabulas
1581 1465 1617 1528 in

209 1569 320 1634 verbis
349 1577 381 1633 et
409 1570 576 1632 sententiis
604 1569 826 1653 exprimendis
853 1570 887 1633 in
914 1591 1008 1633 usum
1036 1591 1130 1633 suum
1153 1572 1358 1651 converterit,
1386 1578 1455 1633 tum
1479 1569 1617 1635 demum

208 1674 354 1738 iudicare
377 1674 564 1758 poterimus,
589 1675 615 1735 si
638 1694 776 1757 eaquae
799 1672 865 1737 huc
887 1673 1011 1737 faciunt
1033 1676 1215 1739 accuratius
1242 1675 1492 1761 inspexerimus.
1525 1695 1614 1758 quae

210 1801 284 1842 eum
312 1781 357 1842 ita
385 1778 463 1862 sint,
495 1778 560 1842 iam
586 1777 672 1843 locos
700 1799 743 1841 ex
770 1775 910 1841 Octavia
937 1787 969 1841 et
996 1780 1112 1842 ceteris
1139 1777 1257 1843 fabulis
1287 1782 1405 1864 petitos
1434 1777 1613 1863 proferam,

209 1885 294 1948 inter
316 1903 405 1966 quos,
430 1883 498 1945 sive
522 1882 714 1945 sententiam
737 1883 805 1945 sive
829 1880 957 1965 singula
976 1882 1080 1946 verba
1102 1885 1296 1968 respexeris,
1313 1881 1488 1947 similitudo
1511 1904 1610 1966 quae-

212 1987 288 2050 dam
318 1985 499 2049 intercedit.
556 1986 613 2049 sed
643 2008 684 2049 ne
715 1985 860 2049 Richteri
890 1995 923 2049 et
952 1986 1087 2049 Braunii
1116 1988 1238 2050 meritis
1270 1986 1454 2052 obtrectare
1484 1986 1609 2068 videar,

210 2090 297 2155 locos
325 2090 367 2154 ab
395 2089 457 2153 illis
485 2090 549 2153 iam
579 2087 731 2174 adlatos1)
759 2089 875 2152 litteris
896 2090 927 2153 R
949 2088 1003 2152 vel
1026 2089 1053 2152 B
1077 2088 1198 2153 additis
1222 2089 1423 2173 significabo.
1463 2099 1610 2153 ceterum

212 2217 326 2259 versus
350 2217 392 2258 ex
415 2191 556 2257 Octavia
578 2192 775 2278 desumptas,
799 2215 880 2277 quos
903 2192 1060 2274 ordinem,
1085 2196 1138 2278 qui
1162 2195 1265 2257 estin
1289 2194 1350 2257 hac
1374 2194 1494 2279 fabula,
1519 2214 1607 2256 secu-

209 2309 262 2364 tus
285 2298 473 2384 producam,
503 2296 651 2360 versibus
675 2319 717 2360 ex
741 2300 857 2362 ceteris
884 2298 1058 2381 tragoediis
1081 2298 1191 2383 petitis
1213 2307 1417 2383 anteponam.
1670 2379 1671 2384 Ι

313 2401 387 2467 Oct.
407 2406 485 2486 laq.
511 2400 580 2465 Iane
602 2423 683 2485 capa
707 2400 789 2464 caclo
809 2400 1057 2488 siderafalpcnc
1074 2401 1077 2487 Ι
1097 2401 1223 2465 Aurora
1238 2400 1348 2487 stipat,
1372 2402 1472 2488 carpit
1491 2401 1604 2485 Titani
1670 2445 1671 2484 3

209 2508 359 2571 radiante
381 2528 465 2569 coma
488 2506 656 2590 mundoque
679 2506 759 2568 diens
781 2505 886 2569 reddit
908 2504 1044 2569 clarum:
1067 2512 1120 2569 Hf.
1136 2514 1196 2569 123
1210 2532 1271 2589 sqq.
1295 2515 1419 2569 clarescit
1438 2516 1494 2568 dics
1514 2505 1518 2590 Ι
1537 2521 1606 2568 orta·

209 2640 259 2693 que
286 2621 369 2674 Titan
398 2620 504 2673 lucidas
530 2636 620 2673 croceo
643 2620 723 2673 subit.
752 2608 856 2697 [chon]
884 2620 949 2673 iam
972 2638 1054 2673 rara
1076 2621 1177 2674 meant
1198 2620 1312 2673 sidera
1336 2662 1342 2675 .
1363 2612 1369 2695 Ι
1392 2662 1398 2673 .
1422 2619 1534 2687 mundo,·
1555 2637 1606 2671 aaa

209 2727 281 2779 aicta
305 2742 406 2795 nayco
427 2716 431 2798 Ι
451 2724 585 2777 contrabit
610 2724 684 2794 ipncs
709 2766 843 2778 .....
873 2724 957 2777 Titan
987 2742 1092 2778 summa
1113 2725 1249 2793 prospicit
1267 2724 1335 2777 Octa
1354 2713 1359 2799 Ι
1381 2766 1387 2777 .
1410 2765 1416 2777 .
1440 2766 1446 2778 .
1469 2765 1475 2777 .
1500 2723 1606 2777 Phoebi·

208 2848 258 2901 que
279 2829 357 2899 fiayit
382 2828 506 2880 reditura
533 2845 609 2880 soror
637 2816 676 2904 [v.
696 2826 755 2881 125
772 2818 838 2905 R.],
863 2825 935 2882 Oed.
955 2828 969 2881 1
987 2844 1028 2900 sq.
1052 2829 1116 2881 iam
1143 2833 1217 2882 nocte
1243 2829 1345 2881 Titan
1371 2827 1470 2881 dubim
1496 2827 1606 2897 apulsa
1669 2899 1670 2904 Ἰ

208 2934 286 3003 redit,
316 2927 461 3006 aquibus
484 2928 583 2987 verbis
610 2928 763 3003 tragoedia
790 2928 912 2985 initium
940 2927 1027 3003 capit.
1060 2928 1136 3006 Thy.
1166 2932 1227 2987 834
1255 2939 1279 2986 et
1302 2949 1388 3002 vaya
1405 2931 1479 3000 ps'cti
1497 2931 1605 2984 sidera

208 3038 310 3103 maadi,
334 3053 407 3106 naqa
430 3036 522 3089 sidua
543 3031 575 3087 in
595 3030 702 3088 iisdem
726 3050 826 3089 versus
850 3031 975 3107 pedibus
998 3036 1086 3108 atque
1109 3032 1140 3089 in
1164 3032 1297 3092 Octavia.
1328 3032 1445 3089 Medd
1473 3034 1604 3088 clarum·

209 3158 259 3211 quc
291 3140 373 3194 Titan
402 3140 524 3194 dividens
554 3140 627 3192 orbi
655 3139 742 3192 diem.
777 3138 832 3209 Ag.
859 3138 898 3191 56
934 3140 1033 3193 redde
1065 3140 1122 3193 iam
1155 3141 1254 3194 mundo
1287 3140 1384 3208 diem,
1420 3136 1457 3192 de
1491 3135 1603 3192 Phoebo

210 3241 298 3317 dicta,
321 3242 386 3299 ΗΟ.
404 3243 466 3299 488
484 3242 577 3311 ferens
598 3243 681 3296 Titan
696 3243 773 3295 diem.
795 3239 904 3296 deinde
923 3258 990 3296 eum
1005 3240 1104 3299 verbis
1117 3244 1212 3321 ,Titan
1230 3234 1421 3321 radiante²)
1445 3260 1519 3297 coma
1539 3257 1602 3296 con-

209 3345 283 3402 ferri
309 3350 430 3419 possunt
452 3345 562 3401 Phaed.
585 3347 656 3403 678.
687 3344 752 3401 ΗΟ.
777 3346 858 3400 1518
882 3334 928 3424 [B]
955 3348 1091 3402 radiate
1117 3349 1208 3402 Titan.
1241 3349 1333 3402 daras
1362 3363 1430 3401 cum
1459 3347 1514 3401 dica
1541 3361 1602 3399 con·

209 3449 344 3506 iunctum
373 3449 484 3523 legitur
514 3467 629 3525 quoque
660 3448 711 3505 Hs.
738 3451 797 3504 821
829 3451 899 3504 uidit
928 3457 960 3504 nt
985 3452 1090 3505 clarum
1120 3453 1198 3522 dnm,
1229 3449 1278 3507 Tr.
1301 3452 1360 3506 156
1394 3452 1476 3506 claro
1495 3452 1543 3505 die.
1572 3447 1601 3505 in

211 3552 334 3611 Octavia
356 3552 540 3612 adiectivum
564 3551 759 3627 postpositum
781 3555 835 3609 est.

316 3648 389 3714 Oct.
406 3649 509 3736 lisqq.
533 3660 633 3734 repete
655 3700 661 3713 .
680 3698 712 3714 ..
736 3660 860 3735 questus
882 3648 885 3735 Ι
908 3660 1000 3734 atqua
1021 3672 1188 3735 equoreas
1210 3652 1297 3714 vinee
1318 3650 1487 3737 Alcyonae,
1504 3649 1507 3735 Ι
1523 3652 1600 3714 aina
1668 3663 1669 3674 ¹

212 3764 240 3819 et
261 3754 399 3817 uolucres
424 3753 624 3817 Pandionias.
657 3761 777 3817 eaedem
804 3760 921 3817 fabulae
944 3779 961 3816 a
984 3760 1095 3818 Seneca
1121 3765 1283 3835 tanguntur
1305 3764 1361 3835 Ag.
1384 3765 1445 3819 670
1459 3780 1518 3837 sqq.
1540 3761 1597 3819 ΗΟ.

215 3870 274 3922 192
289 3885 350 3942 sqq.
374 3865 407 3921 in
429 3863 552 3940 singulis
575 3863 674 3922 verbis
697 3863 862 3921 similitudo
885 3884 943 3921 non
966 3859 1088 3945 adesut)

318 4088 339 4152 ¹)
357 4086 397 4137 cf.
416 4087 528 4137 Braunii
546 4085 669 4138 libellum
687 4104 713 4153 p.
728 4088 759 4135 12
772 4103 829 4153 sqq.
849 4092 877 4137 et
894 4086 1015 4137 Richteri
1033 4086 1136 4135 dissert.
1155 4102 1180 4151 p.
1194 4088 1228 4135 40
1240 4101 1279 4151 eq.

318 4172 339 4238 ²)
358 4172 432 4224 Idem
456 4174 625 4239 participium
652 4174 681 4222 in
704 4173 797 4223 eadem
820 4188 913 4223 versus
936 4172 999 4223 sede
1021 4173 1137 4237 positum
1160 4172 1261 4238 legitur
1279 4172 1341 4222 Tro.
1362 4172 1428 4221 1035
1452 4189 1505 4222 arm
1522 4174 1595 4239 propia

213 4260 302 4311 ductor·
319 4260 470 4310 radiante
487 4260 572 4311 villo.
1668 4307 1669 4324 ,

317 4348 339 4413 ³)
359 4348 398 4398 uf.
418 4348 496 4400 Cone.
520 4347 560 4398 ad.
585 4348 644 4398 Liv.
665 4348 761 4397 Ovidio
789 4363 928 4414 perperam
953 4348 1103 4412 adscriptae
1125 4363 1149 4396 v.
1170 4348 1218 4396 107
1237 4345 1405 4411 Alcyonnm
1427 4345 1489 4395 tales
1509 4352 1594 4395 amnia

210 4450 261 4499 per
279 4450 390 4498 aequora
407 4441 531 4499 questas
549 4416 675 4497 stiones,
695 4450 761 4501 quoe
777 4434 859 4485 Adler
877 4437 906 4484 in
924 4451 1011 4500 progr.
1025 4432 1145 4483 Anclam.
1164 4448 1182 4482 a
1197 4435 1269 4495 test,
1290 4433 1345 4497 (eui
1362 4434 1464 4482 inserta
1482 4437 1592 4481 6616616-
1663 4461 1667 4493 ;

214 4524 344 4572 mentatio
358 4522 390 4572 de
404 4522 482 4572 Cone.
502 4522 535 4571 ad
548 4522 619 4586 Liv.)
639 4525 693 4587 p.9
711 4528 738 4573 et
751 4522 881 4573 Huebner
898 4523 927 4570 in
946 4521 1063 4571 Hermae
1081 4520 1134 4570 vol.
1147 4520 1214 4569 XIII
1232 4538 1257 4585 p.
1273 4522 1321 4570 152
1340 4526 1368 4569 et
1383 4522 1431 4568 165
1450 4535 1483 4568 ex
1495 4518 1591 4581 Catullo,

215 4609 364 4675 Propertio,
383 4608 480 4658 Ouidio
499 4608 680 4659 contulerunt.
