3392 5067
1486 194 1546 261 179

127 392 232 454 ,σθαι
256 385 415 473 (Theogn.
433 384 521 471 282),
546 387 708 453 διδάσκειν
730 384 806 465 (Sol.
822 386 854 467 4,
878 386 944 471 31).
970 385 1056 471 quod
1079 396 1188 451 autem
1210 387 1253 451 ad
1277 386 1389 452 modos
1412 388 1548 473 adtinet,

150 513 279 576 semper
307 492 502 556 indicativus
531 490 665 574 legitur,
701 493 757 575 qui
784 490 927 575 Theogn.
955 491 1038 556 1305
1058 513 1104 576 sq.
1132 496 1227 580 θυμῷ
1263 496 1370 576 γνούς,
1406 492 1456 557 ὅτι
1480 542 1487 557 .
1512 540 1548 558 ..

150 596 251 675 ἄνθος
270 599 275 676 Ι
295 598 450 682 ὠκύτερον
473 593 605 662 σταδίου
628 594 829 680 supplendus
853 603 911 660 est.

254 700 316 763 His
338 722 444 784 pauca
467 699 507 762 de
523 697 697 763 enuntiatis
720 700 1017 784 interrogativis
1033 699 1201 765 addamus.
1226 702 1252 763 si
1268 722 1379 765 eorum
1394 700 1547 783 locorum,

152 804 270 890 quibus
308 805 500 889 pronomina
533 803 587 867 vel
623 802 782 867 adverbia
814 806 1061 888 interrogativa,
1099 826 1183 890 quae
1218 814 1292 869 sunt
1325 805 1427 887 ὅστις,
1463 805 1550 891 quod

151 909 296 992 Theogn.
314 909 378 977 912
394 904 458 994 (δύ)
473 907 537 973 εἰσὶ
552 910 697 993 πρόσθεν
714 906 787 975 odel
800 909 887 996 μοι’)
911 906 1069 996 φροντίζω
1084 914 1206 975 τούτων
1220 905 1317 998 ἥντιν’
1331 908 1372 975 ἰἰο
1395 908 1550 999 προτέρην

151 1035 209 1100 pro
232 1013 389 1100 ὁπότερος
411 1022 600 1099 usurpatur,
635 1010 733 1091 ὅπως,
758 1012 837 1097 alia,
865 1014 946 1077 ratio
969 1034 1035 1077 non
1058 1012 1207 1095 habetur,
1235 1035 1401 1100 perpauca
1427 1023 1550 1077 restant

152 1117 312 1202 exempla,
342 1141 425 1203 quae
452 1140 472 1181 a
493 1115 661 1203 particulis
683 1119 924 1201 interrogativis
951 1119 1124 1203 incipiunt3
1155 1139 1260 1204 neque
1289 1121 1374 1183 enim
1396 1140 1550 1203 umquam

151 1223 182 1287 εἰ
207 1223 379 1305 invenitur,
411 1222 468 1286 sed
497 1231 622 1286 tantum
648 1223 691 1307 μή
718 1220 863 1305 Theogn.
886 1220 966 1303 506,
997 1244 1102 1308 neque
1129 1225 1161 1286 in
1190 1224 1363 1288 enuntiatis
1390 1222 1551 1308 bipertitis

152 1329 290 1412 πότερον
312 1365 354 1373 -
377 1328 406 1413 ἢ,
431 1326 487 1390 sed
510 1325 574 1391 εἴτε
597 1364 639 1373 -
661 1324 726 1391 εἴτε
748 1325 894 1410 Theogn.
914 1326 975 1390 136
999 1336 1031 1391 et
1052 1327 1130 1392 ibid.
1149 1326 1211 1391 913
1224 1350 1270 1414 sq.
1288 1327 1308 1411 1)
1331 1364 1373 1375 —
1395 1329 1426 1415 fi·

255 1430 301 1495 Ut
328 1431 370 1496 ad
397 1452 436 1494 ea
463 1433 637 1512 enuntiata,
664 1430 838 1514 inquibus
867 1454 1006 1495 causae
1033 1431 1224 1515 significatio
1252 1434 1349 1513 inest,
1376 1440 1549 1515 transeam,

154 1536 215 1599 hae
239 1536 479 1600 coniunctiones
502 1536 535 1598 in
557 1557 620 1598 usu
647 1543 735 1598 sunt:
765 1532 847 1614 ἕποι’,
871 1536 932 1615 ὅτι,
957 1538 1077 1601 οὕνεκα.
1124 1535 1306 1620 exquibus
1332 1544 1457 1602 tantum
1478 1535 1553 1603 ἐπεὶ

153 1662 251 1726 saepe
270 1639 386 1725 legitur
402 1649 499 1723 atque
518 1641 563 1703 ita
580 1661 716 1724 semper,
743 1648 781 1703 ut
799 1662 864 1703 uno
883 1638 953 1703 loco
976 1648 1125 1725 excepto,
1150 1640 1205 1724 qui
1225 1640 1312 1726 apud
1329 1640 1552 1725 Theognidem

155 1745 238 1809 1319
263 1754 353 1809 extat
375 1766 482 1829 neque
505 1753 613 1809 tamen
632 1742 726 1807 huius
746 1753 862 1827 poetae
884 1754 941 1821 cst,
967 1745 1131 1808 enuntiato
1154 1745 1306 1829 primario
1329 1754 1550 1831 postponatur.

152 1850 385 1936 particularum
408 1870 486 1912 vero
510 1870 631 1926 earum,
655 1871 738 1933 quae
761 1848 851 1933 apud
880 1848 959 1912 alios
983 1849 1156 1933 scriptores
1181 1870 1277 1933 saepe
1301 1850 1464 1915 accedunt
1494 1849 1551 1937 (ef.

153 1953 267 2039 Zycha
301 1953 377 2019 Mel.
405 1952 503 2018 Vind.
530 1953 597 2017 VII
620 1975 674 2038 pp.
699 1953 760 2016 112
780 1952 889 2038 sqq),
923 1953 1011 2038 apud
1038 1962 1149 2037 poetas
1182 1952 1342 2036 elegiacos
1376 1953 1465 2018 nulla
1498 1954 1552 2018 ad-

154 2060 240 2123 iecta
261 2059 426 2122 invenitur
447 2066 577 2142 praeter
599 2056 749 2142 Xenoph.
775 2057 804 2141 6,
822 2057 852 2137 4,
877 2055 933 2120 ubi
956 2055 1029 2121 ἐπεὶ
1050 2055 1070 2145 ι)
1094 2066 1193 2123 extat.
1239 2055 1290 2124 dtr
1313 2067 1431 2136 autem,
1456 2079 1552 2144 quam

156 2162 414 2226 coniunctionem
452 2163 485 2223 in
519 2161 638 2245 elegeis
676 2162 838 2225 rarissime
877 2160 1056 2226 adhibitam
1091 2182 1160 2225 esse
1200 2184 1299 2247 supra
1332 2162 1456 2226 dictum
1490 2172 1552 2246 est,

156 2265 219 2331 Sol.
251 2266 307 2347 20,
339 2266 360 2328 2
390 2274 422 2329 et
448 2265 595 2349 Theogn.
622 2265 705 2330 1200
738 2266 887 2346 traditur,
916 2269 1027 2331 οὕνεκα
1054 2265 1199 2350 Theogn.
1226 2265 1318 2330 1349.
1364 2267 1415 2330 his
1444 2276 1553 2330 autem

156 2371 237 2434 locis
255 2372 496 2433 coniunctiones
514 2371 562 2435 ὅτι
582 2379 613 2433 ct
629 2374 740 2435 οὕνεκα
755 2392 775 2433 a
790 2369 910 2452 verbis,
933 2369 1050 2455 quibus
1071 2380 1178 2433 motus
1195 2370 1327 2455 quidam
1343 2372 1442 2435 animi
1459 2372 1553 2455 signi-

155 2475 286 2555 ficatur,
316 2473 475 2559 pendent,
499 2474 693 2559 quibuscum
717 2474 864 2537 similiter
887 2476 984 2538 etiam
1006 2476 1036 2539 εἰ
1063 2476 1268 2566 coniungitur
1297 2473 1429 2559 80132,
1448 2477 1463 2539 1
1483 2496 1551 2561 sqq.

157 2579 313 2665 (tetram.)
336 2579 365 2644 εἰ
381 2579 416 2644 δὲ
431 2586 486 2666 γῆς
505 2578 700 2667 ἐφεισάμην)
715 2629 723 2642 .
741 2629 748 2642 .
765 2628 772 2642 .
789 2578 793 2662 l
808 2579 900 2644 οὐδὲν
922 2579 1080 2664 αἰδεῦμαι,
1104 2578 1182 2642 ibid.
1210 2580 1259 2660 11,
1285 2580 1359 2664 lsq.
1383 2581 1414 2643 εἰ
1436 2578 1472 2645 δὲ
1494 2603 1554 2645 πε-

156 2688 303 2751 πόνθατε
332 2685 429 2767 λυγρὰ
457 2678 500 2749 δι’
519 2682 670 2768 ὑμετέρην
692 2684 862 2770 κακότητα,
888 2682 891 2768 )
915 2685 1014 2770 μήτι
1046 2686 1139 2761 θεοῖς
1160 2684 1281 2747 τούτων
1310 2689 1425 2768 μοῖραν
1447 2684 1553 2768 ἐπαμ-

156 2786 277 2875 φέρετε.
322 2787 375 2850 hic
398 2810 476 2851 usus
499 2787 633 2851 voculae
656 2788 695 2867 el,
725 2809 922 2872 quamquam
950 2788 1079 2873 saepius
1110 2786 1198 2872 apud
1226 2786 1353 2851 Atticos
1383 2789 1553 2871 reperitur,

158 2892 199 2956 ab
230 2893 363 2956 Homeri
399 2891 596 2955 carminibus
629 2890 752 2955 alienus
786 2900 844 2956 est.
895 2893 959 2955 iam
993 2893 1019 2953 si
1054 2892 1094 2956 de
1128 2891 1232 2956 modis
1266 2893 1344 2976 ipsis
1379 2893 1554 2977 quaeritur,

158 2996 306 3061 omnibus
333 2996 421 3077 locis,
449 2995 566 3080 quibus
594 3017 652 3060 eae
680 2997 921 3068 coniunctiones
952 2996 1168 3077 inveniuntur,
1201 2995 1396 3059 indicativus
1427 2996 1553 3080 legitur.

260 3101 438 3164 Enuntiata
464 3099 615 3181 finalia,
644 3099 826 3184 dequibus
850 3099 909 3163 Ph.
931 3099 1066 3164 Weberi
1094 3099 1168 3163 libri
1199 3101 1254 3184 qui
1278 3100 1553 3184 ‘Entvvicklungs-

158 3205 346 3291 geschichte
369 3205 428 3268 der
450 3203 703 3267 Absichtssatae'
728 3202 913 3267 inscribitur
936 3204 952 3267 I
972 3226 1026 3288 pp.
1044 3203 1085 3266 72
1098 3223 1167 3288 sqq.
1192 3204 1349 3288 conferas,
1379 3206 1413 3269 in
1436 3204 1555 3288 elegeis

159 3332 325 3397 perpauca
354 3310 571 3373 inveniuntur.
613 3331 655 3371 ex
687 3308 804 3394 quibus
838 3308 993 3372 nonnulla
1027 3329 1123 3393 quam
1157 3310 1299 3373 maxime
1333 3310 1556 3374 memorabilia

159 3424 243 3479 suut.
289 3422 387 3498 atque
413 3422 449 3477 ut
472 3413 512 3477 de
536 3412 815 3478 coniunctionibus
841 3413 920 3497 ipsis
948 3435 1054 3498 pauca
1081 3415 1295 3498 praemittam,
1320 3423 1353 3477 et
1379 3414 1467 3499 apud
1493 3414 1555 3477 Ho-

159 3542 284 3585 merum
317 3527 350 3582 et
379 3519 412 3581 in
443 3518 560 3601 elegeis
594 3516 753 3602 particida
783 3516 882 3604 ὄφρα,
918 3518 1009 3580 cuius
1042 3518 1174 3603 propria
1205 3518 1253 3580 vis
1288 3525 1336 3580 est
1369 3518 1555 3603 temporalis

161 3644 307 3710 quaeque
335 3624 368 3686 in
395 3621 568 3686 enuntiatis
595 3620 745 3685 finalibus
771 3621 929 3706 paulatim
956 3622 1001 3685 ita
1027 3620 1158 3706 reliquis
1186 3621 1354 3706 particulis
1386 3624 1490 3699 cessit,
1522 3630 1557 3685 ut

161 3728 249 3814 apud
271 3736 383 3811 poetas
402 3727 516 3790 atticos
532 3728 660 3790 omnino
677 3735 897 3808 evanesceret,
921 3725 1053 3810 reliquis
1076 3727 1222 3790 usitatior
1245 3734 1302 3791 est.
1337 3725 1454 3808 legitur
1470 3727 1556 3789 enim

161 3855 201 3896 ea
223 3831 367 3915 Theogn.
391 3830 465 3912 546,
495 3829 570 3908 565,
601 3828 675 3911 885,
707 3828 800 3893 1121.
833 3839 945 3893 contra
967 3829 1019 3895 ἵνα
1042 3838 1167 3894 tantum
1190 3829 1335 3914 Theogn.
1361 3829 1423 3893 776
1454 3839 1554 3895 extat.

162 3936 296 4021 quodsi
319 3937 485 3999 enuntiata
507 3920 618 3998 finalia
637 3943 711 3997 sunt
733 3936 895 4018 negativa,
920 3934 1080 3998 Homerus
1104 3957 1177 3998 cum
1199 3934 1341 4021 reliquas
1362 3936 1556 3999 coniunctio-

163 4050 311 4106 nestum
335 4040 419 4128 ὄφρα
446 4040 608 4104 rarissime
631 4041 728 4103 -in
751 4037 894 4124 Odyssia
917 4038 1002 4126 δ’φρα
1024 4042 1068 4126 μή
1091 4040 1219 4103 omnino
1243 4062 1307 4103 non
1329 4040 1493 4103 invenitur
1515 4078 1556 4087 —

164 4168 238 4214 cum
261 4166 342 4208 voce
365 4147 408 4232 μή
431 4145 606 4228 coniungit,
635 4144 693 4207 sed
715 4142 810 4227 longe
833 4144 980 4229 plurimis
1007 4142 1085 4208 locis
1108 4142 1225 4207 vocula
1246 4146 1290 4231 μή
1317 4143 1384 4208 sola
1412 4143 1557 4208 adhibita

162 4251 365 4315 enuntiatum
391 4247 488 4313 finale
515 4250 666 4333 primario
693 4271 757 4312 non
784 4257 851 4312 tam
879 4247 1046 4331 subiungit
1073 4268 1171 4331 quam
1198 4247 1354 4333 adiungit.
1400 4248 1487 4312 idern
1517 4247 1557 4311 de

163 4354 282 4437 elegeis
304 4352 405 4434 valet,
439 4376 516 4417 nam
539 4351 638 4415 semel
662 4352 821 4438 (Theogn.
844 4351 923 4436 546)
947 4352 1032 4439 ὄφρα
1054 4353 1097 4440 μή
1122 4360 1221 4434 extat,
1244 4352 1374 4438 reliquis
1401 4351 1481 4416 locis
1503 4354 1557 4441 μη,

164 4458 228 4522 Sol.
252 4457 304 4539 42,
328 4458 348 4521 2
372 4455 489 4546 (μέλη),
512 4456 611 4522 Phoc.
638 4456 688 4537 16,
711 4455 742 4538 2,
766 4456 912 4539 Theogn.
938 4455 988 4538 76,
1015 4455 1107 4520 1307.
1154 4456 1271 4541 quibus
1297 4454 1376 4519 locis
1399 4456 1558 4539 omnibus,

164 4584 239 4626 cum
265 4565 299 4626 in
326 4563 500 4627 enuntiatis
526 4561 687 4646 primariis
714 4598 757 4606 —
780 4560 925 4643 Theogn.
949 4560 1012 4623 546
1041 4562 1251 4643 enuntiatum,
1276 4582 1296 4623 a
1319 4582 1383 4644 quo
1410 4560 1495 4649 ὄφρα
1516 4562 1559 4646 μή

1357 4663 1404 4714 12*
