<?xml version="1.0" encoding="UTF-8"?>
<!DOCTYPE html PUBLIC "-//W3C//DTD XHTML 1.0 Transitional//EN"
    "http://www.w3.org/TR/xhtml1/DTD/xhtml1-transitional.dtd">
<html xmlns="http://www.w3.org/1999/xhtml" xml:lang="en" lang="en">
 <head>
  <title>
</title>
<meta http-equiv="Content-Type" content="text/html;charset=utf-8" />
  <meta name='ocr-system' content='tesseract 3.04.00' />
  <meta name='ocr-capabilities' content='ocr_page ocr_carea ocr_par ocr_line ocrx_word'/>
</head>
<body>
  <div class='ocr_page' id='page_1' title='image "./dissertationesp04wiengoog_0019.png"; bbox 0 0 3392 5067; ppageno 0'>
   <div class='ocr_carea' id='block_1_1' title="bbox 124 290 143 353">
    <p class='ocr_par' dir='ltr' id='par_1_1' title="bbox 124 290 143 353">
     <span class='ocr_line' id='line_1_1' title="bbox 124 290 143 353; baseline 0 0"><span class='ocrx_word' id='word_1_1' title='bbox 124 290 143 353; x_wconf 87' lang='lat'><em>8</em></span> 
     </span>
    </p>
   </div>
   <div class='ocr_carea' id='block_1_2' title="bbox 104 473 1525 4005">
    <p class='ocr_par' dir='ltr' id='par_1_2' title="bbox 104 473 1525 4005">
     <span class='ocr_line' id='line_1_2' title="bbox 123 473 1525 562; baseline -0.004 -18"><span class='ocrx_word' id='word_1_2' title='bbox 123 502 194 545; x_wconf 88' lang='lat' dir='ltr'><strong>esse</strong></span> <span class='ocrx_word' id='word_1_3' title='bbox 216 480 355 559; x_wconf 87' lang='lat' dir='ltr'><strong>videtur,</strong></span> <span class='ocrx_word' id='word_1_4' title='bbox 380 476 639 562; x_wconf 89' lang='lat' dir='ltr'><strong>disputaverunt,</strong></span> <span class='ocrx_word' id='word_1_5' title='bbox 662 474 852 539; x_wconf 80' lang='lat' dir='ltr'><strong>Flauiorum</strong></span> <span class='ocrx_word' id='word_1_6' title='bbox 874 473 927 538; x_wconf 85' lang='lat' dir='ltr'><strong>vel</strong></span> <span class='ocrx_word' id='word_1_7' title='bbox 949 476 1061 559; x_wconf 91' lang='lat' dir='ltr'><strong>primis</strong></span> <span class='ocrx_word' id='word_1_8' title='bbox 1082 474 1215 538; x_wconf 89' lang='lat' dir='ltr'><strong>Traiani</strong></span> <span class='ocrx_word' id='word_1_9' title='bbox 1237 476 1436 562; x_wconf 80' lang='lat' dir='ltr'><strong>temporibus</strong></span> <span class='ocrx_word' id='word_1_10' title='bbox 1458 478 1479 541; x_wconf 89' lang='lat' dir='ltr'><strong>i.</strong></span> <span class='ocrx_word' id='word_1_11' title='bbox 1496 499 1525 541; x_wconf 93' lang='lat' dir='ltr'><strong>e.</strong></span> 
     </span>
     <span class='ocr_line' id='line_1_3' title="bbox 122 578 1524 667; baseline -0.004 -18"><span class='ocrx_word' id='word_1_12' title='bbox 122 584 211 649; x_wconf 90' lang='lat' dir='ltr'><strong>haud</strong></span> <span class='ocrx_word' id='word_1_13' title='bbox 239 583 338 647; x_wconf 87' lang='lat' dir='ltr'><strong>multo</strong></span> <span class='ocrx_word' id='word_1_14' title='bbox 366 591 439 667; x_wconf 89' lang='lat' dir='ltr'><strong>post</strong></span> <span class='ocrx_word' id='word_1_15' title='bbox 461 580 621 645; x_wconf 78' lang='lat' dir='ltr'><strong>Senecam</strong></span> <span class='ocrx_word' id='word_1_16' title='bbox 644 599 716 644; x_wconf 90' lang='lat' dir='ltr'><strong>eam</strong></span> <span class='ocrx_word' id='word_1_17' title='bbox 744 580 962 663; x_wconf 80' lang='lat' dir='ltr'>conscriptam</span> <span class='ocrx_word' id='word_1_18' title='bbox 989 599 1060 641; x_wconf 92' lang='lat' dir='ltr'><strong>esse</strong></span> <span class='ocrx_word' id='word_1_19' title='bbox 1084 578 1329 644; x_wconf 88' lang='lat' dir='ltr'><strong>contenderunt.</strong></span> <span class='ocrx_word' id='word_1_20' title='bbox 1357 579 1524 645; x_wconf 73' lang='grc'><strong>1616611.</strong></span> 
     </span>
     <span class='ocr_line' id='line_1_4' title="bbox 120 681 1522 771; baseline -0.003 -18"><span class='ocrx_word' id='word_1_21' title='bbox 120 689 287 753; x_wconf 89' lang='lat' dir='ltr'><strong>Pontanus</strong></span> <span class='ocrx_word' id='word_1_22' title='bbox 304 686 355 750; x_wconf 84' lang='lat' dir='ltr'><strong>‘de</strong></span> <span class='ocrx_word' id='word_1_23' title='bbox 371 683 557 750; x_wconf 88' lang='lat' dir='ltr'><strong>auctoribus</strong></span> <span class='ocrx_word' id='word_1_24' title='bbox 580 682 821 767; x_wconf 88' lang='lat' dir='ltr'><strong>tragoediarum</strong></span> <span class='ocrx_word' id='word_1_25' title='bbox 838 683 881 746; x_wconf 86' lang='lat' dir='ltr'><strong>ad</strong></span> <span class='ocrx_word' id='word_1_26' title='bbox 896 681 1031 747; x_wconf 88' lang='lat' dir='ltr'><strong>Petrum</strong></span> <span class='ocrx_word' id='word_1_27' title='bbox 1047 681 1247 748; x_wconf 88' lang='lat' dir='ltr'><strong>Scriverium</strong></span> <span class='ocrx_word' id='word_1_28' title='bbox 1261 684 1522 771; x_wconf 89' lang='lat' dir='ltr'><strong>prolegomenon’</strong></span> 
     </span>
     <span class='ocr_line' id='line_1_5' title="bbox 122 786 1525 873; baseline -0.004 -16"><span class='ocrx_word' id='word_1_29' title='bbox 122 792 163 857; x_wconf 90' lang='lat' dir='ltr'><strong>de</strong></span> <span class='ocrx_word' id='word_1_30' title='bbox 187 814 226 856; x_wconf 89' lang='lat' dir='ltr'><strong>ea</strong></span> <span class='ocrx_word' id='word_1_31' title='bbox 248 814 283 855; x_wconf 92' lang='lat' dir='ltr'><strong>re</strong></span> <span class='ocrx_word' id='word_1_32' title='bbox 305 790 388 855; x_wconf 90' lang='lat' dir='ltr'><strong>haec</strong></span> <span class='ocrx_word' id='word_1_33' title='bbox 411 789 514 853; x_wconf 90' lang='lat' dir='ltr'><strong>verba</strong></span> <span class='ocrx_word' id='word_1_34' title='bbox 536 786 661 873; x_wconf 82' lang='lat' dir='ltr'><strong>fecit¹):</strong></span> <span class='ocrx_word' id='word_1_35' title='bbox 691 786 839 871; x_wconf 81' lang='lat' dir='ltr'><strong>‘quarum</strong></span> <span class='ocrx_word' id='word_1_36' title='bbox 863 786 920 871; x_wconf 90' lang='lat' dir='ltr'><strong>(sc.</strong></span> <span class='ocrx_word' id='word_1_37' title='bbox 941 786 1197 872; x_wconf 86' lang='lat' dir='ltr'><strong>tragoediarum)</strong></span> <span class='ocrx_word' id='word_1_38' title='bbox 1221 786 1394 854; x_wconf 88' lang='lat' dir='ltr'><strong>Octaviam</strong></span> <span class='ocrx_word' id='word_1_39' title='bbox 1417 787 1525 854; x_wconf 89' lang='lat' dir='ltr'><strong>claris-</strong></span> 
     </span>
     <span class='ocr_line' id='line_1_6' title="bbox 122 890 1525 982; baseline -0.004 -20"><span class='ocrx_word' id='word_1_40' title='bbox 122 899 221 961; x_wconf 92' lang='lat' dir='ltr'><strong>simus</strong></span> <span class='ocrx_word' id='word_1_41' title='bbox 243 895 376 982; x_wconf 82' lang='lat' dir='ltr'>Lipsius</span> <span class='ocrx_word' id='word_1_42' title='bbox 399 916 419 957; x_wconf 90' lang='lat' dir='ltr'><strong>a</strong></span> <span class='ocrx_word' id='word_1_43' title='bbox 441 915 541 979; x_wconf 92' lang='lat' dir='ltr'><strong>puero</strong></span> <span class='ocrx_word' id='word_1_44' title='bbox 563 891 617 955; x_wconf 91' lang='lat' dir='ltr'><strong>vel</strong></span> <span class='ocrx_word' id='word_1_45' title='bbox 640 893 731 977; x_wconf 90' lang='lat' dir='ltr'><strong>pueri</strong></span> <span class='ocrx_word' id='word_1_46' title='bbox 755 891 870 957; x_wconf 88' lang='lat' dir='ltr'><strong>saltem</strong></span> <span class='ocrx_word' id='word_1_47' title='bbox 892 890 988 955; x_wconf 93' lang='lat' dir='ltr'><strong>modo</strong></span> <span class='ocrx_word' id='word_1_48' title='bbox 1011 893 1226 977; x_wconf 78' lang='lat' dir='ltr'><strong>perscriptam</strong></span> <span class='ocrx_word' id='word_1_49' title='bbox 1250 894 1385 958; x_wconf 89' lang='lat' dir='ltr'><strong>censuit.</strong></span> <span class='ocrx_word' id='word_1_50' title='bbox 1416 915 1525 979; x_wconf 90' lang='lat' dir='ltr'><strong>quam·</strong></span> 
     </span>
     <span class='ocr_line' id='line_1_7' title="bbox 121 994 1523 1082; baseline -0.004 -16"><span class='ocrx_word' id='word_1_51' title='bbox 121 1004 170 1065; x_wconf 86' lang='lat' dir='ltr'><strong>vis</strong></span> <span class='ocrx_word' id='word_1_52' title='bbox 194 1023 265 1066; x_wconf 89' lang='lat' dir='ltr'><strong>eam</strong></span> <span class='ocrx_word' id='word_1_53' title='bbox 291 1050 297 1063; x_wconf 94' lang='lat'><strong>.</strong></span> <span class='ocrx_word' id='word_1_54' title='bbox 324 1052 330 1064; x_wconf 91' lang='lat'><strong>.</strong></span> <span class='ocrx_word' id='word_1_55' title='bbox 358 1051 364 1063; x_wconf 91' lang='lat'><strong>.</strong></span> <span class='ocrx_word' id='word_1_56' title='bbox 391 998 543 1062; x_wconf 83' lang='lat' dir='ltr'><strong>Heinsius</strong></span> <span class='ocrx_word' id='word_1_57' title='bbox 570 996 647 1061; x_wconf 91' lang='lat' dir='ltr'><strong>licet</strong></span> <span class='ocrx_word' id='word_1_58' title='bbox 673 996 764 1061; x_wconf 92' lang='lat' dir='ltr'><strong>humi</strong></span> <span class='ocrx_word' id='word_1_59' title='bbox 792 1004 976 1082; x_wconf 84' lang='lat' dir='ltr'><strong>serpentem</strong></span> <span class='ocrx_word' id='word_1_60' title='bbox 1004 994 1173 1061; x_wconf 86' lang='lat' dir='ltr'><strong>Thebaide</strong></span> <span class='ocrx_word' id='word_1_61' title='bbox 1200 1006 1308 1062; x_wconf 89' lang='lat' dir='ltr'><strong>tamen</strong></span> <span class='ocrx_word' id='word_1_62' title='bbox 1336 1006 1369 1061; x_wconf 92' lang='lat' dir='ltr'><strong>et</strong></span> <span class='ocrx_word' id='word_1_63' title='bbox 1391 995 1523 1082; x_wconf 88' lang='lat' dir='ltr'><strong>Oetaeo,</strong></span> 
     </span>
     <span class='ocr_line' id='line_1_8' title="bbox 121 1100 1525 1192; baseline -0.004 -23"><span class='ocrx_word' id='word_1_64' title='bbox 121 1128 201 1192; x_wconf 92' lang='lat' dir='ltr'><strong>quas</strong></span> <span class='ocrx_word' id='word_1_65' title='bbox 223 1105 311 1169; x_wconf 89' lang='lat' dir='ltr'><strong>idem</strong></span> <span class='ocrx_word' id='word_1_66' title='bbox 326 1103 460 1188; x_wconf 86' lang='lat' dir='ltr'><strong>Lipsius</strong></span> <span class='ocrx_word' id='word_1_67' title='bbox 483 1102 596 1166; x_wconf 89' lang='lat' dir='ltr'><strong>ordine</strong></span> <span class='ocrx_word' id='word_1_68' title='bbox 619 1101 786 1185; x_wconf 80' lang='lat' dir='ltr'><strong>dignitatis</strong></span> <span class='ocrx_word' id='word_1_69' title='bbox 809 1101 893 1165; x_wconf 92' lang='lat' dir='ltr'><strong>inter</strong></span> <span class='ocrx_word' id='word_1_70' title='bbox 916 1102 1038 1186; x_wconf 92' lang='lat' dir='ltr'><strong>primas</strong></span> <span class='ocrx_word' id='word_1_71' title='bbox 1061 1100 1170 1183; x_wconf 83' lang='lat' dir='ltr'><strong>habet,</strong></span> <span class='ocrx_word' id='word_1_72' title='bbox 1194 1103 1300 1167; x_wconf 92' lang='lat' dir='ltr'><strong>minus</strong></span> <span class='ocrx_word' id='word_1_73' title='bbox 1323 1102 1471 1187; x_wconf 90' lang='lat' dir='ltr'><strong>putidam</strong></span> <span class='ocrx_word' id='word_1_74' title='bbox 1493 1110 1525 1164; x_wconf 92' lang='lat' dir='ltr'><strong>et</strong></span> 
     </span>
     <span class='ocr_line' id='line_1_9' title="bbox 122 1204 1524 1295; baseline -0.003 -22"><span class='ocrx_word' id='word_1_75' title='bbox 122 1209 211 1275; x_wconf 91' lang='lat' dir='ltr'><strong>cultu</strong></span> <span class='ocrx_word' id='word_1_76' title='bbox 239 1230 367 1295; x_wconf 89' lang='lat' dir='ltr'><strong>quoque</strong></span> <span class='ocrx_word' id='word_1_77' title='bbox 394 1208 551 1273; x_wconf 91' lang='lat' dir='ltr'><strong>sermonis</strong></span> <span class='ocrx_word' id='word_1_78' title='bbox 578 1206 744 1272; x_wconf 88' lang='lat' dir='ltr'><strong>meliorem</strong></span> <span class='ocrx_word' id='word_1_79' title='bbox 771 1208 892 1270; x_wconf 83' lang='lat' dir='ltr'><strong>statuit.</strong></span> <span class='ocrx_word' id='word_1_80' title='bbox 941 1204 1005 1269; x_wconf 90' lang='lat' dir='ltr'><strong>Ios.</strong></span> <span class='ocrx_word' id='word_1_81' title='bbox 1029 1207 1162 1292; x_wconf 91' lang='lat' dir='ltr'><strong>insuper</strong></span> <span class='ocrx_word' id='word_1_82' title='bbox 1189 1204 1398 1291; x_wconf 88' lang='lat' dir='ltr'><strong>Scaliger..</strong></span> <span class='ocrx_word' id='word_1_83' title='bbox 1424 1258 1431 1271; x_wconf 93' lang='lat'><strong>.</strong></span> <span class='ocrx_word' id='word_1_84' title='bbox 1460 1206 1524 1270; x_wconf 90' lang='lat' dir='ltr'><strong>stili</strong></span> 
     </span>
     <span class='ocr_line' id='line_1_10' title="bbox 121 1308 1524 1399; baseline -0.002 -21"><span class='ocrx_word' id='word_1_85' title='bbox 121 1314 353 1398; x_wconf 85' lang='lat' dir='ltr'><strong>characterem,</strong></span> <span class='ocrx_word' id='word_1_86' title='bbox 377 1314 488 1399; x_wconf 92' lang='lat' dir='ltr'><strong>quiin</strong></span> <span class='ocrx_word' id='word_1_87' title='bbox 511 1311 626 1375; x_wconf 90' lang='lat' dir='ltr'><strong>eadem</strong></span> <span class='ocrx_word' id='word_1_88' title='bbox 650 1319 699 1375; x_wconf 92' lang='lat' dir='ltr'><strong>est</strong></span> <span class='ocrx_word' id='word_1_89' title='bbox 714 1308 863 1391; x_wconf 89' lang='lat' dir='ltr'><strong>Octavia,</strong></span> <span class='ocrx_word' id='word_1_90' title='bbox 889 1331 963 1373; x_wconf 91' lang='lat' dir='ltr'><strong>cum</strong></span> <span class='ocrx_word' id='word_1_91' title='bbox 986 1308 1117 1394; x_wconf 88' lang='lat' dir='ltr'><strong>reliquis</strong></span> <span class='ocrx_word' id='word_1_92' title='bbox 1140 1309 1280 1374; x_wconf 90' lang='lat' dir='ltr'><strong>eundem</strong></span> <span class='ocrx_word' id='word_1_93' title='bbox 1303 1320 1337 1375; x_wconf 90' lang='lat' dir='ltr'><strong>et</strong></span> <span class='ocrx_word' id='word_1_94' title='bbox 1358 1319 1524 1375; x_wconf 88' lang='lat' dir='ltr'><strong>auctorem</strong></span> 
     </span>
     <span class='ocr_line' id='line_1_11' title="bbox 119 1414 1522 1506; baseline -0.004 -22"><span class='ocrx_word' id='word_1_95' title='bbox 119 1441 248 1506; x_wconf 89' lang='lat' dir='ltr'><strong>quoque</strong></span> <span class='ocrx_word' id='word_1_96' title='bbox 270 1418 409 1483; x_wconf 90' lang='lat' dir='ltr'><strong>Neronis</strong></span> <span class='ocrx_word' id='word_1_97' title='bbox 436 1415 637 1502; x_wconf 85' lang='lat' dir='ltr'><strong>temporibus</strong></span> <span class='ocrx_word' id='word_1_98' title='bbox 664 1415 850 1479; x_wconf 89' lang='lat' dir='ltr'><strong>interfuisse</strong></span> <span class='ocrx_word' id='word_1_99' title='bbox 878 1414 1042 1478; x_wconf 88' lang='lat' dir='ltr'><strong>existimat</strong></span> <span class='ocrx_word' id='word_1_100' title='bbox 1068 1415 1228 1478; x_wconf 91' lang='lat' dir='ltr'><strong>rationem</strong></span> <span class='ocrx_word' id='word_1_101' title='bbox 1256 1415 1341 1479; x_wconf 89' lang='lat' dir='ltr'><strong>hane</strong></span> <span class='ocrx_word' id='word_1_102' title='bbox 1368 1414 1522 1498; x_wconf 85' lang='lat' dir='ltr'><strong>adiciens,</strong></span> 
     </span>
     <span class='ocr_line' id='line_1_12' title="bbox 121 1518 1523 1610; baseline -0.004 -22"><span class='ocrx_word' id='word_1_103' title='bbox 121 1523 208 1610; x_wconf 93' lang='lat' dir='ltr'><strong>quod</strong></span> <span class='ocrx_word' id='word_1_104' title='bbox 237 1545 302 1587; x_wconf 92' lang='lat' dir='ltr'><strong>non</strong></span> <span class='ocrx_word' id='word_1_105' title='bbox 330 1532 458 1587; x_wconf 90' lang='lat' dir='ltr'><strong>tantum</strong></span> <span class='ocrx_word' id='word_1_106' title='bbox 486 1530 641 1605; x_wconf 90' lang='lat' dir='ltr'><strong>cometae,</strong></span> <span class='ocrx_word' id='word_1_107' title='bbox 670 1522 725 1605; x_wconf 90' lang='lat' dir='ltr'><strong>qui</strong></span> <span class='ocrx_word' id='word_1_108' title='bbox 751 1520 821 1605; x_wconf 93' lang='lat' dir='ltr'><strong>ipso</strong></span> <span class='ocrx_word' id='word_1_109' title='bbox 845 1519 976 1583; x_wconf 88' lang='lat' dir='ltr'><strong>Nerone</strong></span> <span class='ocrx_word' id='word_1_110' title='bbox 1003 1527 1036 1582; x_wconf 92' lang='lat' dir='ltr'><strong>et</strong></span> <span class='ocrx_word' id='word_1_111' title='bbox 1064 1518 1189 1584; x_wconf 86' lang='lat' dir='ltr'><strong>Seneca</strong></span> <span class='ocrx_word' id='word_1_112' title='bbox 1215 1518 1324 1583; x_wconf 89' lang='lat' dir='ltr'><strong>adhuc</strong></span> <span class='ocrx_word' id='word_1_113' title='bbox 1351 1521 1523 1605; x_wconf 90' lang='lat' dir='ltr'><strong>superstite</strong></span> 
     </span>
     <span class='ocr_line' id='line_1_13' title="bbox 119 1624 1522 1709; baseline -0.002 -18"><span class='ocrx_word' id='word_1_114' title='bbox 119 1626 248 1709; x_wconf 85' lang='lat' dir='ltr'><strong>effulsit,</strong></span> <span class='ocrx_word' id='word_1_115' title='bbox 278 1627 473 1691; x_wconf 90' lang='lat' dir='ltr'><strong>mentionem</strong></span> <span class='ocrx_word' id='word_1_116' title='bbox 497 1626 606 1708; x_wconf 85' lang='lat' dir='ltr'><strong>faciat,</strong></span> <span class='ocrx_word' id='word_1_117' title='bbox 635 1624 693 1689; x_wconf 89' lang='lat' dir='ltr'><strong>sed</strong></span> <span class='ocrx_word' id='word_1_118' title='bbox 717 1646 750 1687; x_wconf 90' lang='grc'><strong>66</strong></span> <span class='ocrx_word' id='word_1_119' title='bbox 774 1624 872 1687; x_wconf 89' lang='grc'><strong>661616</strong></span> <span class='ocrx_word' id='word_1_120' title='bbox 898 1632 1029 1707; x_wconf 91' lang='lat' dir='ltr'><strong>praeter</strong></span> <span class='ocrx_word' id='word_1_121' title='bbox 1056 1631 1180 1688; x_wconf 89' lang='lat' dir='ltr'><strong>ceteros</strong></span> <span class='ocrx_word' id='word_1_122' title='bbox 1210 1632 1425 1709; x_wconf 89' lang='lat' dir='ltr'><strong>spectatorem</strong></span> <span class='ocrx_word' id='word_1_123' title='bbox 1453 1625 1522 1688; x_wconf 88' lang='lat' dir='ltr'><strong>eius</strong></span> 
     </span>
     <span class='ocr_line' id='line_1_14' title="bbox 119 1726 1523 1815; baseline -0.002 -20"><span class='ocrx_word' id='word_1_124' title='bbox 119 1732 219 1795; x_wconf 83' lang='grc'><strong>161666</strong></span> <span class='ocrx_word' id='word_1_125' title='bbox 242 1740 374 1796; x_wconf 90' lang='lat' dir='ltr'><strong>asserat.</strong></span> <span class='ocrx_word' id='word_1_126' title='bbox 421 1730 479 1795; x_wconf 89' lang='lat' dir='ltr'><strong>sed</strong></span> <span class='ocrx_word' id='word_1_127' title='bbox 507 1731 629 1793; x_wconf 86' lang='lat' dir='ltr'><strong>vixerit</strong></span> <span class='ocrx_word' id='word_1_128' title='bbox 655 1748 738 1793; x_wconf 88' lang='lat' dir='ltr'><strong>aevo</strong></span> <span class='ocrx_word' id='word_1_129' title='bbox 760 1726 954 1809; x_wconf 87' lang='lat' dir='ltr'><strong>Neroniano,</strong></span> <span class='ocrx_word' id='word_1_130' title='bbox 983 1750 1025 1791; x_wconf 90' lang='lat' dir='ltr'><strong>an</strong></span> <span class='ocrx_word' id='word_1_131' title='bbox 1056 1738 1089 1791; x_wconf 89' lang='grc'><strong>66</strong></span> <span class='ocrx_word' id='word_1_132' title='bbox 1115 1728 1246 1813; x_wconf 85' lang='lat' dir='ltr'><strong>scripsit</strong></span> <span class='ocrx_word' id='word_1_133' title='bbox 1268 1727 1417 1815; x_wconf 79' lang='lat' dir='ltr'><strong>quoque?</strong></span> <span class='ocrx_word' id='word_1_134' title='bbox 1461 1728 1523 1792; x_wconf 92' lang='lat' dir='ltr'><strong>hoc</strong></span> 
     </span>
     <span class='ocr_line' id='line_1_15' title="bbox 118 1830 1522 1921; baseline -0.003 -22"><span class='ocrx_word' id='word_1_135' title='bbox 118 1836 221 1899; x_wconf 89' lang='lat' dir='ltr'><strong>multa</strong></span> <span class='ocrx_word' id='word_1_136' title='bbox 244 1836 307 1899; x_wconf 91' lang='lat' dir='ltr'><strong>sint</strong></span> <span class='ocrx_word' id='word_1_137' title='bbox 323 1856 406 1921; x_wconf 91' lang='lat' dir='ltr'><strong>quae</strong></span> <span class='ocrx_word' id='word_1_138' title='bbox 422 1841 552 1917; x_wconf 90' lang='lat' dir='ltr'><strong>negant.</strong></span> <span class='ocrx_word' id='word_1_139' title='bbox 592 1840 624 1895; x_wconf 90' lang='lat' dir='ltr'><strong>et</strong></span> <span class='ocrx_word' id='word_1_140' title='bbox 646 1833 837 1918; x_wconf 88' lang='lat' dir='ltr'><strong>praesertim</strong></span> <span class='ocrx_word' id='word_1_141' title='bbox 853 1830 1037 1916; x_wconf 86' lang='lat' dir='ltr'><strong>Agrippina</strong></span> <span class='ocrx_word' id='word_1_142' title='bbox 1052 1853 1158 1896; x_wconf 92' lang='lat' dir='ltr'><strong>nonne</strong></span> <span class='ocrx_word' id='word_1_143' title='bbox 1174 1833 1257 1895; x_wconf 91' lang='lat' dir='ltr'><strong>inter</strong></span> <span class='ocrx_word' id='word_1_144' title='bbox 1272 1831 1336 1897; x_wconf 88' lang='lat' dir='ltr'><strong>alia</strong></span> <span class='ocrx_word' id='word_1_145' title='bbox 1358 1830 1522 1919; x_wconf 89' lang='lat' dir='ltr'><strong>(actullI)</strong></span> 
     </span>
     <span class='ocr_line' id='line_1_16' title="bbox 104 1930 1522 2025; baseline -0.001 -23"><span class='ocrx_word' id='word_1_146' title='bbox 104 1930 158 2003; x_wconf 86' lang='lat' dir='ltr'><strong>¹ea</strong></span> <span class='ocrx_word' id='word_1_147' title='bbox 185 1939 274 2025; x_wconf 94' lang='lat' dir='ltr'><strong>loqui</strong></span> <span class='ocrx_word' id='word_1_148' title='bbox 302 1937 526 2019; x_wconf 82' lang='lat' dir='ltr'><strong>introducitur,</strong></span> <span class='ocrx_word' id='word_1_149' title='bbox 555 1958 737 2022; x_wconf 87' lang='lat' dir='ltr'><strong>quaecum</strong></span> <span class='ocrx_word' id='word_1_150' title='bbox 764 1944 879 2021; x_wconf 88' lang='lat' dir='ltr'><strong>postea</strong></span> <span class='ocrx_word' id='word_1_151' title='bbox 905 1935 1090 2022; x_wconf 78' lang='lat' dir='ltr'><strong>laetasint,</strong></span> <span class='ocrx_word' id='word_1_152' title='bbox 1119 1936 1279 2021; x_wconf 92' lang='lat' dir='ltr'><strong>quomodo</strong></span> <span class='ocrx_word' id='word_1_153' title='bbox 1302 1937 1437 2021; x_wconf 89' lang='lat' dir='ltr'><strong>abipso</strong></span> <span class='ocrx_word' id='word_1_154' title='bbox 1460 1938 1522 2001; x_wconf 92' lang='lat' dir='ltr'><strong>nisi</strong></span> 
     </span>
     <span class='ocr_line' id='line_1_17' title="bbox 118 2039 1521 2129; baseline -0.001 -22"><span class='ocrx_word' id='word_1_155' title='bbox 118 2042 270 2129; x_wconf 85' lang='lat' dir='ltr'><strong>Apolline</strong></span> <span class='ocrx_word' id='word_1_156' title='bbox 298 2043 405 2127; x_wconf 92' lang='lat' dir='ltr'><strong>aliquo</strong></span> <span class='ocrx_word' id='word_1_157' title='bbox 432 2042 528 2127; x_wconf 88' lang='lat' dir='ltr'><strong>pleno</strong></span> <span class='ocrx_word' id='word_1_158' title='bbox 557 2041 715 2127; x_wconf 89' lang='lat' dir='ltr'><strong>perscribi</strong></span> <span class='ocrx_word' id='word_1_159' title='bbox 741 2039 939 2126; x_wconf 80' lang='lat' dir='ltr'><strong>potuerunt?</strong></span> <span class='ocrx_word' id='word_1_160' title='bbox 989 2049 1026 2104; x_wconf 92' lang='lat' dir='ltr'><strong>ut</strong></span> <span class='ocrx_word' id='word_1_161' title='bbox 1052 2051 1180 2105; x_wconf 90' lang='lat' dir='ltr'><strong>taceam</strong></span> <span class='ocrx_word' id='word_1_162' title='bbox 1208 2041 1249 2105; x_wconf 91' lang='lat' dir='ltr'><strong>de</strong></span> <span class='ocrx_word' id='word_1_163' title='bbox 1278 2040 1375 2127; x_wconf 89' lang='lat' dir='ltr'><strong>culpa</strong></span> <span class='ocrx_word' id='word_1_164' title='bbox 1402 2040 1521 2124; x_wconf 90' lang='lat' dir='ltr'><strong>dicere,</strong></span> 
     </span>
     <span class='ocr_line' id='line_1_18' title="bbox 117 2143 1523 2234; baseline -0.001 -23"><span class='ocrx_word' id='word_1_165' title='bbox 117 2170 217 2234; x_wconf 91' lang='lat' dir='ltr'><strong>quam</strong></span> <span class='ocrx_word' id='word_1_166' title='bbox 239 2148 352 2212; x_wconf 88' lang='lat' dir='ltr'><strong>nutrix</strong></span> <span class='ocrx_word' id='word_1_167' title='bbox 375 2148 466 2233; x_wconf 88' lang='lat' dir='ltr'><strong>(actu</strong></span> <span class='ocrx_word' id='word_1_168' title='bbox 480 2145 543 2233; x_wconf 85' lang='lat' dir='ltr'><strong>IV)</strong></span> <span class='ocrx_word' id='word_1_169' title='bbox 568 2145 713 2211; x_wconf 89' lang='lat' dir='ltr'><strong>Senecae</strong></span> <span class='ocrx_word' id='word_1_170' title='bbox 729 2143 866 2229; x_wconf 87' lang='lat' dir='ltr'><strong>affingit.</strong></span> <span class='ocrx_word' id='word_1_171' title='bbox 898 2144 956 2209; x_wconf 90' lang='lat' dir='ltr'><strong>sed</strong></span> <span class='ocrx_word' id='word_1_172' title='bbox 973 2144 1014 2210; x_wconf 92' lang='lat' dir='ltr'><strong>de</strong></span> <span class='ocrx_word' id='word_1_173' title='bbox 1037 2146 1126 2210; x_wconf 89' lang='lat' dir='ltr'><strong>hisce</strong></span> <span class='ocrx_word' id='word_1_174' title='bbox 1148 2145 1231 2209; x_wconf 88' lang='lat' dir='ltr'><strong>haec</strong></span> <span class='ocrx_word' id='word_1_175' title='bbox 1254 2145 1352 2210; x_wconf 91' lang='lat' dir='ltr'><strong>satis.’</strong></span> <span class='ocrx_word' id='word_1_176' title='bbox 1377 2143 1523 2230; x_wconf 86' lang='lat' dir='ltr'><strong>Scaliger</strong></span> 
     </span>
     <span class='ocr_line' id='line_1_19' title="bbox 117 2247 1522 2335; baseline 0 -20"><span class='ocrx_word' id='word_1_177' title='bbox 117 2261 225 2315; x_wconf 89' lang='lat' dir='ltr'><strong>autem</strong></span> <span class='ocrx_word' id='word_1_178' title='bbox 252 2273 318 2316; x_wconf 92' lang='lat' dir='ltr'><strong>non</strong></span> <span class='ocrx_word' id='word_1_179' title='bbox 345 2251 422 2315; x_wconf 91' lang='lat' dir='ltr'><strong>satis</strong></span> <span class='ocrx_word' id='word_1_180' title='bbox 449 2249 563 2314; x_wconf 89' lang='lat' dir='ltr'><strong>habuit</strong></span> <span class='ocrx_word' id='word_1_181' title='bbox 591 2248 786 2314; x_wconf 88' lang='lat' dir='ltr'><strong>contendere</strong></span> <span class='ocrx_word' id='word_1_182' title='bbox 814 2247 988 2314; x_wconf 90' lang='lat' dir='ltr'><strong>Octaviam</strong></span> <span class='ocrx_word' id='word_1_183' title='bbox 1010 2249 1196 2314; x_wconf 80' lang='lat' dir='ltr'><strong>Flauiorum</strong></span> <span class='ocrx_word' id='word_1_184' title='bbox 1222 2249 1424 2335; x_wconf 89' lang='lat' dir='ltr'><strong>temporibus</strong></span> <span class='ocrx_word' id='word_1_185' title='bbox 1451 2270 1522 2315; x_wconf 89' lang='lat' dir='ltr'><strong>esse</strong></span> 
     </span>
     <span class='ocr_line' id='line_1_20' title="bbox 117 2352 1524 2440; baseline 0 -21"><span class='ocrx_word' id='word_1_186' title='bbox 117 2356 349 2440; x_wconf 88' lang='lat' dir='ltr'><strong>conscriptam,</strong></span> <span class='ocrx_word' id='word_1_187' title='bbox 381 2356 478 2419; x_wconf 91' lang='lat' dir='ltr'><strong>immo</strong></span> <span class='ocrx_word' id='word_1_188' title='bbox 509 2353 635 2437; x_wconf 92' lang='lat' dir='ltr'><strong>longius</strong></span> <span class='ocrx_word' id='word_1_189' title='bbox 667 2352 750 2416; x_wconf 90' lang='lat' dir='ltr'><strong>adeo</strong></span> <span class='ocrx_word' id='word_1_190' title='bbox 781 2362 832 2415; x_wconf 90' lang='lat' dir='ltr'><strong>est</strong></span> <span class='ocrx_word' id='word_1_191' title='bbox 861 2373 1071 2437; x_wconf 72' lang='lat' dir='ltr'><strong>progressus,</strong></span> <span class='ocrx_word' id='word_1_192' title='bbox 1110 2352 1301 2439; x_wconf 77' lang='lat' dir='ltr'><strong>adtribuit2)</strong></span> <span class='ocrx_word' id='word_1_193' title='bbox 1335 2355 1421 2418; x_wconf 92' lang='lat' dir='ltr'><strong>enim</strong></span> <span class='ocrx_word' id='word_1_194' title='bbox 1451 2376 1524 2419; x_wconf 91' lang='lat' dir='ltr'><strong>eam</strong></span> 
     </span>
     <span class='ocr_line' id='line_1_21' title="bbox 117 2457 1522 2543; baseline 0 -20"><span class='ocrx_word' id='word_1_195' title='bbox 117 2457 243 2523; x_wconf 88' lang='lat' dir='ltr'><strong>Scaevo</strong></span> <span class='ocrx_word' id='word_1_196' title='bbox 259 2458 395 2523; x_wconf 90' lang='lat' dir='ltr'><strong>Memori</strong></span> <span class='ocrx_word' id='word_1_197' title='bbox 418 2466 533 2543; x_wconf 87' lang='lat' dir='ltr'><strong>poetae</strong></span> <span class='ocrx_word' id='word_1_198' title='bbox 550 2458 684 2542; x_wconf 87' lang='lat' dir='ltr'><strong>tragico,</strong></span> <span class='ocrx_word' id='word_1_199' title='bbox 709 2478 806 2542; x_wconf 90' lang='lat' dir='ltr'><strong>quem</strong></span> <span class='ocrx_word' id='word_1_200' title='bbox 821 2457 1002 2522; x_wconf 90' lang='lat' dir='ltr'><strong>Domitiani</strong></span> <span class='ocrx_word' id='word_1_201' title='bbox 1024 2457 1225 2543; x_wconf 90' lang='lat' dir='ltr'><strong>temporibus</strong></span> <span class='ocrx_word' id='word_1_202' title='bbox 1241 2459 1364 2522; x_wconf 87' lang='lat' dir='ltr'><strong>vixisse</strong></span> <span class='ocrx_word' id='word_1_203' title='bbox 1378 2469 1522 2541; x_wconf 89' lang='lat' dir='ltr'><strong>constat,</strong></span> 
     </span>
     <span class='ocr_line' id='line_1_22' title="bbox 115 2560 1524 2648; baseline 0.001 -22"><span class='ocrx_word' id='word_1_204' title='bbox 115 2562 210 2626; x_wconf 90' lang='lat' dir='ltr'><strong>fratri</strong></span> <span class='ocrx_word' id='word_1_205' title='bbox 231 2562 335 2627; x_wconf 89' lang='lat' dir='ltr'><strong>Turni</strong></span> <span class='ocrx_word' id='word_1_206' title='bbox 356 2571 483 2648; x_wconf 89' lang='lat' dir='ltr'><strong>poetae,</strong></span> <span class='ocrx_word' id='word_1_207' title='bbox 516 2564 571 2647; x_wconf 90' lang='lat' dir='ltr'><strong>qui</strong></span> <span class='ocrx_word' id='word_1_208' title='bbox 595 2562 710 2625; x_wconf 89' lang='lat' dir='ltr'><strong>satiras</strong></span> <span class='ocrx_word' id='word_1_209' title='bbox 734 2560 955 2647; x_wconf 80' lang='lat' dir='ltr'><strong>composuit.³)</strong></span> <span class='ocrx_word' id='word_1_210' title='bbox 993 2584 1100 2648; x_wconf 93' lang='lat' dir='ltr'><strong>neque</strong></span> <span class='ocrx_word' id='word_1_211' title='bbox 1127 2571 1237 2627; x_wconf 90' lang='lat' dir='ltr'><strong>tamen</strong></span> <span class='ocrx_word' id='word_1_212' title='bbox 1264 2563 1365 2627; x_wconf 93' lang='lat' dir='ltr'><strong>ullum</strong></span> <span class='ocrx_word' id='word_1_213' title='bbox 1392 2564 1524 2648; x_wconf 90' lang='lat' dir='ltr'><strong>protulit</strong></span> 
     </span>
     <span class='ocr_line' id='line_1_23' title="bbox 116 2666 1521 2754; baseline 0.001 -24"><span class='ocrx_word' id='word_1_214' title='bbox 116 2675 354 2752; x_wconf 87' lang='lat' dir='ltr'><strong>argumentum,</strong></span> <span class='ocrx_word' id='word_1_215' title='bbox 377 2688 441 2752; x_wconf 93' lang='lat' dir='ltr'><strong>quo</strong></span> <span class='ocrx_word' id='word_1_216' title='bbox 464 2666 562 2733; x_wconf 88' lang='lat' dir='ltr'><strong>talem</strong></span> <span class='ocrx_word' id='word_1_217' title='bbox 584 2668 804 2730; x_wconf 89' lang='lat' dir='ltr'><strong>coniecturam</strong></span> <span class='ocrx_word' id='word_1_218' title='bbox 827 2688 905 2732; x_wconf 90' lang='lat' dir='ltr'><strong>sane</strong></span> <span class='ocrx_word' id='word_1_219' title='bbox 929 2669 1134 2732; x_wconf 88' lang='lat' dir='ltr'><strong>temerariam</strong></span> <span class='ocrx_word' id='word_1_220' title='bbox 1157 2668 1393 2754; x_wconf 89' lang='lat' dir='ltr'><strong>comprobaret.</strong></span> <span class='ocrx_word' id='word_1_221' title='bbox 1432 2669 1521 2732; x_wconf 92' lang='lat' dir='ltr'><strong>item·</strong></span> 
     </span>
     <span class='ocr_line' id='line_1_24' title="bbox 116 2770 1521 2858; baseline 0.002 -24"><span class='ocrx_word' id='word_1_222' title='bbox 116 2792 179 2855; x_wconf 93' lang='lat' dir='ltr'><strong>que</strong></span> <span class='ocrx_word' id='word_1_223' title='bbox 203 2772 271 2836; x_wconf 88' lang='lat' dir='ltr'><strong>sine</strong></span> <span class='ocrx_word' id='word_1_224' title='bbox 295 2770 361 2836; x_wconf 88' lang='lat' dir='ltr'><strong>ulla</strong></span> <span class='ocrx_word' id='word_1_225' title='bbox 384 2793 484 2836; x_wconf 89' lang='lat' dir='ltr'><strong>causa</strong></span> <span class='ocrx_word' id='word_1_226' title='bbox 506 2772 640 2836; x_wconf 90' lang='lat' dir='ltr'><strong>Vossius</strong></span> <span class='ocrx_word' id='word_1_227' title='bbox 649 2770 675 2857; x_wconf 81' lang='lat'><strong>⁴)</strong></span> <span class='ocrx_word' id='word_1_228' title='bbox 703 2770 746 2836; x_wconf 89' lang='lat' dir='ltr'><strong>ab</strong></span> <span class='ocrx_word' id='word_1_229' title='bbox 771 2770 881 2836; x_wconf 83' lang='lat' dir='ltr'><strong>Annio</strong></span> <span class='ocrx_word' id='word_1_230' title='bbox 904 2771 1011 2847; x_wconf 85' lang='lat' dir='ltr'><strong>Floro,</strong></span> <span class='ocrx_word' id='word_1_231' title='bbox 1039 2773 1095 2857; x_wconf 93' lang='lat' dir='ltr'><strong>qui</strong></span> <span class='ocrx_word' id='word_1_232' title='bbox 1118 2771 1178 2836; x_wconf 88' lang='lat' dir='ltr'><strong>sub</strong></span> <span class='ocrx_word' id='word_1_233' title='bbox 1201 2772 1364 2838; x_wconf 88' lang='lat' dir='ltr'><strong>Hadriani</strong></span> <span class='ocrx_word' id='word_1_234' title='bbox 1385 2773 1521 2858; x_wconf 88' lang='lat' dir='ltr'><strong>imperio</strong></span> 
     </span>
     <span class='ocr_line' id='line_1_25' title="bbox 115 2875 1521 2963; baseline 0.003 -25"><span class='ocrx_word' id='word_1_235' title='bbox 115 2875 240 2941; x_wconf 88' lang='lat' dir='ltr'><strong>Romae</strong></span> <span class='ocrx_word' id='word_1_236' title='bbox 262 2877 356 2958; x_wconf 87' lang='lat' dir='ltr'><strong>vixit,</strong></span> <span class='ocrx_word' id='word_1_237' title='bbox 386 2875 558 2940; x_wconf 90' lang='lat' dir='ltr'><strong>Octaviam</strong></span> <span class='ocrx_word' id='word_1_238' title='bbox 582 2877 798 2963; x_wconf 89' lang='lat' dir='ltr'><strong>conscriptam</strong></span> <span class='ocrx_word' id='word_1_239' title='bbox 822 2898 894 2940; x_wconf 90' lang='grc'><strong>6666</strong></span> <span class='ocrx_word' id='word_1_240' title='bbox 921 2877 1070 2962; x_wconf 85' lang='lat' dir='ltr'><strong>opinatus</strong></span> <span class='ocrx_word' id='word_1_241' title='bbox 1097 2885 1155 2940; x_wconf 91' lang='lat' dir='ltr'><strong>est.</strong></span> <span class='ocrx_word' id='word_1_242' title='bbox 1203 2887 1317 2942; x_wconf 88' lang='lat' dir='ltr'><strong>contra</strong></span> <span class='ocrx_word' id='word_1_243' title='bbox 1338 2878 1393 2943; x_wconf 82' lang='lat' dir='ltr'><strong>Fr.</strong></span> <span class='ocrx_word' id='word_1_244' title='bbox 1415 2876 1521 2942; x_wconf 89' lang='lat' dir='ltr'><strong>Ritter</strong></span> 
     </span>
     <span class='ocr_line' id='line_1_26' title="bbox 114 2978 1519 3068; baseline 0.001 -25"><span class='ocrx_word' id='word_1_245' title='bbox 114 2981 148 3043; x_wconf 96' lang='lat' dir='ltr'><strong>in</strong></span> <span class='ocrx_word' id='word_1_246' title='bbox 174 2978 285 3045; x_wconf 93' lang='lat' dir='ltr'><strong>libello</strong></span> <span class='ocrx_word' id='word_1_247' title='bbox 314 3003 338 3044; x_wconf 92' lang='grc'><strong>6.</strong></span> <span class='ocrx_word' id='word_1_248' title='bbox 357 3002 385 3044; x_wconf 91' lang='grc'><strong>6.</strong></span> <span class='ocrx_word' id='word_1_249' title='bbox 409 3002 482 3045; x_wconf 89' lang='grc'><strong>6661</strong></span> <span class='ocrx_word' id='word_1_250' title='bbox 509 2981 606 3044; x_wconf 88' lang='grc'><strong>661616</strong></span> <span class='ocrx_word' id='word_1_251' title='bbox 633 2982 848 3065; x_wconf 85' lang='lat' dir='ltr'><strong>argumentis,</strong></span> <span class='ocrx_word' id='word_1_252' title='bbox 877 2989 913 3044; x_wconf 95' lang='lat' dir='ltr'><strong>ut</strong></span> <span class='ocrx_word' id='word_1_253' title='bbox 939 2983 969 3045; x_wconf 91' lang='grc'><strong>61</strong></span> <span class='ocrx_word' id='word_1_254' title='bbox 997 2980 1181 3066; x_wconf 87' lang='lat' dir='ltr'><strong>videbatur,</strong></span> <span class='ocrx_word' id='word_1_255' title='bbox 1215 2981 1349 3068; x_wconf 90' lang='lat' dir='ltr'><strong>prolatis</strong></span> <span class='ocrx_word' id='word_1_256' title='bbox 1376 2980 1519 3046; x_wconf 79' lang='lat' dir='ltr'><strong>Curiatio</strong></span> 
     </span>
     <span class='ocr_line' id='line_1_27' title="bbox 115 3068 1519 3170; baseline 0.003 -23"><span class='ocrx_word' id='word_1_257' title='bbox 115 3068 275 3166; x_wconf 87' lang='lat' dir='ltr'><strong>Materno,</strong></span> <span class='ocrx_word' id='word_1_258' title='bbox 299 3085 418 3149; x_wconf 87' lang='lat' dir='ltr'><strong>oratori</strong></span> <span class='ocrx_word' id='word_1_259' title='bbox 441 3093 473 3147; x_wconf 92' lang='lat' dir='ltr'><strong>et</strong></span> <span class='ocrx_word' id='word_1_260' title='bbox 500 3094 625 3170; x_wconf 88' lang='lat' dir='ltr'><strong>poetae,</strong></span> <span class='ocrx_word' id='word_1_261' title='bbox 653 3086 707 3169; x_wconf 91' lang='lat' dir='ltr'><strong>qui</strong></span> <span class='ocrx_word' id='word_1_262' title='bbox 731 3108 773 3150; x_wconf 88' lang='lat' dir='ltr'><strong>ex</strong></span> <span class='ocrx_word' id='word_1_263' title='bbox 796 3085 903 3149; x_wconf 84' lang='lat' dir='ltr'><strong>Taciti</strong></span> <span class='ocrx_word' id='word_1_264' title='bbox 926 3084 1054 3169; x_wconf 86' lang='lat' dir='ltr'><strong>dialogo</strong></span> <span class='ocrx_word' id='word_1_265' title='bbox 1078 3084 1119 3149; x_wconf 91' lang='lat' dir='ltr'><strong>de</strong></span> <span class='ocrx_word' id='word_1_266' title='bbox 1142 3086 1324 3151; x_wconf 92' lang='lat' dir='ltr'><strong>oratoribus</strong></span> <span class='ocrx_word' id='word_1_267' title='bbox 1348 3094 1399 3150; x_wconf 89' lang='lat' dir='ltr'><strong>sat</strong></span> <span class='ocrx_word' id='word_1_268' title='bbox 1425 3095 1519 3151; x_wconf 89' lang='lat' dir='ltr'><strong>notus</strong></span> 
     </span>
     <span class='ocr_line' id='line_1_28' title="bbox 115 3187 1519 3277; baseline 0.004 -27"><span class='ocrx_word' id='word_1_269' title='bbox 115 3197 173 3270; x_wconf 89' lang='lat' dir='ltr'><strong>est,</strong></span> <span class='ocrx_word' id='word_1_270' title='bbox 196 3187 364 3253; x_wconf 86' lang='lat' dir='ltr'><strong>vindicare</strong></span> <span class='ocrx_word' id='word_1_271' title='bbox 388 3188 513 3252; x_wconf 92' lang='lat' dir='ltr'><strong>studuit</strong></span> <span class='ocrx_word' id='word_1_272' title='bbox 536 3188 630 3273; x_wconf 90' lang='lat' dir='ltr'><strong>eique</strong></span> <span class='ocrx_word' id='word_1_273' title='bbox 653 3188 870 3275; x_wconf 88' lang='lat' dir='ltr'><strong>adstipulatus</strong></span> <span class='ocrx_word' id='word_1_274' title='bbox 895 3197 945 3253; x_wconf 90' lang='lat' dir='ltr'><strong>est</strong></span> <span class='ocrx_word' id='word_1_275' title='bbox 960 3188 1099 3253; x_wconf 89' lang='lat' dir='ltr'><strong>Adolfus</strong></span> <span class='ocrx_word' id='word_1_276' title='bbox 1122 3188 1261 3277; x_wconf 57' lang='lat' dir='ltr'><strong>Stahrrl)</strong></span> <span class='ocrx_word' id='word_1_277' title='bbox 1305 3190 1410 3255; x_wconf 88' lang='lat' dir='ltr'><strong>Ritter</strong></span> <span class='ocrx_word' id='word_1_278' title='bbox 1433 3191 1519 3256; x_wconf 90' lang='lat' dir='ltr'><strong>enim</strong></span> 
     </span>
     <span class='ocr_line' id='line_1_29' title="bbox 114 3292 1516 3379; baseline 0.002 -24"><span class='ocrx_word' id='word_1_279' title='bbox 114 3295 242 3378; x_wconf 88' lang='lat' dir='ltr'><strong>putavit</strong></span> <span class='ocrx_word' id='word_1_280' title='bbox 262 3314 304 3356; x_wconf 87' lang='lat' dir='ltr'><strong>ex</strong></span> <span class='ocrx_word' id='word_1_281' title='bbox 320 3294 624 3358; x_wconf 88' lang='lat' dir='ltr'><strong>commemoratione</strong></span> <span class='ocrx_word' id='word_1_282' title='bbox 647 3292 875 3358; x_wconf 91' lang='lat' dir='ltr'><strong>nonnullarum</strong></span> <span class='ocrx_word' id='word_1_283' title='bbox 896 3314 1006 3359; x_wconf 91' lang='lat' dir='ltr'><strong>rerum</strong></span> <span class='ocrx_word' id='word_1_284' title='bbox 1019 3293 1158 3359; x_wconf 88' lang='lat' dir='ltr'><strong>Neronis</strong></span> <span class='ocrx_word' id='word_1_285' title='bbox 1182 3303 1326 3379; x_wconf 87' lang='lat' dir='ltr'><strong>tempore</strong></span> <span class='ocrx_word' id='word_1_286' title='bbox 1349 3304 1516 3379; x_wconf 89' lang='lat' dir='ltr'><strong>gestarum</strong></span> 
     </span>
     <span class='ocr_line' id='line_1_30' title="bbox 115 3395 1517 3485; baseline 0.001 -25"><span class='ocrx_word' id='word_1_287' title='bbox 115 3395 264 3461; x_wconf 89' lang='lat' dir='ltr'><strong>concludi</strong></span> <span class='ocrx_word' id='word_1_288' title='bbox 286 3418 392 3483; x_wconf 89' lang='lat' dir='ltr'><strong>posse,</strong></span> <span class='ocrx_word' id='word_1_289' title='bbox 421 3395 580 3461; x_wconf 88' lang='lat' dir='ltr'><strong>Octaviae</strong></span> <span class='ocrx_word' id='word_1_290' title='bbox 604 3398 796 3483; x_wconf 91' lang='lat' dir='ltr'><strong>scriptorem</strong></span> <span class='ocrx_word' id='word_1_291' title='bbox 822 3400 929 3483; x_wconf 91' lang='lat' dir='ltr'><strong>ipsum</strong></span> <span class='ocrx_word' id='word_1_292' title='bbox 956 3397 1095 3462; x_wconf 88' lang='lat' dir='ltr'><strong>Neronis</strong></span> <span class='ocrx_word' id='word_1_293' title='bbox 1122 3406 1272 3485; x_wconf 89' lang='lat' dir='ltr'><strong>tempora</strong></span> <span class='ocrx_word' id='word_1_294' title='bbox 1297 3398 1427 3463; x_wconf 88' lang='lat' dir='ltr'><strong>vidisse.</strong></span> <span class='ocrx_word' id='word_1_295' title='bbox 1473 3421 1517 3462; x_wconf 87' lang='lat' dir='ltr'><strong>ex</strong></span> 
     </span>
     <span class='ocr_line' id='line_1_31' title="bbox 113 3500 1516 3589; baseline 0.002 -25"><span class='ocrx_word' id='word_1_296' title='bbox 113 3501 230 3569; x_wconf 90' lang='lat' dir='ltr'><strong>iisdem</strong></span> <span class='ocrx_word' id='word_1_297' title='bbox 252 3522 330 3566; x_wconf 90' lang='lat' dir='ltr'><strong>vero</strong></span> <span class='ocrx_word' id='word_1_298' title='bbox 355 3500 515 3584; x_wconf 89' lang='lat' dir='ltr'><strong>versibus,</strong></span> <span class='ocrx_word' id='word_1_299' title='bbox 543 3523 623 3588; x_wconf 88' lang='lat' dir='ltr'><strong>quos</strong></span> <span class='ocrx_word' id='word_1_300' title='bbox 646 3502 752 3566; x_wconf 89' lang='lat' dir='ltr'><strong>Ritter</strong></span> <span class='ocrx_word' id='word_1_301' title='bbox 774 3502 817 3567; x_wconf 93' lang='lat' dir='ltr'><strong>ad</strong></span> <span class='ocrx_word' id='word_1_302' title='bbox 846 3503 1040 3567; x_wconf 90' lang='lat' dir='ltr'><strong>sententiam</strong></span> <span class='ocrx_word' id='word_1_303' title='bbox 1068 3524 1160 3567; x_wconf 90' lang='lat' dir='ltr'><strong>suam</strong></span> <span class='ocrx_word' id='word_1_304' title='bbox 1183 3502 1386 3588; x_wconf 89' lang='lat' dir='ltr'><strong>probandam</strong></span> <span class='ocrx_word' id='word_1_305' title='bbox 1408 3512 1516 3589; x_wconf 89' lang='lat' dir='ltr'><strong>protu-</strong></span> 
     </span>
     <span class='ocr_line' id='line_1_32' title="bbox 112 3605 1515 3694; baseline 0.001 -24"><span class='ocrx_word' id='word_1_306' title='bbox 112 3606 204 3687; x_wconf 88' lang='lat' dir='ltr'><strong>lerat,</strong></span> <span class='ocrx_word' id='word_1_307' title='bbox 235 3615 267 3670; x_wconf 93' lang='lat' dir='ltr'><strong>et</strong></span> <span class='ocrx_word' id='word_1_308' title='bbox 296 3605 459 3670; x_wconf 89' lang='lat' dir='ltr'><strong>nonnullis</strong></span> <span class='ocrx_word' id='word_1_309' title='bbox 489 3605 560 3670; x_wconf 87' lang='lat' dir='ltr'><strong>aliis</strong></span> <span class='ocrx_word' id='word_1_310' title='bbox 583 3606 686 3671; x_wconf 87' lang='lat' dir='ltr'><strong>Vater</strong></span> <span class='ocrx_word' id='word_1_311' title='bbox 711 3606 732 3671; x_wconf 93' lang='lat' dir='ltr'><strong>l.</strong></span> <span class='ocrx_word' id='word_1_312' title='bbox 753 3629 781 3671; x_wconf 92' lang='grc'><strong>6.</strong></span> <span class='ocrx_word' id='word_1_313' title='bbox 804 3606 962 3671; x_wconf 90' lang='lat' dir='ltr'><strong>conclusit</strong></span> <span class='ocrx_word' id='word_1_314' title='bbox 995 3607 1140 3672; x_wconf 87' lang='lat' dir='ltr'><strong>fabulam</strong></span> <span class='ocrx_word' id='word_1_315' title='bbox 1167 3606 1257 3672; x_wconf 92' lang='lat' dir='ltr'><strong>illam</strong></span> <span class='ocrx_word' id='word_1_316' title='bbox 1283 3608 1409 3673; x_wconf 89' lang='lat' dir='ltr'><strong>incerta</strong></span> <span class='ocrx_word' id='word_1_317' title='bbox 1442 3617 1515 3694; x_wconf 91' lang='lat' dir='ltr'><strong>post</strong></span> 
     </span>
     <span class='ocr_line' id='line_1_33' title="bbox 112 3709 1514 3799; baseline 0.001 -25"><span class='ocrx_word' id='word_1_318' title='bbox 112 3710 288 3775; x_wconf 89' lang='lat' dir='ltr'><strong>Traianum</strong></span> <span class='ocrx_word' id='word_1_319' title='bbox 311 3719 417 3774; x_wconf 90' lang='lat' dir='ltr'><strong>aetate</strong></span> <span class='ocrx_word' id='word_1_320' title='bbox 441 3711 652 3795; x_wconf 88' lang='lat' dir='ltr'><strong>compositam</strong></span> <span class='ocrx_word' id='word_1_321' title='bbox 667 3718 764 3794; x_wconf 90' lang='lat' dir='ltr'><strong>atque</strong></span> <span class='ocrx_word' id='word_1_322' title='bbox 787 3709 909 3775; x_wconf 89' lang='lat' dir='ltr'><strong>editam</strong></span> <span class='ocrx_word' id='word_1_323' title='bbox 925 3734 1009 3789; x_wconf 82' lang='lat' dir='ltr'><strong>esse3</strong></span> <span class='ocrx_word' id='word_1_324' title='bbox 1032 3710 1192 3776; x_wconf 81' lang='lat' dir='ltr'><strong>Octaviae</strong></span> <span class='ocrx_word' id='word_1_325' title='bbox 1214 3713 1405 3799; x_wconf 89' lang='lat' dir='ltr'><strong>scriptorem</strong></span> <span class='ocrx_word' id='word_1_326' title='bbox 1428 3714 1514 3776; x_wconf 89' lang='lat' dir='ltr'><strong>enim</strong></span> 
     </span>
     <span class='ocr_line' id='line_1_34' title="bbox 112 3814 1516 3900; baseline 0 -21"><span class='ocrx_word' id='word_1_327' title='bbox 112 3815 218 3879; x_wconf 85' lang='lat' dir='ltr'><strong>Taciti</strong></span> <span class='ocrx_word' id='word_1_328' title='bbox 245 3814 388 3897; x_wconf 88' lang='lat' dir='ltr'><strong>annales,</strong></span> <span class='ocrx_word' id='word_1_329' title='bbox 418 3816 473 3900; x_wconf 93' lang='lat' dir='ltr'><strong>qui</strong></span> <span class='ocrx_word' id='word_1_330' title='bbox 500 3816 585 3879; x_wconf 90' lang='lat' dir='ltr'><strong>intra</strong></span> <span class='ocrx_word' id='word_1_331' title='bbox 613 3836 713 3879; x_wconf 90' lang='lat' dir='ltr'><strong>annos</strong></span> <span class='ocrx_word' id='word_1_332' title='bbox 743 3815 804 3879; x_wconf 82' lang='grc'><strong>115</strong></span> <span class='ocrx_word' id='word_1_333' title='bbox 824 3823 857 3879; x_wconf 89' lang='grc'><strong>66</strong></span> <span class='ocrx_word' id='word_1_334' title='bbox 882 3815 942 3878; x_wconf 84' lang='grc'><strong>117</strong></span> <span class='ocrx_word' id='word_1_335' title='bbox 971 3818 1004 3880; x_wconf 92' lang='grc'><strong>16</strong></span> <span class='ocrx_word' id='word_1_336' title='bbox 1031 3815 1140 3880; x_wconf 89' lang='grc'><strong>166616</strong></span> <span class='ocrx_word' id='word_1_337' title='bbox 1167 3816 1246 3880; x_wconf 90' lang='lat' dir='ltr'><strong>editi</strong></span> <span class='ocrx_word' id='word_1_338' title='bbox 1273 3827 1362 3900; x_wconf 93' lang='lat' dir='ltr'><strong>sunt,</strong></span> <span class='ocrx_word' id='word_1_339' title='bbox 1391 3818 1425 3881; x_wconf 91' lang='grc'><strong>16</strong></span> <span class='ocrx_word' id='word_1_340' title='bbox 1451 3816 1516 3880; x_wconf 88' lang='grc'><strong>1166</strong></span> 
     </span>
     <span class='ocr_line' id='line_1_35' title="bbox 111 3918 1514 4005; baseline 0.003 -24"><span class='ocrx_word' id='word_1_341' title='bbox 111 3919 279 4004; x_wconf 86' lang='lat' dir='ltr'><strong>tragoedia</strong></span> <span class='ocrx_word' id='word_1_342' title='bbox 301 3919 526 4005; x_wconf 87' lang='lat' dir='ltr'><strong>componenda</strong></span> <span class='ocrx_word' id='word_1_343' title='bbox 548 3920 732 4005; x_wconf 86' lang='lat' dir='ltr'><strong>respexisse</strong></span> <span class='ocrx_word' id='word_1_344' title='bbox 755 3919 808 3983; x_wconf 90' lang='lat' dir='ltr'><strong>vel</strong></span> <span class='ocrx_word' id='word_1_345' title='bbox 831 3918 913 3985; x_wconf 91' lang='lat' dir='ltr'><strong>adeo</strong></span> <span class='ocrx_word' id='word_1_346' title='bbox 936 3921 969 3984; x_wconf 92' lang='grc'><strong>16</strong></span> <span class='ocrx_word' id='word_1_347' title='bbox 991 3943 1086 3985; x_wconf 92' lang='lat' dir='ltr'><strong>usum</strong></span> <span class='ocrx_word' id='word_1_348' title='bbox 1109 3942 1203 3986; x_wconf 92' lang='lat' dir='ltr'><strong>suum</strong></span> <span class='ocrx_word' id='word_1_349' title='bbox 1226 3925 1434 3986; x_wconf 89' lang='lat' dir='ltr'><strong>convertisse.</strong></span> <span class='ocrx_word' id='word_1_350' title='bbox 1480 3920 1514 3985; x_wconf 92' lang='lat' dir='ltr'><strong>id</strong></span> 
     </span>
    </p>
   </div>
   <div class='ocr_carea' id='block_1_3' title="bbox 113 4116 318 4123">
    <p class='ocr_par' dir='ltr' id='par_1_3' title="bbox 113 4116 318 4123">
     <span class='ocr_line' id='line_1_36' title="bbox 113 4116 318 4123; baseline 0.005 -1"><span class='ocrx_word' id='word_1_351' title='bbox 113 4116 318 4123; x_wconf 77' lang='lat'><strong>—-—-—-—-—-—·-</strong></span> 
     </span>
    </p>
   </div>
   <div class='ocr_carea' id='block_1_4' title="bbox 110 4234 1511 4740">
    <p class='ocr_par' dir='ltr' id='par_1_4' title="bbox 217 4234 836 4302">
     <span class='ocr_line' id='line_1_37' title="bbox 217 4234 836 4302; baseline 0.002 -17"><span class='ocrx_word' id='word_1_352' title='bbox 217 4235 236 4299; x_wconf 83' lang='grc'><strong>1)</strong></span> <span class='ocrx_word' id='word_1_353' title='bbox 255 4234 295 4286; x_wconf 80' lang='lat' dir='ltr'><strong>Of.</strong></span> <span class='ocrx_word' id='word_1_354' title='bbox 314 4234 441 4285; x_wconf 88' lang='lat' dir='ltr'><strong>Scriverii</strong></span> <span class='ocrx_word' id='word_1_355' title='bbox 459 4236 500 4286; x_wconf 88' lang='lat' dir='ltr'><strong>ed.</strong></span> <span class='ocrx_word' id='word_1_356' title='bbox 519 4242 587 4301; x_wconf 89' lang='lat' dir='ltr'><strong>part.</strong></span> <span class='ocrx_word' id='word_1_357' title='bbox 606 4236 682 4287; x_wconf 91' lang='lat' dir='ltr'><strong>alter.</strong></span> <span class='ocrx_word' id='word_1_358' title='bbox 702 4252 728 4301; x_wconf 89' lang='lat' dir='ltr'><strong>p.</strong></span> <span class='ocrx_word' id='word_1_359' title='bbox 741 4238 836 4302; x_wconf 82' lang='lat' dir='ltr'><strong>355sq.</strong></span> 
     </span>
    </p>

    <p class='ocr_par' dir='ltr' id='par_1_5' title="bbox 110 4320 1511 4485">
     <span class='ocr_line' id='line_1_38' title="bbox 216 4320 1511 4388; baseline 0.002 -17"><span class='ocrx_word' id='word_1_360' title='bbox 216 4320 236 4386; x_wconf 85' lang='lat'><strong>²)</strong></span> <span class='ocrx_word' id='word_1_361' title='bbox 255 4322 287 4372; x_wconf 92' lang='lat' dir='ltr'><strong>In</strong></span> <span class='ocrx_word' id='word_1_362' title='bbox 311 4336 351 4387; x_wconf 91' lang='lat' dir='ltr'><strong>ep.</strong></span> <span class='ocrx_word' id='word_1_363' title='bbox 370 4324 421 4371; x_wconf 82' lang='lat'><strong>414</strong></span> <span class='ocrx_word' id='word_1_364' title='bbox 448 4321 483 4388; x_wconf 89' lang='lat' dir='ltr'><strong>(p.</strong></span> <span class='ocrx_word' id='word_1_365' title='bbox 504 4324 553 4372; x_wconf 90' lang='grc'><strong>770</strong></span> <span class='ocrx_word' id='word_1_366' title='bbox 579 4322 620 4372; x_wconf 90' lang='lat' dir='ltr'><strong>ed.</strong></span> <span class='ocrx_word' id='word_1_367' title='bbox 638 4322 737 4387; x_wconf 86' lang='lat' dir='ltr'><strong>Lugd.)</strong></span> <span class='ocrx_word' id='word_1_368' title='bbox 761 4328 788 4372; x_wconf 90' lang='lat' dir='ltr'><strong>et</strong></span> <span class='ocrx_word' id='word_1_369' title='bbox 811 4324 862 4371; x_wconf 88' lang='grc'><strong>247</strong></span> <span class='ocrx_word' id='word_1_370' title='bbox 885 4321 921 4388; x_wconf 89' lang='lat' dir='ltr'><strong>(p.</strong></span> <span class='ocrx_word' id='word_1_371' title='bbox 941 4323 1017 4387; x_wconf 83' lang='grc'><strong>532),</strong></span> <span class='ocrx_word' id='word_1_372' title='bbox 1044 4323 1078 4375; x_wconf 84' lang='lat' dir='ltr'><strong>cf.</strong></span> <span class='ocrx_word' id='word_1_373' title='bbox 1097 4323 1258 4374; x_wconf 86' lang='lat' dir='ltr'><strong>Bernhardii</strong></span> <span class='ocrx_word' id='word_1_374' title='bbox 1280 4323 1342 4375; x_wconf 89' lang='lat' dir='ltr'><strong>hist.</strong></span> <span class='ocrx_word' id='word_1_375' title='bbox 1366 4323 1418 4375; x_wconf 91' lang='lat' dir='ltr'><strong>litt.</strong></span> <span class='ocrx_word' id='word_1_376' title='bbox 1437 4324 1511 4374; x_wconf 84' lang='lat' dir='ltr'><strong>Rom.</strong></span> 
     </span>
     <span class='ocr_line' id='line_1_39' title="bbox 110 4407 744 4485; baseline 0.006 -28"><span class='ocrx_word' id='word_1_377' title='bbox 110 4407 163 4472; x_wconf 87' lang='lat' dir='ltr'><strong>(ed.</strong></span> <span class='ocrx_word' id='word_1_378' title='bbox 177 4407 229 4469; x_wconf 94' lang='lat' dir='ltr'><strong>III)</strong></span> <span class='ocrx_word' id='word_1_379' title='bbox 248 4424 273 4474; x_wconf 92' lang='lat' dir='ltr'><strong>p.</strong></span> <span class='ocrx_word' id='word_1_380' title='bbox 288 4410 338 4458; x_wconf 84' lang='grc'><strong>339</strong></span> <span class='ocrx_word' id='word_1_381' title='bbox 357 4408 418 4458; x_wconf 89' lang='lat' dir='ltr'><strong>adn.</strong></span> <span class='ocrx_word' id='word_1_382' title='bbox 432 4411 491 4459; x_wconf 86' lang='grc'><strong>322.</strong></span> <span class='ocrx_word' id='word_1_383' title='bbox 739 4473 744 4485; x_wconf 34' lang='grc'>1</span> 
     </span>
    </p>

    <p class='ocr_par' dir='ltr' id='par_1_6' title="bbox 214 4496 1189 4563">
     <span class='ocr_line' id='line_1_40' title="bbox 214 4496 1189 4563; baseline 0.004 -16"><span class='ocrx_word' id='word_1_384' title='bbox 214 4496 236 4562; x_wconf 80' lang='lat'><strong>³)</strong></span> <span class='ocrx_word' id='word_1_385' title='bbox 255 4496 295 4547; x_wconf 80' lang='lat' dir='ltr'><strong>cf.</strong></span> <span class='ocrx_word' id='word_1_386' title='bbox 314 4496 441 4547; x_wconf 87' lang='lat' dir='ltr'><strong>Teuffelii</strong></span> <span class='ocrx_word' id='word_1_387' title='bbox 458 4497 522 4548; x_wconf 91' lang='lat' dir='ltr'><strong>hist.</strong></span> <span class='ocrx_word' id='word_1_388' title='bbox 541 4498 593 4547; x_wconf 89' lang='lat' dir='ltr'><strong>litt.</strong></span> <span class='ocrx_word' id='word_1_389' title='bbox 612 4497 688 4549; x_wconf 83' lang='lat' dir='ltr'><strong>Rom.</strong></span> <span class='ocrx_word' id='word_1_390' title='bbox 708 4496 851 4563; x_wconf 76' lang='lat' dir='ltr'><strong>(aulul.)</strong></span> <span class='ocrx_word' id='word_1_391' title='bbox 869 4515 894 4563; x_wconf 92' lang='lat' dir='ltr'><strong>p.</strong></span> <span class='ocrx_word' id='word_1_392' title='bbox 910 4499 968 4560; x_wconf 90' lang='grc'><strong>734,</strong></span> <span class='ocrx_word' id='word_1_393' title='bbox 986 4500 1008 4559; x_wconf 68' lang='lat'><strong>§-</strong></span> <span class='ocrx_word' id='word_1_394' title='bbox 1021 4500 1071 4549; x_wconf 84' lang='grc'><strong>323</strong></span> <span class='ocrx_word' id='word_1_395' title='bbox 1090 4500 1189 4550; x_wconf 82' lang='grc'><strong>(11163.</strong></span> 
     </span>
    </p>

    <p class='ocr_par' dir='ltr' id='par_1_7' title="bbox 213 4582 835 4650">
     <span class='ocr_line' id='line_1_41' title="bbox 213 4582 835 4650; baseline 0 -16"><span class='ocrx_word' id='word_1_396' title='bbox 213 4582 235 4648; x_wconf 87' lang='lat'><strong>⁴)</strong></span> <span class='ocrx_word' id='word_1_397' title='bbox 255 4582 378 4650; x_wconf 85' lang='lat' dir='ltr'><strong>opp.111</strong></span> <span class='ocrx_word' id='word_1_398' title='bbox 397 4584 430 4634; x_wconf 90' lang='lat' dir='ltr'><strong>de</strong></span> <span class='ocrx_word' id='word_1_399' title='bbox 448 4586 535 4649; x_wconf 88' lang='lat' dir='ltr'><strong>poetis</strong></span> <span class='ocrx_word' id='word_1_400' title='bbox 552 4583 645 4634; x_wconf 84' lang='lat' dir='ltr'><strong>latinis</strong></span> <span class='ocrx_word' id='word_1_401' title='bbox 665 4583 739 4634; x_wconf 81' lang='lat' dir='ltr'><strong>cxn</strong></span> <span class='ocrx_word' id='word_1_402' title='bbox 757 4586 779 4647; x_wconf 65' lang='grc' dir='ltr'><strong>ξ.</strong></span> <span class='ocrx_word' id='word_1_403' title='bbox 794 4586 835 4635; x_wconf 93' lang='grc'><strong>11.</strong></span> 
     </span>
    </p>

    <p class='ocr_par' dir='ltr' id='par_1_8' title="bbox 214 4670 1405 4740">
     <span class='ocr_line' id='line_1_42' title="bbox 214 4670 1405 4740; baseline 0.004 -20"><span class='ocrx_word' id='word_1_404' title='bbox 214 4670 234 4735; x_wconf 81' lang='lat'><strong>⁵)</strong></span> <span class='ocrx_word' id='word_1_405' title='bbox 253 4670 285 4720; x_wconf 92' lang='lat' dir='ltr'><strong>In</strong></span> <span class='ocrx_word' id='word_1_406' title='bbox 303 4670 372 4721; x_wconf 91' lang='lat' dir='ltr'><strong>libro</strong></span> <span class='ocrx_word' id='word_1_407' title='bbox 392 4670 425 4721; x_wconf 90' lang='lat' dir='ltr'><strong>de</strong></span> <span class='ocrx_word' id='word_1_408' title='bbox 444 4671 592 4737; x_wconf 78' lang='lat' dir='ltr'><strong>Agrippina</strong></span> <span class='ocrx_word' id='word_1_409' title='bbox 611 4670 726 4722; x_wconf 87' lang='lat' dir='ltr'><strong>Neronis</strong></span> <span class='ocrx_word' id='word_1_410' title='bbox 744 4676 829 4721; x_wconf 89' lang='lat' dir='ltr'><strong>matre</strong></span> <span class='ocrx_word' id='word_1_411' title='bbox 848 4674 1001 4738; x_wconf 82' lang='lat' dir='ltr'><strong>conscripto</strong></span> <span class='ocrx_word' id='word_1_412' title='bbox 1019 4671 1151 4738; x_wconf 87' lang='lat' dir='ltr'><strong>(Berolini</strong></span> <span class='ocrx_word' id='word_1_413' title='bbox 1169 4688 1193 4723; x_wconf 88' lang='lat' dir='ltr'><strong>a.</strong></span> <span class='ocrx_word' id='word_1_414' title='bbox 1209 4672 1287 4737; x_wconf 87' lang='grc'><strong>1867)</strong></span> <span class='ocrx_word' id='word_1_415' title='bbox 1305 4690 1331 4740; x_wconf 91' lang='lat' dir='ltr'><strong>p.</strong></span> <span class='ocrx_word' id='word_1_416' title='bbox 1345 4673 1405 4726; x_wconf 86' lang='grc'><strong>272.</strong></span> 
     </span>
    </p>
   </div>
   <div class='ocr_carea' id='block_1_5' title="bbox 0 0 1700 5067">
    <p class='ocr_par' dir='ltr' id='par_1_9' title="bbox 0 0 1700 5067">
     <span class='ocr_line' id='line_1_43' title="bbox 0 0 1700 5067; baseline 0 4"><span class='ocrx_word' id='word_1_417' title='bbox 0 0 1700 5067; x_wconf 95' lang='lat' dir='ltr'><strong> </strong></span> 
     </span>
    </p>
   </div>
   <div class='ocr_carea' id='block_1_6' title="bbox 1684 2495 1691 2543">
    <p class='ocr_par' dir='ltr' id='par_1_10' title="bbox 1684 2495 1691 2543">
     <span class='ocr_line' id='line_1_44' title="bbox 1684 2495 1691 2543; baseline 0 0"><span class='ocrx_word' id='word_1_418' title='bbox 1684 2495 1691 2543; x_wconf 83' lang='grc'><strong>1</strong></span> 
     </span>
    </p>
   </div>
  </div>
 </body>
</html>
