3392 5067
138 220 200 283 104

135 410 339 475 hemistichia
374 421 448 474 ante
482 412 585 473 hausit
619 412 751 495 periisse
782 411 902 473 statuit.
949 410 1006 474 sed
1041 410 1191 494 equidem
1225 411 1311 475 hunc
1345 410 1468 475 hiatum
1503 414 1536 475 in

136 514 276 579 Octavia
306 515 476 579 ferendum
506 536 576 578 esse
608 536 739 596 censeo,
774 500 971 599 quamquam
1002 514 1089 598 apud
1121 515 1281 579 Senecam
1311 514 1435 579 nullum
1468 519 1536 580 cius

137 618 321 704 exemplum
356 617 502 703 exstat.1)
544 642 620 682 nam
654 618 715 682 hac
741 619 782 693 ,in
811 640 848 681 re
876 616 1033 683 Octaviae
1065 620 1202 702 scriptor
1232 622 1395 706 principes
1423 620 1536 685 Roma-

137 746 251 796 norum
282 733 394 808 poetas
422 726 513 807 sequi
543 725 654 809 potuit.
698 723 786 809 apud
814 744 870 786 eos
898 726 983 787 enim
1010 723 1082 786 talis
1110 722 1217 787 hiatus
1245 724 1404 809 exempla,
1434 723 1536 810 qualis

137 838 185 891 est
210 828 356 912 Philippi,
380 826 385 909 Ι
408 829 525 913 harcsit,
555 850 620 892 non
647 851 721 892 rara
748 850 819 891 esse
847 848 899 890 res
928 837 976 890 est
1005 827 1209 914 notissima.²)
1247 827 1348 892 veluti
1375 838 1411 891 ut
1437 851 1537 892 unum

138 931 324 1017 exemplum
347 932 510 1016 proferam
532 932 631 1015 Verg.
657 932 726 995 Ecl.
750 932 785 995 ΙΙ
807 931 849 997 53
875 932 995 995 addam
1016 955 1101 995 cerea
1122 954 1246 1016 pruna:
1268 934 1358 995 honos
1386 934 1442 995 erit
1470 933 1538 995 huic

137 1058 251 1120 quaeque
277 1058 378 1120 poma,
415 1036 469 1099 ubi
498 1035 606 1100 hiatus
635 1038 904 1121 interpunctione,
936 1058 1083 1117 caesura,
1114 1036 1221 1100 littera
1248 1038 1268 1097 h
1299 1036 1413 1100 eodem
1442 1036 1538 1101 modo

139 1148 323 1220 excusatur,
355 1161 417 1224 quo
446 1143 477 1203 in
510 1138 657 1204 Octavia.
695 1140 780 1204 adde
811 1139 897 1227 quod
930 1142 962 1203 in
994 1140 1056 1203 hac
1090 1162 1206 1204 nomen
1240 1144 1406 1225 proprium
1437 1151 1538 1205 extat.

140 1243 283 1332 sediam
307 1244 349 1307 ad
374 1246 541 1329 sequentia
564 1244 666 1309 verba
687 1254 900 1309 transeamus.
940 1254 1064 1308 certum
1087 1244 1218 1330 quidem
1241 1254 1289 1307 est
1312 1244 1414 1309 verba
1436 1246 1540 1307 hausit

138 1360 166 1410 et
191 1347 329 1411 Siculam
357 1371 444 1411 arare
471 1348 581 1412 classes
603 1350 744 1434 uirosque
766 1372 855 1433 saepe
878 1350 1012 1413 cedentes
1035 1370 1105 1411 satos
1127 1370 1291 1412 concussus
1315 1348 1396 1411 11111
1424 1349 1542 1411 uiribus

80 1493 82 1497 -
139 1452 259 1538 1119111
282 1454 393 1516 dacum
416 1453 458 1517 ad
482 1474 608 1539 pugnas
630 1454 763 1518 navales
786 1476 861 1519 cum
885 1454 984 1519 Sexto
1007 1455 1161 1540 Pompeio
1186 1453 1227 1519 ab
1251 1453 1432 1518 Octaviano
1459 1455 1540 1517 eius-

139 1579 201 1642 que
233 1556 371 1621 ducibus
403 1560 590 1622 commissas
620 1568 652 1621 et
681 1558 724 1621 ad
753 1559 911 1643 proelium
937 1558 1110 1622 Actiacum
1139 1559 1315 1643 pertinere3
1351 1580 1426 1621 nam
1457 1579 1542 1642 quae

140 1670 294 1724 secuntur
328 1672 489 1745 superatus
517 1664 582 1725 acie
606 1662 763 1747 puppibus
787 1662 896 1725 Nilum
922 1663 998 1746 petit
1021 1662 1026 1745 Ι
1044 1661 1147 1748 fugae
1171 1663 1296 1746 paratis
1338 1662 1542 1747 apertissime

139 1765 182 1828 ad
205 1764 381 1829 Antonium
413 1776 572 1851 spectant.
616 1766 673 1830 sed
701 1788 880 1851 pronomen
910 1790 981 1829 suos
1010 1787 1074 1830 non
1104 1765 1226 1831 habere
1253 1766 1441 1847 videbatur,
1478 1789 1542 1852 quo

140 1872 324 1953 referretur,
348 1880 380 1935 et
403 1871 582 1935 desiderari
605 1872 842 1937 subiectum-in
858 1893 911 1935 vv.
928 1870 991 1935 519
1002 1893 1047 1955 sq.
1072 1870 1258 1956 putabatur.
1291 1893 1354 1956 qua
1377 1870 1419 1934 de
1443 1893 1543 1934 causa

141 1976 330 2060 Rutgersius
359 1974 485 2039 conlato
505 1974 635 2063 ¹Lucani
662 1976 774 2039 Phars.
801 1976 816 2038 I
840 1974 861 2040 5
888 1985 1039 2039 certatum
1066 1976 1136 2039 totis
1162 1977 1299 2039 concussi
1321 1974 1436 2038 1111111
1459 1974 1542 2037 orbis

141 2081 271 2165 scripsit
304 2079 339 2144 cl.
369 2081 509 2164 uirosque
539 2103 630 2165 saepe
660 2081 805 2144 cedentes.
836 2082 899 2143 suis
927 2080 931 2164 Ι
955 2102 1115 2143 concussus
1143 2079 1224 2144 orbis
1251 2079 1376 2142 viribus.
1412 2100 1543 2162 maguus

140 2184 264 2259 ducam,
291 2184 376 2268 quod
400 2183 546 2270 plerique
570 2182 730 2249 editorum
753 2185 897 2269 priorum
920 2183 1150 2270 probaverunt.
1183 2192 1294 2248 contra
1310 2182 1413 2247 Bothe
1443 2184 1542 2268 suspi-

142 2296 233 2351 catus
261 2297 309 2350 est
335 2288 557 2373 reponendum
586 2311 656 2353 esse
676 2288 713 2351 cl.
734 2312 762 2353 o.
785 2310 876 2373 saepe
898 2289 1035 2352 cederates
1051 2289 1150 2374 feros.
1179 2309 1343 2351 concussus
1430 2289 1542 2351 dumam

141 2402 304 2476 superatus
380 2393 437 2455 iste
450 2393 610 2477 perituras
626 2392 719 2469 breui,
744 2392 857 2457 Baden
879 2392 980 2456 edidit
1003 2392 1084 2457 111.
1101 2416 1125 2455 s.
1142 2393 1277 2457 cadeates
1292 2395 1362 2457 suis.
1380 2415 1542 2455 concussas

142 2494 203 2558 orb.
239 2498 383 2579 graviter
409 2519 486 2561 vero
521 2498 579 2561 hos
605 2520 719 2561 versus
750 2506 918 2582 corruptos
950 2519 1020 2560 esse
1051 2506 1234 2560 statuerunt
1264 2496 1460 2578 Gronovius,
1490 2498 1543 2581 qui

142 2603 308 2686 proposuit
324 2623 396 2663 moa
410 2602 491 2664 redit
506 2604 594 2665 sociis
603 2602 711 2688 furor,
727 2602 891 2679 Heinsius,
913 2602 968 2687 qui
989 2602 1125 2665 coniecit
1145 2601 1180 2666 cl.
1198 2626 1224 2665 u.
1246 2624 1335 2686 saepe
1349 2623 1406 2686 per
1421 2601 1544 2663 caedent

144 2702 211 2788 (vel
234 2727 292 2788 per
318 2704 434 2790 clades)
464 2706 529 2769 suis
552 2710 557 2788 Ι
581 2728 743 2770 concussus
770 2705 834 2769 orb.
864 2728 902 2784 a,
939 2704 1162 2789 Buecheler-³),
1198 2706 1252 2790 qui
1286 2706 1319 2769 in
1352 2705 1438 2768 hanc
1473 2727 1544 2769 con-

143 2810 301 2871 iecturam
331 2810 455 2874 incidit:
486 2812 633 2896 virosque.
664 2812 778 2895 sparsit
800 2808 944 2872 Actiacos
965 2810 1051 2872 11111
1072 2809 1076 2895 Ι
1100 2832 1183 2872 cerie.
1208 2809 1283 2888 orb,
1319 2809 1396 2890 Lea,
1429 2811 1481 2872 cui
1511 2810 1544 2871 in

144 2923 284 2977 mentem
312 2917 401 2978 veuit
447 2916 594 3000 uirosque.
629 2916 751 2978 miscuit
784 2925 886 2998 peotes
919 2916 984 2976 sais
1011 2913 1015 2997 Ι
1043 2936 1122 2977 coac.
1155 2914 1219 2977 orb.
1255 2914 1381 2977 uiribus.
1422 2913 1546 2976 taudem

145 3016 324 3103 aemulus.‘¹)
349 3018 407 3082 sed
428 3020 545 3082 iniuria
568 3018 602 3081 hi
625 3040 736 3082 omnes
755 3041 787 3081 v.
804 3017 867 3082 518
891 3026 1098 3102 temptarunt,
1124 3018 1178 3102 qui
1200 3016 1278 3081 mihi
1302 3018 1432 3102 quidem
1448 3018 1546 3080 sanis·

146 3123 245 3185 simus
277 3143 347 3185 esse
375 3122 518 3203 videtur3
551 3122 591 3185 cf.
623 3132 753 3207 praeter
779 3122 885 3186 locum
913 3122 1127 3206 aRutgersio
1155 3121 1299 3186 adlatum
1327 3122 1407 3185 Luc.
1432 3120 1545 3184 Phars.

145 3225 213 3290 llll
229 3225 271 3289 25
280 3248 327 3310 sq.
344 3226 586 3311 spectandasque
601 3226 712 3289 dacaru
730 3228 819 3305 uires,
834 3248 1054 3311 rtauierosaqae
1070 3227 1160 3312 siqua
1180 3227 1184 3313 Ι
1205 3228 1355 3311 esposuit.
1387 3248 1426 3289 ac
1441 3248 1547 3311 neque

146 3331 286 3413 regionis
309 3330 464 3393 indicium
488 3330 701 3415 desideratur,
725 3330 811 3415 quod
829 3330 1011 3394 Buecheler
1028 3332 1201 3395 contendit.
1242 3333 1438 3416 quicumque
1462 3332 1547 3394 enim

146 3434 205 3497 hos
229 3456 340 3497 versus
367 3433 554 3519 perlegerit,
583 3435 747 3519 intelleget
773 3434 860 3498 hunc
888 3456 1018 3499 versum
1045 3434 1086 3497 ad
1111 3435 1283 3499 Actiacum
1311 3434 1431 3498 bellum
1459 3456 1547 3519 spec-

148 3548 226 3601 tare.
272 3560 376 3622 neque
410 3542 450 3620 is,
486 3540 542 3624 qui
574 3538 747 3604 Octaviam
784 3542 977 3625 composuit,
1014 3539 1186 3603 historicus
1221 3539 1358 3624 scriptor
1393 3549 1455 3619 est,
1491 3538 1548 3601 sed

147 3641 265 3706 rhetor.
306 3643 433 3728 quade
457 3665 555 3706 causa
577 3643 621 3724 id,
645 3644 730 3728 quod
751 3642 893 3729 'Philippi
916 3653 947 3707 et
973 3643 1113 3707 Siculum
1134 3666 1220 3706 mare
1244 3652 1547 3725 commemorantur,

148 3769 206 3809 nos
229 3745 393 3811 adducere
420 3750 541 3833 nequit,
569 3758 605 3812 ut
628 3751 792 3812 sumamus
821 3750 969 3833 scriptori
993 3750 1099 3830 etiam,
1125 3769 1198 3812 cum
1214 3747 1385 3811 Actiacam
1405 3769 1548 3833 pugnam

67 3925 69 3928 .
149 3861 309 3936 tangeret,
338 3854 503 3935 regionem
532 3852 739 3917 indicandam
766 3852 875 3915 fuisse.
915 3874 1021 3936 neque
1044 3874 1121 3916 vero
1145 3854 1178 3915 in
1200 3874 1238 3915 ea
1260 3873 1296 3915 11
1319 3850 1549 3915 offendendum

150 3977 220 4019 esse
251 3966 341 4041 puto,
372 3957 457 4042 quod
484 3957 518 4020 in
541 3980 595 4020 vv.
620 3956 684 4020 519
712 3956 830 4020 11520
858 3956 1040 4021 subiectum
1071 3957 1171 4020 deest.
1210 3979 1286 4022 nam
1316 3957 1359 4021 ad
1386 3967 1549 4041 superatas

150 4067 192 4122 ex
215 4059 314 4123 verbo
345 4061 551 4125 antecedenti
578 4062 691 4124 dueum
721 4060 874 4125 facillime
900 4059 970 4123 'dua
1004 4070 1111 4124 mente
1144 4061 1321 4147 suppletur,
1352 4062 1549 4145 'praesertim

256 4254 275 4318 ¹)
293 4254 320 4303 Si
333 4254 411 4303 modo
424 4254 482 4303 ΗΟ.
499 4256 574 4316 1201,
592 4256 685 4320 quiin
697 4255 725 4304 E
740 4257 778 4305 sic
797 4255 911 4304 traditus
929 4260 982 4305 est:
1001 4258 1089 4304 mortis
1107 4270 1226 4315 carerem,
1246 4273 1260 4305 o
1271 4257 1356 4319 ferae,
1375 4259 1455 4305 victae
1465 4258 1549 4319 ferae,

149 4340 282 4389 Aventius
299 4345 372 4390 recte
390 4341 520 4388 restituit:
536 4357 586 4404 pro
597 4341 689 4404 face,
709 4341 742 4390 cf.
762 4340 904 4390 Schmidtii
923 4342 984 4390 diss.
1004 4357 1029 4406 p.
1049 4343 1089 4391 17.

256 4426 276 4491 2Ι
296 4426 336 4477 Cf.
355 4426 465 4476 Christii
482 4426 579 4476 librum
599 4427 632 4476 do
649 4443 678 4478 re
697 4435 772 4478 metr.
792 4427 886 4478 Gracc.
907 4433 934 4478 et
952 4428 1041 4478 Rom²
1060 4446 1084 4494 p.
1104 4430 1136 4477 39
1147 4445 1185 4494 sq.
1204 4429 1239 4479 al.

255 4513 277 4578 3Ι
296 4512 336 4563 cf.
355 4528 411 4561 var.
430 4512 492 4563 lect.
510 4531 536 4579 p.
556 4515 589 4562 64
598 4530 637 4580 sq.

256 4600 278 4665 ⁴)
295 4600 363 4650 Mus
382 4599 468 4650 Rhen.
486 4600 591 4651 XXVII
608 4602 667 4651 4⁷4.
