3392 5067
1447 254 1508 317 123

209 448 255 511 Ut
284 449 348 510 iam
375 446 418 510 ad
445 446 648 518 substantiva
675 447 841 521 accedam,
869 447 951 510 haec
977 447 1073 529 longe
1102 446 1247 531 plurimis
1271 446 1349 511 locis
1373 447 1507 511 articulo

105 562 227 616 carent.
274 551 359 636 quod
391 574 464 615 cum
495 552 535 615 de
566 550 715 617 omnibus
746 551 956 616 substantivis
986 561 1054 614 tum
1087 551 1126 616 de
1154 551 1338 615 nominibus
1369 553 1507 636 propriis

104 656 204 740 valet,
241 678 316 719 cum
350 656 430 721 haec
463 666 588 721 tantum
624 655 774 740 exempla
808 656 1027 720 inveniantur:
1062 655 1081 721 ό
1111 660 1190 734 Ζεύς
1219 655 1330 720 Mimn.
1358 656 1394 737 4,
1424 657 1440 719 1
1477 666 1508 719 et

105 761 250 844 Theogn.
268 760 324 843 253
349 760 390 825 cf.
411 762 580 845 Θεόγνιόός
595 762 684 825 ἐστιν
703 757 765 848 ἔπη
779 761 783 839 Ι
796 773 855 826 τοῦ
868 760 1042 845 Μεγαρέως
1058 760 1136 825 ibid.
1154 761 1196 824 22
1206 784 1264 847 sq.,
1286 768 1349 825 τῶν
1364 760 1507 844 Σαλαμι-

104 875 249 954 ναφετῶν
273 865 336 931 Sol.
359 866 388 947 2,
410 866 439 929 4.
479 888 522 929 ex
541 866 672 949 reliquis
693 865 769 947 vero
795 865 1006 929 substantivis
1029 866 1197 949 nonnulla,
1227 869 1287 929 etsi
1315 868 1443 950 saepius
1466 867 1507 929 le-

104 981 235 1053 guntur,
265 992 426 1055 nusquam
454 971 589 1034 articulo
616 973 775 1033 instructa
804 980 888 1049 sunt,
917 970 1007 1032 velut
1034 972 1113 1047 θεός
1140 981 1172 1033 et
1199 973 1382 1055 όνθριοπος,
1411 979 1507 1054 atque

104 1076 166 1138 hoc
189 1075 321 1159 quidem
349 1084 487 1161 excepto
510 1074 654 1158 Theogn.
680 1075 744 1137 616
771 1084 835 1139 τῶν
857 1084 910 1139 νῦν
933 1077 1125 1159 ἀνθρώπιον,
1154 1074 1210 1138 ubi
1233 1075 1382 1138 adverbii
1411 1096 1509 1137 causa

104 1188 168 1244 τῶν
190 1179 339 1244 additum
367 1201 437 1242 esse
465 1179 612 1263 adparet.
658 1179 855 1263 ubicumque
879 1188 988 1242 autem
1012 1178 1251 1242 substantivum
1276 1201 1349 1242 cum
1372 1178 1507 1243 articulo

105 1285 320 1369 coniungitur,
356 1285 382 1346 si
412 1284 611 1348 adiectivum
640 1285 778 1366 accedit,
813 1284 873 1347 hoc
908 1304 1037 1367 semper
1071 1284 1213 1347 medium
1247 1283 1371 1347 obtinet
1401 1282 1508 1347 locum

105 1399 235 1473 praeter
258 1388 403 1471 Theogn.
428 1389 492 1451 635
519 1376 654 1472 ἀνδρόσι
680 1395 750 1467 τοῖς
773 1391 921 1471 ἀγαθοῖς,
947 1396 1029 1472 quac'
1053 1388 1229 1451 verborum
1253 1387 1420 1451 collocatio
1444 1410 1507 1451 non

105 1479 210 1557 aliena
239 1502 287 1556 est
314 1491 355 1557 ab
384 1491 519 1556 Homeri
543 1492 755 1573 carminibus3
788 1492 828 1554 cf.
854 1491 1005 1574 Kruegcr
1027 1492 1080 1555 Di.
1105 1491 1157 1571 50,
1181 1491 1210 1573 8,
1237 1494 1253 1554 1
1278 1501 1310 1555 et
1333 1492 1362 1555 2.
1401 1514 1507 1576 neque

106 1596 200 1660 huius
231 1618 317 1680 usus⁷
349 1596 425 1661 utri
454 1597 523 1659 loco
554 1598 753 1681 pronominis
781 1598 954 1681 possessivi
984 1597 1122 1680 positum
1151 1597 1200 1677 sit,
1231 1618 1362 1681 prorsus
1391 1597 1507 1659 desunt

106 1701 194 1785 apud
224 1701 404 1766 Homerum
431 1702 578 1784 vestigia⁷
602 1722 806 1785 quamquam
835 1702 870 1763 in
903 1699 1020 1783 elegeis
1051 1700 1202 1784 exempla
1232 1701 1296 1764 huc
1327 1702 1507 1786 spectantia

105 1806 200 1889 plura
227 1807 446 1885 inveniuntur,
470 1805 559 1868 velut
582 1805 725 1887 Theogn.
752 1805 895 1889 275sqq.
923 1805 1045 1883 παῖδας
1068 1804 1141 1879 ἐπεὶ
1165 1803 1309 1891 θρέψαιο
1333 1804 1387 1870 καὶ
1409 1807 1507 1891 dippe-

105 1935 143 1975 να
162 1913 269 1975 πάντα
284 1914 474 1995 παράσχοις,
493 1913 497 1994 Ι
514 1908 571 1996 ..Ι
587 1913 642 1974 τόν
657 1903 984 1994 πατέρέχθαίροοσις
1010 1908 1051 1972 cf.
1070 1919 1237 1994 praeterea
1253 1910 1325 1991 633,
1343 1910 1416 1991 851,
1433 1910 1506 1973 924.

106 2015 218 2099 paucis
242 2013 330 2095 lucia,
354 2013 411 2077 ubi
433 2015 488 2078 τόν
508 2025 583 2077 ante
607 2013 845 2077 substantivum
869 2013 994 2096 legitur,
1018 2015 1160 2096 genuina
1183 2016 1344 2098 scriptura
1363 2012 1416 2080 σοι’
1437 2036 1507 2078 esse

106 2117 251 2196 videtur3
282 2118 322 2181 cf.
347 2117 492 2200 Theogn.
520 2118 591 2199 113,
619 2118 676 2181 ubi
699 2118 879 2200 Bergkium
908 2127 996 2197 recte
1024 2128 1101 2203 puto
1125 2120 1292 2203 scripsisse
1315 2117 1442 2205 μήποτέ
1456 2142 1508 2184 τοι

106 2223 195 2308 (libri
214 2222 282 2305 τόν)
306 2225 403 2286 κακόν
424 2222 523 2308 ἄνδρα
546 2220 640 2308 φίλον
663 2228 835 2287 ποιεῖσθαι
858 2222 994 2307 ἑταῖρον,
1020 2244 1094 2285 cum
1116 2225 1172 2287 σόν
1195 2244 1289 2285 sensu
1314 2233 1432 2305 careat,
1457 2222 1509 2289 toi

106 2349 183 2390 vero
200 2328 388 2411 saepissime
404 2328 434 2389 in
452 2327 610 2389 eiusmodi
627 2329 793 2390 sententiis
809 2327 1015 2407 generalibus
1037 2336 1134 2405 extet,
1158 2326 1246 2389 velut
1264 2327 1378 2411 rsosq.
1400 2330 1508 2417 μήπο-

106 2429 141 2495 τέ
155 2453 206 2496 τοι
221 2428 333 2516 πενίην
348 2434 564 2516 θυμοφθόρον
579 2429 669 2515 dodoi
684 2429 852 2511 χολωθείς,
875 2430 878 2515 Ι
899 2426 973 2519 μηδ’
986 2432 1203 2517 ἀχρημοσύνην
1230 2432 1400 2519 οὐλομένην
1426 2436 1507 2514 πρό-

105 2559 190 2621 φερε.
229 2536 304 2599 item
321 2536 466 2619 Theogn.
492 2535 555 2598 279
578 2539 642 2617 τόν,
667 2537 753 2619 quod
776 2539 809 2599 in
834 2534 950 2600 codd
975 2545 1156 2599 correctum
1180 2547 1228 2600 est
1251 2538 1283 2600 in
1306 2540 1366 2616 roi,
1391 2537 1507 2602 falsum

106 2650 138 2703 et
164 2638 217 2735 σοι’
244 2642 467 2724 reponendum
490 2663 560 2704 esse
584 2641 723 2724 videtur,
756 2651 791 2705 ut
813 2641 989 2724 legendum
1020 2643 1060 2705 sit
1093 2643 1180 2720 εἰκός
1211 2667 1264 2708 τοι
1290 2646 1386 2708 κακὸν
1409 2644 1508 2729 όίνόρα

104 2754 209 2823 κακῶς
230 2749 271 2809 τὰ
299 2744 407 2811 δίκαια
435 2743 587 2829 νομίζειν,
623 2744 663 2808 cf.
689 2746 751 2807 627
780 2746 987 2829 αἰσχρόνοοι
1015 2747 1179 2829 μεθύοντα
1207 2741 1284 2832 παρ’
1296 2747 1430 2832 ἀνδράσι
1453 2751 1507 2829 νή-

104 2870 184 2934 φοσι
206 2849 353 2934 μεῖναι.“)
400 2899 403 2905 ,

214 2952 307 3032 Quae
335 2957 400 3018 iam
423 2965 574 3018 secuntur
598 2954 749 3039 exempla
776 2957 821 3018 ita
845 2964 1032 3038 comparata
1055 2965 1139 3035 sunt,
1167 2958 1257 3019 utin
1281 2955 1415 3019 Homeri
1440 2978 1506 3019 car-

104 3057 245 3121 minibus
281 3059 396 3121 similia
425 3068 482 3122 aut
512 3060 641 3122 omnino
672 3059 776 3121 desint
807 3068 876 3142 aut,
908 3060 934 3120 si
966 3079 1049 3143 quae
1078 3067 1204 3141 extant,
1238 3063 1300 3124 sint
1332 3061 1504 3123 rarissima.

105 3164 226 3225 etenim
248 3161 409 3225 nonnullis
433 3163 512 3225 locis
532 3173 646 3247 poetae
667 3163 801 3245 elegiaci
822 3162 1024 3226 substantivo
1045 3163 1097 3227 vel
1118 3164 1171 3227 alii
1191 3165 1301 3249 verbo,
1326 3164 1412 3249 quod
1434 3165 1506 3229 sub-

105 3268 237 3330 stantivi
265 3268 366 3329 instar
393 3276 450 3343 est,
483 3267 676 3331 adverbium
706 3267 860 3347 adiciunt,
892 3267 976 3350 quod
1009 3290 1072 3331 uno
1103 3267 1183 3349 loco,
1216 3290 1278 3353 quo
1310 3268 1505 3333 adiectivum

103 3392 163 3454 pro
187 3370 388 3434 substantivo
412 3374 550 3455 positum
571 3383 629 3451 est,
655 3383 792 3456 excepto
815 3372 976 3458 (Theogn.
992 3372 1075 3435 1109
1085 3375 1182 3458 extr.)
1198 3375 1340 3438 medium
1360 3376 1444 3437 inter
1459 3398 1505 3437 ar-

103 3475 239 3537 ticulum
263 3485 295 3537 et
310 3496 427 3538 nomen
444 3477 567 3540 obtinet
588 3477 703 3556 locum3
728 3476 770 3540 cf.
796 3477 943 3559 Theogn.
963 3477 1045 3540 1109
1056 3500 1103 3562 sq.
1124 3474 1231 3563 Κόρν’,
1248 3472 1280 3544 οἱ
1295 3473 1418 3563 πρόσθ’
1428 3484 1506 3562 ἅμα·

103 3576 164 3642 θοὶ
183 3587 236 3641 νῦν
256 3576 295 3643 αὖ
309 3578 412 3658 κακοί,
429 3574 461 3645 οἱ
477 3579 512 3645 dd
527 3579 621 3646 κακοὶ
637 3579 713 3664 πρὶν
733 3580 737 3666 Ι
757 3592 810 3645 νῦν
822 3580 952 3665 ἀγαθοί.
977 3592 1012 3645 ut
1032 3592 1140 3647 autem
1157 3585 1189 3644 in
1206 3586 1311 3667 priore
1327 3593 1419 3667 parte
1437 3606 1505 3646 ver-

104 3703 158 3744 sus
182 3682 276 3745 modo
300 3681 400 3745 adlati
423 3686 552 3768 πρόσθε
576 3686 799 3769 interponitur,
823 3688 868 3748 ita.
888 3686 966 3749 ibid.
988 3685 1029 3749 57
1053 3684 1143 3772 πρίνε
1167 3680 1199 3752 οἱ
1223 3687 1257 3751 δὲ
1280 3687 1357 3772 πρὶν
1379 3686 1505 3769 ἐσθλοί,

105 3786 169 3848 616
191 3796 258 3849 νῦνε
289 3779 319 3852 oi
347 3796 400 3851 νῦν
427 3788 638 3874 asperas)
684 3789 725 3852 ad
754 3812 833 3876 quos
857 3789 943 3853 locos
966 3792 988 3852 ii
1011 3791 1183 3870 accedunt,
1208 3791 1326 3876 quibus
1349 3792 1507 3857 adverbia

210 4118 231 4182 ¹)
250 4117 339 4167 Etiam
357 4118 477 4183 Theogn.
493 4121 540 4167 641
562 4122 652 4169 nescio
671 4137 704 4169 an
719 4137 784 4169 oum
803 4122 929 4186 Emperio
949 4124 1038 4187 potius
1055 4128 1101 4172 rol
1116 4124 1284 4173 scribendum
1305 4128 1350 4174 sit:
1371 4124 1404 4175 οὔ
1422 4142 1465 4176 τοι
1482 4125 1505 4175 κ’

102 4201 203 4267 εἰδείης
221 4201 278 4253 οὔτ’
297 4202 396 4254 εὔνουν
416 4201 477 4254 οὔτε
496 4222 539 4254 τοι
557 4204 667 4273 ἐχθρόν.

208 4290 228 4353 ²)
252 4290 313 4340 Alia
331 4290 455 4356 exempla
472 4290 571 4341 similia
590 4309 644 4341 non
663 4301 763 4343 extant.
801 4310 834 4343 ex
853 4296 964 4345 Homeri
989 4298 1150 4346 carminibus
1175 4299 1296 4364 Krueger
1318 4300 1362 4350 Di.
1387 4302 1427 4363 50,
1447 4303 1471 4363 8,
1491 4304 1507 4350 4

102 4378 170 4426 citat
192 4376 284 4431 ,3274
305 4382 446 4446 μάρτυροί
461 4370 507 4429 ὧσ’
531 4380 558 4428 οἱ
575 4377 672 4447 ἔνερθε
690 4383 753 4431 θεοὶ
771 4382 883 4449 Κρόνον
902 4385 991 4451 ἀμφὶς
1010 4383 1111 4448 ἐόντες,
1140 4387 1218 4451 quod,
1242 4404 1302 4437 curn
1326 4406 1431 4455 prorsus
1454 4392 1506 4438 sin-

103 4463 197 4528 gulare
216 4466 258 4527 sit,
277 4465 372 4515 Nauck
391 4467 428 4514 ita
447 4469 570 4528 mutavit,
589 4475 619 4515 ut
638 4469 766 4517 scriberet
785 4461 851 4519 ὦσιν
864 4467 960 4537 ἔνερθε
973 4474 1042 4521 θεοί.
1074 4474 1146 4538 quod
1158 4490 1221 4523 vero
1234 4482 1373 4539 praeterea
1386 4477 1508 4541 Krueger

102 4552 136 4611 Ν,
156 4551 189 4599 83
208 4552 271 4606 τοὺς
290 4553 389 4602 όπιθεν
408 4553 538 4618 γαιήοχος
556 4545 642 4622 ὦρσεν
661 4552 792 4622 Ἀχαιούς
811 4556 904 4619 adfert,
924 4558 951 4605 id
967 4560 1013 4607 vix
1031 4562 1069 4608 ita
1091 4561 1278 4626 explicandum
1298 4567 1345 4624 est,
1365 4564 1428 4627 quia
1446 4564 1506 4613 sub-

102 4639 251 4687 stantivum
270 4640 350 4688 nimis
367 4646 499 4690 remotum
519 4647 605 4691 estet
623 4642 668 4691 vel
686 4644 869 4709 praedicatum
889 4646 1075 4714 interponitur.

1620 4618 1684 4723 „A
