3392 5067
1427 208 1489 274 175

95 406 174 485 θέος
200 408 265 495 ὥρη
291 404 380 490 (libri
407 403 486 493 ὥρη)
507 403 512 489 l
532 399 634 492 έαρος,
661 398 710 468 δυ’
723 392 798 490 αἶψ’
818 405 915 491 αὐγῇς
941 399 1068 479 αύξεται
1096 399 1203 491 ἠελίου
1232 403 1361 487 scripsit
1389 441 1431 449 —
1458 412 1491 466 et

96 533 173 575 sane
196 531 348 593 magnam
371 531 410 571 ea
434 509 620 572 coniectura
642 506 906 593 probabilitatem
929 506 1042 589 habet,
1074 528 1149 572 cum
1176 506 1307 571 alterius
1328 509 1491 574 enuntiati

96 614 279 679 subiectum
295 613 398 702 φύλλα
414 614 455 675 sit
470 651 510 659 —
526 616 618 700 φύειν
633 612 770 693 accedit,
794 633 877 697 quae
901 610 1004 675 forma
1027 612 1142 676 eadem
1162 614 1196 674 vi
1218 612 1376 676 instructa
1398 614 1491 677 raris·

96 722 175 783 sime
197 719 369 792 invenitur,
392 716 484 781 velut
504 724 536 780 Z
558 716 618 780 149
646 717 690 794 ὣς
712 716 834 802 ἀνδρῶν
856 721 943 805 χενεη
966 717 985 804 ἡ
1009 718 1065 800 μέν
1087 719 1170 804 φύει,
1193 718 1212 803 ἡ
1234 710 1265 782 δ’
1280 717 1436 804 ἀπολήγει
1459 726 1492 781 et

97 823 233 888 Theocr.
249 822 316 887 VH
339 822 381 886 75
403 821 473 888 αἵτε
498 821 617 906 (δρύες)
641 822 764 908 φύοντι.
802 888 804 892 ,

200 928 245 993 Ut
260 930 325 992 iam
340 927 382 991 ad
397 928 516 991 formas
532 926 678 991 medias
693 935 866 1008 transeam,
890 927 1029 1010 primum
1046 924 1286 991 animadvertas
1306 927 1339 990 in
1362 927 1492 992 locutio·

97 1034 192 1098 nibus
225 1035 271 1097 ita
305 1033 512 1117 comparatis,
546 1040 583 1094 ut
613 1032 709 1112 notis,
740 1051 823 1116 quae
854 1032 937 1094 inest
967 1032 1000 1094 in
1027 1029 1130 1094 verbo
1169 1031 1319 1116 quodam,
1360 1034 1492 1097 circum-

97 1139 270 1223 scriptione
293 1138 504 1222 exprimatur,
528 1135 706 1199 Homerum
729 1134 841 1199 formis
863 1136 978 1199 activis
1001 1136 1057 1217 uti,
1081 1144 1193 1220 poetas
1210 1135 1370 1220 elegiacos
1391 1146 1423 1201 et
1439 1160 1493 1202 eos

97 1244 280 1328 scriptores,
311 1244 366 1327 qui
391 1248 463 1326 post
484 1240 542 1304 hos
562 1238 709 1325 suerunt,
740 1239 864 1304 medias
885 1261 1043 1325 usurpare
1067 1240 1179 1304 solere.
1218 1239 1259 1305 ef.
1285 1266 1306 1306 α
1330 1241 1391 1305 116
1414 1266 1493 1331 μνη-

97 1349 219 1434 στήρων
241 1352 305 1411 τῶν
326 1347 384 1430 μὲν
405 1342 557 1410 σκέδασιν
574 1349 661 1414 1κατδι
685 1344 818 1428 δώματα
840 1342 926 1433 θείη,
950 1369 976 1408 ω
1001 1342 1066 1407 484
1078 1365 1123 1429 sq.
1146 1347 1238 1432 ημεῖς
1260 1339 1290 1411 δ’
1305 1342 1345 1410 αδ
1366 1345 1494 1413 παίδων

96 1474 133 1515 τε
155 1451 348 1537 κασιγνήτων
369 1473 404 1514 τε
426 1451 540 1538 φόνοιο
560 1450 565 1531 1
585 1446 712 1537 ἔκλησιν
733 1446 871 1533 θέοιμεν,
900 1447 1018 1533 quibus
1040 1448 1118 1513 locis
1141 1450 1225 1512 inter
1247 1449 1326 1513 alios
1349 1472 1493 1536 opponas

99 1554 233 1639 80113,
255 1554 298 1617 46
321 1553 481 1642 φειδωλὴν
501 1561 606 1640 ψυχῆς
627 1550 778 1638 οὐδεμίαν
802 1550 938 1636 θέμενος
965 1551 1077 1639 (Soph.
1095 1552 1171 1616 Ant.
1191 1554 1249 1617 151
1274 1561 1338 1619 τῶν
1359 1562 1412 1620 νῦν
1434 1553 1494 1620 θέ-

98 1664 185 1725 σθαι
205 1659 431 1746 λησμοσύναν),
455 1657 547 1742 Tyrt.
573 1658 622 1735 12,
649 1658 664 1719 1
689 1658 723 1723 έν
744 1658 826 1743 λόχῳ
850 1658 950 1743 ἀνδρα
971 1656 1133 1747 τιθείμην,
1157 1658 1235 1724 ibid.
1259 1658 1308 1739 10,
1335 1659 1373 1722 17
1397 1659 1495 1745 μέγαν

99 1768 253 1829 ποιεῖσθε
286 1762 341 1847 (=
365 1756 723 1847 αύξάνετε)...θυμύν.
748 1761 866 1826 deinde
894 1762 1054 1834 Homerus
1081 1784 1209 1847 semper
1236 1762 1379 1848 ἀμείβειν
1406 1764 1494 1846 dicit,

100 1868 158 1932 ubi
180 1867 262 1932 haec
285 1889 350 1931 vox
373 1869 440 1931 vim
470 1865 689 1931 commutandi
712 1866 819 1930 habet.
867 1868 1033 1930 contrairi
1057 1866 1186 1951 elegeis,
1215 1868 1247 1931 in
1271 1869 1389 1954 quibus
1412 1869 1495 1934 haec

100 1995 166 2037 una
196 1974 245 2035 vis
274 1974 443 2058 reperitur,
477 1969 675 2056 ἀμείβεσθαι
706 1969 826 2054 legitur
864 1968 927 2035 Sol.
950 1970 980 2049 2,
1011 1970 1031 2033 2
1061 1968 1196 2058 πατρίδ’
1213 1962 1434 2060 ἀμειψάμενος
1465 1983 1497 2038 et

101 2076 179 2141 ibid.
197 2075 282 2161 27,6
305 2086 412 2164 χροιῆς
434 2077 537 2154 ἀνθος
558 2073 781 2161 ἀμειβομένης.
809 2077 886 2139 item
909 2074 1070 2140 Homerus
1094 2076 1220 2140 duobus
1248 2076 1326 2140 locis
1349 2079 1496 2164 exceptis

102 2179 149 2265 (B
168 2179 327 2265 114,121
351 2191 405 2245 νύν
428 2181 463 2246 δὲ
484 2185 583 2268 κακὴν
605 2184 732 2265 ἀπάτην
753 2180 965 2263 βουλεύσατο)
983 2201 1111 2264 semper
1133 2182 1294 2263 βουλεύειν
1317 2181 1405 2265 dicit,
1429 2183 1497 2247 sive

101 2284 240 2349 verbum
269 2284 304 2347 id
332 2284 476 2349 ‘consilia
502 2284 640 2368 agitare'
672 2286 741 2347 sive
768 2284 939 2347 ‘meditari'
968 2284 1136 2367 significat.
1180 2307 1286 2371 neque
1312 2308 1390 2351 vero
1415 2286 1498 2351 haec

102 2388 207 2453 forma
229 2387 271 2453 ab
295 2388 414 2472 elegeis
437 2389 542 2453 aliena
565 2396 627 2467 est3
656 2409 731 2451 nam
752 2409 816 2451 non
840 2386 957 2472 solum,
983 2387 1040 2451 ubi
1063 2388 1221 2456 suadendi
1243 2389 1296 2454 vel
1319 2391 1498 2456 meditandi

102 2494 190 2557 notio
212 2493 297 2557 inest
320 2492 480 2579 (Theogn.
506 2491 587 2557 1101
617 2493 706 2571 δ’στις
728 2513 781 2557 σοι
807 2493 976 2575 βούλευσεν
997 2492 1073 2577 ἐμεῦ
1094 2490 1170 2577 πέρι
1200 2502 1231 2556 et
1257 2494 1338 2558 1089
1366 2495 1498 2562 εἴποτε

101 2598 311 2682 βουλεύσαιμι
326 2595 410 2685 φίλῳ
430 2595 551 2682 κακόν),
575 2595 757 2681 adhibetur,
778 2596 836 2660 sed
857 2597 954 2660 etiam
971 2595 1097 2660 duobus
1116 2596 1205 2680 locis,
1229 2598 1345 2683 quibus
1361 2601 1410 2664 vis
1427 2622 1498 2663 eon-

104 2700 246 2779 sultandi
262 2701 433 2766 statuenda
449 2710 505 2784 est,
526 2700 624 2764 Phoc.
642 2699 672 2780 8,
690 2701 706 2764 1
728 2703 839 2779 νυκτὸς
853 2701 1015 2784 βουλεύειν
1035 2710 1067 2764 et
1083 2700 1225 2785 Theogn.
1240 2702 1281 2765 69
1296 2704 1426 2787 βούλευε
1444 2712 1500 2769 σὺν

104 2804 206 2892 ἀνδρί.
239 2806 297 2870 sed
316 2805 394 2870 ibid.
406 2806 475 2869 633
490 2806 642 2887 βουλεύου
658 2804 709 2884 δὶς
725 2804 780 2871 καὶ
799 2802 868 2890 τρίς
887 2814 919 2868 et
936 2804 1019 2869 1052
1039 2813 1080 2894 σῇ
1100 2804 1190 2892 φρενὶ
1204 2808 1373 2888 βούλευσαι
1395 2807 1499 2873 forma

104 2911 214 2975 media
235 2910 356 2974 tradita
378 2919 436 2974 est.
482 2911 508 2973 si
535 2930 630 2995 porro
658 2910 819 2973 Homerus
850 2931 947 2973 sensu
976 2932 1040 2974 non
1064 2912 1155 2974 vario
1185 2908 1264 2976 ἀίειν
1295 2921 1327 2976 et
1357 2910 1499 2985 δίεσθαι,

103 3024 221 3098 πειρᾶν
243 3022 275 3079 et
296 3018 486 3097 πειρᾶσθαι,
510 3017 611 3100 φάναι
633 3022 665 3076 et
686 3017 819 3101 φάσθαι
842 3013 931 3095 dicit,
954 3014 987 3077 in
1011 3013 1130 3098 elegeis
1157 3012 1312 3079 alterutra
1341 3015 1444 3081 forma
1465 3017 1500 3080 in

104 3141 169 3183 usu
191 3140 262 3182 esse
285 3118 376 3183 solet.
419 3139 547 3203 semper
573 3118 659 3182 enim
686 3121 869 3203 πειρᾶσθαι
890 3117 1008 3202 legitur
1036 3116 1107 3203 (οἴω
1131 3128 1163 3183 et
1185 3118 1296 3204 οἴομαι
1318 3118 1360 3183 ab
1384 3120 1502 3205 elegeis

108 3222 218 3287 aliena
232 3222 331 3309 sunt),
355 3244 483 3307 semper
497 3225 598 3309 φάναι
614 3230 752 3307 excepto
768 3244 831 3286 uno
847 3221 918 3286 loco
934 3222 1083 3309 Xenoph.
1102 3223 1132 3304 6,
1156 3223 1176 3287 3
1191 3223 1290 3311 φασὶν
1304 3224 1504 3311 ἐποικτεῖραι

105 3324 163 3393 καὶ
180 3328 255 3393 τόδε
277 3329 408 3415 φάσθαι
431 3322 518 3405 έπος.
542 3335 578 3390 ut
599 3326 698 3410 igitur
719 3327 782 3391 hac
797 3327 830 3390 in
845 3348 891 3411 re,
914 3328 960 3392 ita
983 3328 1080 3392 etiam
1102 3328 1134 3391 in
1158 3327 1222 3392 alia
1236 3338 1353 3413 poetae
1369 3328 1504 3413 elegiaci
1555 3360 1558 3366 ·

107 3431 213 3515 magis
236 3430 297 3495 sibi
320 3439 477 3495 constant.
523 3430 686 3496 Homerus
714 3432 800 3495 enim
828 3453 937 3516 saepe,
964 3430 1022 3495 ubi
1048 3431 1163 3518 reliqui
1191 3434 1365 3517 scriptores
1392 3432 1502 3498 formis

107 3536 247 3622 passivis
269 3543 412 3617 utuntur,
436 3534 560 3599 medias
582 3537 685 3621 ponit:
708 3537 742 3598 in
765 3536 885 3619 elegeis
906 3537 975 3599 eius
994 3559 1071 3600 usus
1087 3559 1188 3601 unum
1208 3547 1298 3601 extat
1318 3537 1503 3623 exemplum

107 3639 223 3704 Mimn.
241 3639 291 3720 14,
306 3639 335 3721 7,
359 3638 415 3703 ubi
432 3662 474 3703 ex
490 3648 578 3703 certa
594 3638 833 3704 Schneidewini
856 3641 1042 3705 coniectura
1064 3635 1150 3727 (εὖθ’
1161 3638 1207 3725 ὅγ’
1223 3645 1283 3708 ἀνά
1302 3642 1502 3729 προμάχους)

108 3738 239 3811 σεύαιθ’
258 3738 386 3830 (σεύηθ
400 3749 449 3825 Α,
477 3739 586 3809 σεύεθ)
602 3738 652 3809 δ’δ’
672 3742 814 3830 Schow.)
850 3747 1033 3810 restitutum
1061 3754 1118 3809 est.
1164 3754 1264 3809 restat
1289 3769 1373 3811 unus
1403 3746 1503 3829 locus,

109 3849 167 3935 qui
190 3851 491 3913 commemoratione
513 3847 631 3931 dignus
655 3855 711 3930 est,
736 3847 881 3931 Theogn.
897 3849 961 3913 439
989 3846 1082 3928 οὗτος
1109 3853 1184 3937 ἀνήρ
1209 3902 1216 3915 .
1241 3901 1248 3915 .
1274 3901 1281 3916 .
1304 3848 1407 3930 πέδας
1428 3851 1505 3933 χαλ-

108 3957 236 4018 κεύεται
258 3957 352 4039 αύτῷ.
391 3952 447 4016 ubi
471 3950 593 4016 formae
616 3952 743 4016 mediae
766 3953 961 4035 χαλκεύεται,
991 3974 1053 4037 quo
1078 3956 1180 4037 magis
1202 3976 1253 4017 res
1276 3964 1442 4039 prematur
1464 3994 1506 4003 -

109 4055 214 4135 πέδας
243 4057 428 4140 χαλκεύεται
459 4056 647 4141 ‘compedes
678 4056 739 4122 sibi
761 4057 935 4142 procudit’‚
967 4056 1069 4135 πέδας
1098 4057 1283 4139 χαλκεύεται
1313 4062 1397 4148 αὐτῷ
1429 4059 1507 4124 ‘sibi

109 4162 175 4247 ipsi
197 4160 355 4247 procudit'
385 4198 428 4207 -
459 4160 599 4225 adicitur
628 4160 757 4226 dativus
786 4162 985 4246 pronominis
1015 4161 1173 4247 reflexim,
1206 4162 1293 4248 quod
1323 4164 1410 4249 apud
1441 4162 1507 4227 Ho-

110 4287 237 4330 merum
259 4264 329 4348 fieri
352 4264 502 4348 Krueger
523 4264 578 4329 Di.
595 4264 647 4347 52,
672 4265 723 4346 10,
747 4266 768 4330 5
789 4274 896 4350 negat.
942 4264 1000 4330 sed
1030 4264 1124 4348 fals03
1155 4268 1292 4351 vestigia
1322 4268 1407 4332 enim
1430 4289 1507 4332 usus

111 4371 182 4433 eius
205 4377 328 4451 extant,
351 4369 440 4433 velut
461 4373 485 4452 β
506 4367 568 4433 125
578 4391 625 4454 sq.
649 4368 730 4454 μέγα
753 4370 811 4455 μὲν
831 4369 923 4449 κλέος
945 4374 1023 4459 αὐτῇ
1044 4369 1048 4455 Ι
1067 4366 1197 4437 ποιεῖτ’.

217 4473 328 4538 Pauca
350 4473 391 4536 de
414 4494 533 4556 genere
556 4475 719 4557 passivo
741 4474 894 4539 addenda
916 4482 999 4539 sunt.
1032 4474 1177 4559 Theogn.
1203 4475 1245 4539 94
1267 4475 1459 4564 νοσφισθείς
1479 4471 1508 4544 δ’

112 4579 193 4665 άλλη
221 4579 367 4662 γλῶσσαν
396 4572 462 4666 icius
491 4580 589 4667 κακήν
619 4577 747 4664 legitur,
780 4580 857 4645 ibid.
885 4580 966 4643 1291
999 4583 1123 4667 πατρὸς
1150 4586 1368 4667 νοσφισθεῖσα
1391 4582 1508 4668 δόμων,
