3392 5067
127 264 168 329 10

125 455 230 541 potuit
259 452 407 534 Richter,
434 454 462 517 is
486 453 570 515 enim
597 452 631 515 in
659 449 798 537 epistula
807 450 830 537 ¹)
860 450 901 516 de
923 450 1063 516 Octavia
1089 473 1110 513 a
1133 472 1274 535 quonam
1301 450 1427 515 Seneca
1450 470 1522 513 con·

126 560 247 644 scripta
274 566 360 621 esset
389 556 578 643 disputavit.
627 576 733 640 neque
761 556 887 638 Braun,
918 555 1004 641 quod
1037 556 1115 620 item
1146 554 1282 619 Richter
1309 563 1421 620 contra
1449 575 1523 617 eum

126 665 245 749 optimo
265 662 334 738 iure
357 660 497 746 protulit,
521 659 670 742 ostendit,
694 661 855 746 quomodo
871 660 994 724 factum
1011 670 1105 745 esset,
1129 668 1233 724 ut'tot
1249 659 1407 724 Octaviae
1426 656 1522 744 loci²)

125 769 159 832 in
186 765 335 832 omnibus
362 764 530 830 codicibus
558 765 702 849 corrupti
729 774 847 829 essent.
898 766 1125 850 gravissimum
1151 773 1261 829 autem
1287 772 1523 847 argumentum,

126 894 188 959 quo
211 892 274 935 uno
297 870 432 934 Braunii
459 869 566 955 opinio
589 869 755 951 evertitur,
778 869 847 932 Leo
871 867 1030 956 adtulit³).
1065 868 1257 934 Vincentius
1280 867 1524 931 Bellovacensis

27 978 29 982 ’
126 978 221 1059 enim,
246 977 300 1060 qui
323 996 407 1039 saec.
427 972 513 1037 XIII
535 974 629 1055 vixit,
652 974 686 1036 in
709 973 840 1059 speculo
863 972 1029 1059 historiali,
1053 973 1139 1059 quod
1168 972 1274 1036 medio
1302 972 1372 1037 fere
1395 994 1433 1035 eo
1456 993 1524 1035 sae-

126 1080 198 1146 culo
226 1079 439 1164 compositum
466 1086 529 1162 est,
555 1077 576 1142 1.
597 1076 699 1143 VIIII
726 1076 839 1141 0102
866 1077 948 1142 haec
975 1077 1111 1163 profert:
1144 1078 1284 1163 ‘scripsit
1312 1078 1410 1142 etiam
1437 1076 1525 1141 idem

126 1178 338 1252 Seneca...
362 1234 368 1247 .
389 1182 573 1267 tragoedias
598 1230 605 1244 .
630 1181 753 1246 decem’
777 1191 809 1247 et
831 1183 866 1247 in
890 1181 1033 1247 ‘floribus
1060 1181 1302 1266 tragoediarum
1326 1181 1415 1263 eius’,
1444 1202 1524 1267 quos

127 1313 173 1355 ce.
192 1289 254 1354 113
271 1297 304 1352 et
320 1288 383 1350 114
406 1286 556 1351 collectos
578 1287 735 1369 invenies,
758 1285 918 1351 Octaviae
940 1308 1055 1351 versus
1069 1285 1143 1369 428,
1160 1286 1233 1364 434,
1250 1285 1314 1350 435
1337 1285 1524 1372 exscripsit:

128 1395 225 1460 ‘idem
248 1393 307 1480 (sc.
324 1392 463 1475 Seneca)
487 1393 521 1455 in
536 1389 689 1455 Octavia:
713 1390 843 1455 luxuria
865 1390 987 1457 blanda
1010 1393 1110 1478 pestis
1140 1392 1261 1456 victrix
1283 1389 1371 1456 orbis
1394 1392 1526 1455 immen-

127 1522 180 1563 sas
200 1520 278 1584 opes
301 1500 366 1562 iam
389 1496 517 1582 pridem
531 1498 640 1560 avaris
663 1495 813 1561 manibus
835 1505 871 1560 ut
894 1494 1011 1582 perdat
1033 1495 1138 1581 rapit'.
1170 1495 1252 1561 haec
1274 1504 1433 1580 excerpta
1455 1493 1525 1558 aliis

127 1598 255 1691 qnoque
271 1624 358 1690 spec.
372 1602 445 1667 hist.
462 1603 541 1667 locis
556 1601 709 1686 leguntur
724 1610 821 1689 atque
837 1603 871 1666 in
888 1603 1005 1666 ceteris
1021 1601 1171 1687 speculis,
1195 1600 1377 1684 0011110111),
1401 1600 1524 1682 morali,

129 1706 308 1774 doctrinali.
338 1706 484 1790 singulae
510 1707 708 1790 tragoediae,
736 1729 780 1770 ex
802 1707 921 1792 quibus
943 1728 1055 1769 versus
1078 1705 1132 1770 vel
1154 1727 1308 1770 versuum
1334 1714 1444 1792 partes
1472 1704 1526 1769 ad-

128 1812 285 1894 feruntur,
309 1810 371 1874 hoc
395 1811 507 1875 ordine
529 1812 563 1874 in
587 1833 672 1897 spec.
690 1810 763 1875 hist.
780 1810 800 1876 1.
818 1810 919 1877 VIIII
944 1810 1104 1897 capitibus
1128 1831 1162 1873 se
1185 1812 1369 1896 excipiunt:
1402 1809 1526 1874 01131

129 1915 293 2000 ‘Troades
310 1915 482 2001 Thyestes,
499 1914 648 1998 Octavia,
664 1914 825 1981 Hercules
842 1915 937 1997 Oet',
962 1914 1080 1978 111141
1098 1913 1268 1979 ‘Hercules
1284 1914 1357 1998 fur,
1373 1913 1526 1996 Thebais,

128 2019 340 2106 Hippolytus,
375 2019 530 2106 Oedipus,
564 2019 697 2105 Medea,
732 2019 981 2104 Agamemnon'.
1027 2018 1194 2084 deterioris
1228 2029 1338 2084 autem
1371 2019 1528 2084 librorum

129 2126 256 2210 generis
283 2125 382 2188 fuisse
410 2123 588 2210 exemplar,
616 2146 680 2209 quo
706 2146 783 2188 usus
811 2134 859 2187 est
881 2124 1085 2208 Vincentius,
1113 2123 1343 2211 comprobatur
1369 2132 1401 2187 et
1428 2122 1528 2187 titulis

130 2228 297 2311 ίΤ11011010,
320 2228 542 2316 Hippolytus',
566 2237 599 2291 et
622 2229 783 2314 scriptura
804 2251 920 2292 versus
942 2228 1026 2314 Thy.
1048 2228 1110 2292 347
1139 2251 1199 2292 uon
1222 2252 1301 2292 111110
1324 2228 1443 2291 nitidae
1465 2239 1528 2291 tra-

129 2333 179 2397 bes
209 2332 353 2419 (‘trabes'
383 2335 469 2396 enim
492 2331 522 2395 A
546 2332 693 2416 exhibet,
722 2332 828 2397 ‘fores'
852 2332 910 2414 Ε).
956 2332 1044 2418 quod
1075 2334 1101 2396 si
1132 2335 1248 2399 seriem
1277 2332 1528 2418 tragoediarum,

129 2459 212 2523 quae
236 2445 285 2501 est
307 2438 340 2500 in
356 2436 395 2515 A,
420 2458 559 2521 cumea,
583 2458 667 2522 quae
690 2438 723 2500 in
746 2439 910 2523 excerptis
935 2437 1141 2521 conspicitur,
1164 2438 1417 2523 comparaveris,
1440 2438 1529 2502 intel-

127 2544 216 2627 leges
236 2542 382 2606 ordinem
401 2543 606 2606 immutatum
625 2562 705 2605 esse.
745 2550 833 2605 certe
861 2564 900 2606 ea
924 2563 1007 2626 quae
1030 2542 1184 2625 leguntur
1210 2542 1243 2605 in
1267 2564 1294 2605 c.
1318 2541 1381 2605 114
1408 2542 1548 2626 priore,

129 2656 285 2733 excerpta
306 2648 340 2709 in
363 2667 391 2709 c.
415 2646 475 2709 113
498 2646 674 2731 posteriore
697 2645 768 2709 loco
795 2646 947 2731 ponenda
968 2646 1068 2710 fuisse
1091 2646 1237 2733 adparet.
1271 2667 1430 2731 quaeres
1454 2668 1529 2710 eon·

127 2751 276 2816 firmatur
298 2772 345 2834 eo,
369 2750 456 2836 quod
471 2749 662 2816 Vincentius
684 2750 718 2813 in
740 2772 828 2835 spec.
849 2749 923 2815 hist.
946 2750 998 2814 III
1013 2749 1056 2814 59
1079 2750 1255 2814 Herculem
1277 2749 1437 2816 Oetaeum
1459 2750 1530 2815 ulti-

128 2879 217 2921 mum
232 2856 264 2921 in
281 2854 426 2921 Senecae
449 2855 625 2941 tragoediis
648 2855 755 2921 locum
777 2855 923 2920 obtinere
939 2855 1028 2920 dicit.
1056 2857 1121 2921 iam
1142 2858 1345 2941 transpositis
1368 2856 1530 2941 capitibus

129 2961 191 3026 illis
214 2960 306 3025 vides
330 2959 609 3045 Agamemnonem
632 2970 760 3025 sextum
783 2958 891 3024 locum
915 2982 1085 3047 occupare.
1121 2962 1239 3045 quain
1263 2982 1298 3023 re
1320 2959 1530 3026 memorabile

130 3075 179 3130 est
194 3065 238 3151 id,
262 3064 348 3150 quod
363 3064 566 3147 Aldhelmus,
582 3066 639 3151 qui
662 3062 791 3128 saeculo
803 3064 870 3129 VH
889 3067 980 3149 vixit,
1005 3067 1037 3128 in
1053 3064 1136 3129 libro
1160 3065 1211 3129 ‘de
1234 3067 1418 3151 septenario
1441 3065 1530 3131 etde

129 3193 164 3235 re
186 3171 322 3234 metrica
344 3191 384 3232 ac
406 3169 619 3253 grammatica
649 3167 692 3233 ad
715 3167 885 3234 Acisclum
906 3168 1062 3253 regem⁵V
1094 3169 1375 3253 Agamemnonem
1402 3178 1531 3234 sextum

131 3272 289 3360 (Senecae
308 3272 563 3359 tragoediarum)
581 3272 732 3337 volumen
749 3273 837 3338 dicit.
868 3274 965 3358 unde,
981 3274 1015 3338 id
1038 3274 1124 3359 quod
1140 3275 1208 3338 Leo
1230 3275 1391 3340 intellexit
1414 3295 1529 3339 comm.

131 3400 155 3441 0.
178 3399 205 3440 0.
226 3399 259 3462 p.
279 3376 332 3459 41,
360 3377 536 3471 exemplar,
565 3400 607 3441 ex
630 3398 692 3462 quo
716 3377 881 3441 Vincentii
903 3387 1060 3463 excerpta
1082 3377 1257 3462 fluxerunt,
1281 3380 1395 3445 eodem
1418 3379 1530 3444 ordine

132 3482 330 3565 tragoedias,
358 3502 421 3566 quo
449 3482 482 3544 in
510 3480 676 3546 Aldhelmi
704 3480 883 3566 exemplari
911 3481 1056 3567 singulae
1088 3481 1219 3547 fabulae
1246 3506 1281 3548 se
1311 3483 1529 3569 excipiebant,

131 3587 250 3671 positas
279 3585 475 3650 continuisse
498 3587 568 3649 veri
595 3585 699 3650 simile
722 3595 780 3650 est.
826 3585 993 3651 Aldhelmi
1015 3608 1094 3651 vero
1122 3587 1300 3673 exemplar,
1328 3587 1414 3673 quod
1438 3588 1530 3675 quasi

239 3865 257 3931 1)
275 3864 307 3914 In
321 3864 426 3914 Colucii
439 3865 614 3931 epistularum
633 3865 737 3931 sylloge
756 3866 796 3917 011.
810 3882 826 3916 0
838 3866 894 3917 Iob.
908 3868 1036 3933 Rigaceio
1049 3868 1205 3918 Florentiae
1223 3883 1247 3919 a.
1263 3868 1401 3917 1748111
1419 3883 1445 3917 n.
1459 3867 1529 3917 XLI.

133 3966 167 4001 ex
189 3951 239 4001 hae
262 3952 378 4016 epistula
395 3952 525 4017 Peipsrus
547 3953 576 4001 in
598 3953 771 4018 praefationis
795 3953 983 4020 supplemento
1002 3954 1182 4005 VratislavIae
1204 3969 1228 4005 0.
1249 3954 1375 4005 1870011.
1394 3955 1530 4021 panon.

133 4038 168 4069 *I
186 4037 317 4089 nonnulla
336 4038 440 4087 adtulit.
1406 4049 1408 4052 ·

237 4125 258 4191 ²)
277 4123 440 4190 Plerumque
458 4126 568 4175 nomina
586 4127 693 4193 propria
710 4126 788 4176 foede
806 4133 933 4193 corrupta
950 4132 1021 4191 sunt,
1038 4128 1126 4178 veluti
1139 4143 1163 4178 v.
1174 4130 1217 4191 41,
1237 4130 1295 4192 731,
1314 4130 1374 4191 882,
1393 4128 1452 4192 887,
1471 4129 1530 4178 980.

238 4212 259 4276 ³)
278 4213 310 4261 ln
328 4211 524 4277 prolegomenis
542 4212 577 4263 011
594 4214 745 4263 0110οᾶ01011
764 4214 897 4280 quoddam
918 4215 1107 4280 Lugdunense,
1126 4215 1234 4286 eclogas
1252 4230 1268 4265 e
1287 4216 1432 4281 tragoediis
1450 4215 1532 4266 Sene·

134 4315 183 4350 eae
201 4302 350 4361 continens,
368 4300 442 4365 quod
452 4301 509 4350 Leo
521 4301 550 4349 in
564 4301 835 4351 commentationibus
853 4301 1023 4352 inhonorem
1041 4303 1085 4352 Fr.
1099 4303 1251 4367 Btloheleri,
1269 4304 1303 4353 H.
1317 4304 1433 4353 Useneri
1452 4303 1532 4354 editis

137 4403 154 4437 a
171 4388 300 4437 societate
318 4386 455 4452 philologa
472 4387 612 4437 Bonnensi
630 4390 736 4438 01873
755 4389 784 4438 in
802 4388 890 4439 lucem
910 4390 1007 4453 emisit,
1025 4405 1050 4454 p.
1064 4391 1142 4455 29sq.

237 4474 258 4540 ⁴)
277 4474 338 4523 Hoc
356 4474 385 4522 in
408 4473 517 4539 speculo
541 4473 688 4525 nonnullos
706 4490 798 4525 versus
822 4490 838 4526 e
858 4475 977 4526 Senecae
1001 4477 1146 4541 tragoediis
1168 4476 1269 4527 adferri
1297 4478 1352 4527 iam
1374 4477 1486 4528 Richter
1504 4484 1532 4528 et

134 4562 231 4626 Peipsr
249 4562 277 4610 in
296 4560 337 4610 ed.
356 4561 439 4626 praef.
458 4578 486 4628 p.
500 4562 579 4612 XIIII
596 4560 658 4613 adn.
678 4558 710 4593 a*
730 4564 987 4615 animadverterunt.

241 4647 262 4716 ὓ)
281 4646 330 4696 Ed.
349 4648 404 4697 Mai
423 4648 498 4699 class.
512 4654 582 4700 auct.
597 4650 621 4699 V
638 4667 665 4717 p.
678 4650 736 4705 588.
