3392 5067
1434 234 1496 299 169

102 434 193 498 ἵεσαν
214 434 322 521 αὐδήν,
345 431 456 517 hymn.
472 433 558 498 XIX
575 433 721 519 (XVIII)
740 434 780 497 15
803 435 946 501 δονάκων
968 435 1032 497 tiae
1052 434 1189 495 Μοῦσαν
1211 432 1351 515 άθύρων,
1375 420 1498 491 Arehil

106 536 168 601 123
190 537 277 624 ᾄδων
298 531 354 603 ὑπ’
369 539 550 625 αύλητῆρος,
574 537 695 602 Herod.
718 538 736 602 I
761 538 798 600 17
822 538 1027 623 ἐστρατεύετο
1050 536 1084 601 δὲ
1106 536 1170 600 ono
1194 531 1354 619 συρίγγων.

207 635 292 708 Ὑτεό
313 666 377 706 τινι
403 653 453 706 ter
479 642 607 726 legitur,
636 640 685 705 bis
709 642 750 705 de
776 642 846 706 loeo
874 650 1074 725 usurpatum,
1103 638 1247 721 Theogn.
1272 636 1335 699 879
1361 644 1501 723 κορυφῇς

103 750 168 812 lino
193 744 365 832 Τηυγύιοιο
388 746 513 832 (hymn.
537 746 638 810 XVII
652 744 763 832 (XVI)
787 746 807 809 3
832 755 864 809 et
884 744 1040 831 XXXIII
1061 742 1224 829 (XXXII)
1248 741 1269 804 4
1291 742 1354 805 ύιτδ
1379 738 1500 824 Ταϋγέ-

102 874 160 915 του
189 850 340 938 κορυφῇς)
368 861 401 914 et
423 850 486 914 243
507 872 554 936 sq.
577 852 654 916 όταν
685 852 837 938 δνοφερῆς
859 852 922 915 ύττδ
944 853 1077 914 κεύθεσι
1099 845 1188 933 γαίης
1208 846 1212 931 Ι
1232 850 1291 932 βῇς
1316 844 1500 909 πολυκωκύ-

102 978 176 1033 τους
190 956 236 1033 εἰς
250 952 363 1021 Ἀίδαο
379 954 505 1039 δόμους,
522 957 573 1019 eui
589 954 659 1021 loeo
674 976 793 1039 magna
808 954 981 1018 similitudo
999 961 1046 1017 est
1063 973 1136 1015 eum
1152 951 1186 1015 X
1201 947 1265 1013 482
1280 971 1326 1034 sq.
1343 956 1396 1013 νῦν
1411 946 1447 1013 δὲ
1462 952 1500 1011 σὺ

103 1062 166 1144 μὲνΙ
183 1056 296 1126 Ἀίδαο
320 1059 436 1145 δόμους
457 1062 521 1125 end
542 1063 674 1125 κεύθεσι
695 1058 786 1146 γαίης
805 1058 809 1143 Ι
829 1055 975 1144 ἔρχεαιῑ)
993 1066 1104 1121 eontra
1127 1054 1191 1120 Sol.
1210 1054 1259 1136 13,
1277 1053 1317 1117 37
1341 1057 1501 1119 νούσοισιν

103 1161 160 1229 ὑπ’
175 1163 342 1253 άργαίεξησι
365 1160 490 1253 πιεσθῇ
512 1164 562 1228 vis
586 1164 722 1229 causalis
745 1163 916 1228 stamenda
943 1171 992 1225 est
1018 1170 1053 1225 ut
1076 1181 1173 1245 saepe
1197 1159 1283 1244 apud
1307 1159 1498 1237 Homerum,

103 1268 195 1333 velut
218 1275 253 1334 N
272 1268 333 1333 667
357 1270 459 1356 νούσῳ
480 1265 536 1334 ὑπ’
552 1266 687 1357 ἀργαλέη
709 1265 870 1355 φθίσθαι.
916 1268 993 1329 ilem
1017 1266 1081 1332 ύιιό
1103 1288 1135 1330 τι
1161 1265 1201 1328 de
1229 1263 1298 1327 loeo
1326 1270 1501 1346 usurpatur

106 1375 254 1458 exeeptis
274 1373 419 1457 Theogn.
434 1395 487 1438 vv.
507 1372 590 1437 1373
612 1376 676 1437 bad
698 1381 807 1437 πᾶσαν
827 1372 831 1456 l
853 1421 885 1437 ..
908 1367 1015 1458 ἔρχεαι
1037 1366 1190 1458 ἀγγελίην,
1214 1389 1297 1454 quae
1324 1366 1440 1448 verba,
1476 1367 1501 1430 si

104 1476 236 1563 quidem
263 1515 304 1523 —
332 1485 407 1542 sunt
435 1479 522 1541 enim
553 1479 606 1561 qui
634 1475 782 1540 dubitent
808 1514 851 1523 -
879 1498 958 1540 sana
985 1483 1069 1557 sunt,
1098 1473 1149 1537 ‘ad
1173 1472 1329 1537 nuntium’
1356 1470 1430 1557 (auf
1449 1470 1501 1534 die

103 1582 275 1647 Botsehaft
296 1580 366 1668 hin)
390 1566 572 1666 significare
595 1580 755 1645 videntur.

143 1809 181 1896 f)
216 1810 273 1874 De
295 1809 459 1895 reliquis
481 1808 597 1874 rebus
619 1810 657 1873 in
679 1808 1011 1895 praepositIonum
1036 1828 1106 1869 usu
1129 1802 1456 1869 memorabilibus.

208 2002 488 2068 Adverbiorum
511 2004 602 2086 vim,
626 2025 724 2089 quam
739 2004 914 2087 genuinam
930 2000 1029 2064 fuisse
1046 2007 1181 2081 constat,
1197 1997 1451 2083 praepositiones
1466 1998 1500 2059 in

104 2106 291 2192 elegearum
313 2106 456 2192 reliquiis
479 2128 637 2191 nusquam
660 2106 728 2169 fere
751 2106 881 2171 habent.
921 2126 998 2169 sane
1019 2103 1082 2168 duo
1103 2109 1217 2167 extant
1238 2102 1310 2182 1οοί,
1335 2123 1414 2186 quos
1437 2099 1501 2164 huo

103 2210 227 2276 referre
257 2211 368 2292 liceat,
397 2212 460 2276 Sol.
487 2211 519 2294 4,
546 2211 585 2276 15
611 2211 631 2301 ἢ
653 2221 775 2295 σιγῶσα
802 2211 929 2276 σύνοιδε
955 2214 996 2275 τά
1019 2210 1188 2295 4γιγνόμενα
1214 2208 1278 2292 ιιρό
1302 2200 1331 2270 τ’
1345 2205 1439 2270 ἐόντα
1469 2213 1502 2267 et

103 2316 195 2402 Tyrt.
222 2315 272 2398 11,
295 2316 337 2380 32
359 2316 394 2379 ἐν
416 2314 452 2382 δὲ
478 2316 577 2404 λόφον
597 2340 632 2380 τε
659 2316 749 2404 λόφῳ
775 2313 830 2379 καί
852 2313 960 2401 κυνέην
982 2312 1080 2401 κυνέη.
1127 2311 1184 2375 εεδ
1212 2309 1308 2375 Solon
1337 2330 1376 2373 ea
1398 2308 1502 2372 verba

104 2443 148 2485 ex
169 2426 209 2485 A
229 2420 270 2484 70
292 2420 408 2503 hausit,
431 2422 488 2485 ubi
510 2420 628 2505 legitur
650 2419 686 2499 ὃς
706 2421 767 2510 ᾔδη
789 2423 829 2484 τά
848 2413 980 2484 τ’ἐόντα
1001 2421 1041 2483 τά
1060 2412 1090 2482 τ’
1098 2417 1256 2509 ἐσσόμενα
1278 2414 1342 2500 πρό
1360 2408 1501 2494 τ’όόντα,

103 2524 267 2611 Tyrtaeus
297 2547 372 2589 oum
401 2524 479 2590 alibi
509 2534 578 2589 tum
605 2548 642 2589 eo
670 2526 740 2610 ipso
767 2523 847 2606 loon,
875 2526 994 2609 inquo
1021 2521 1193 2587 scribendo
1220 2520 1328 2585 animo
1356 2520 1423 2582 eius
1446 2539 1500 2581 vv.

105 2634 142 2694 N
155 2629 217 2693 130
225 2651 272 2714 sq.
295 2628 471 2718 φράξαντες
494 2631 569 2716 δόρυ
592 2628 692 2716 δουρί,
710 2632 814 2707 σάκος
832 2632 924 2693 σάκει
943 2628 1171 2714 προθελύμνῳ·
1192 2625 1196 2710 l
1215 2622 1315 2703 άστιίς
1329 2618 1379 2709 ἄρ’
1387 2616 1502 2688 ἀσπίδ’
1543 2648 1546 2655 ’

104 2729 216 2819 ἔρειδε,
239 2736 331 2820 κόρυς
357 2740 458 2820 κόρυν,
482 2732 577 2819 άνὲρα
607 2727 724 2821 δ’άνηρ
757 2734 921 2797 obversati
952 2754 1023 2797 esse
1053 2730 1212 2807 videntur,
1237 2728 1371 2793 Homeri
1399 2747 1501 2811 genus

104 2837 237 2902 dicendi
263 2840 309 2902 ita
335 2839 477 2903 imitatus
500 2847 558 2920 est,
582 2847 617 2901 ut
639 2838 736 2902 etiam
762 2838 795 2900 in
818 2836 1013 2901 adhibendis
1036 2834 1160 2899 voculis
1182 2834 1215 2898 ἐν
1237 2831 1282 2917 δέ,
1306 2851 1501 2917 quamquam

104 2941 176 3006 looo
200 2944 299 3007 oitato
320 2964 384 3007 non
406 2934 587 3025 traduntur,
610 2941 699 3005 illum
724 2951 853 3006 secutus
876 2963 946 3004 esse
962 2940 1118 3004 videatur.
1152 2940 1282 3001 tertium
1298 2958 1374 2999 vero
1394 2957 1500 2999 exem-

104 3045 194 3132 plum
229 3068 293 3111 non
328 3055 432 3128 extat3
467 3067 544 3109 nam
571 3046 658 3132 quod
684 3046 796 3130 Bergk
823 3046 968 3129 Theogn.
994 3044 1058 3107 724
1085 3048 1141 3107 σὺν
1169 3038 1198 3108 δ’
1213 3044 1275 3131 ἥβη
1303 3038 1421 3125 γίνεται
1444 3042 1500 3126 ύρ-

103 3149 204 3235 μοδία
226 3151 364 3237 scripsit,
386 3150 420 3214 id
443 3159 531 3216 eerto
554 3150 672 3214 falsum
694 3159 757 3232 est3
788 3148 828 3213 ef.
854 3148 917 3214 Sol.
942 3148 994 3233 24,
1017 3147 1104 3212 unde
1127 3147 1209 3211 haee
1231 3147 1332 3232 petita
1355 3153 1438 3209 sunt.
1472 3204 1474 3207 .

210 3255 294 3320 Satis
321 3254 429 3320 multis
456 3266 565 3320 autem
591 3255 671 3320 locis
697 3263 813 3340 poetae
842 3255 978 3339 elegiaci
1004 3253 1168 3334 tmesim‚
1197 3252 1238 3315 de
1261 3273 1326 3337 qua
1352 3252 1416 3313 iam
1447 3270 1501 3311 ex·

104 3381 227 3446 ponere
249 3362 282 3424 in
306 3361 412 3424 animo
436 3370 494 3443 est,
518 3359 728 3424 admiserunt.
775 3381 854 3445 quos
881 3360 946 3423 iam
973 3357 1153 3421 seeundum
1176 3355 1317 3440 singulas
1340 3353 1501 3439 praeposi-

103 3466 208 3529 tiones
235 3463 377 3549 digestos
405 3464 610 3530 enumerabo.
652 3467 724 3529 άνάε
753 3461 899 3549 Theogn.
924 3462 985 3526 887
1009 3465 1142 3552 κήρυκος
1163 3454 1213 3525 ἀν’
1228 3458 1281 3538 οδς
1303 3454 1354 3541 ίίχε
1378 3457 1419 3543 (Ε
1439 3455 1501 3520 798

103 3570 145 3634 δν
167 3563 197 3634 δ’
210 3568 310 3650 ’ίσχων
330 3568 521 3655 τελαμῶνα).
545 3607 587 3615 -
610 3572 690 3635 dard:
714 3568 859 3651 Theogn.
884 3566 947 3632 883
973 3574 1030 3633 τού
1057 3564 1159 3632 τείνων
1185 3567 1252 3629 ἀπὸ
1278 3564 1335 3648 μὲν
1361 3563 1503 3644 χαλεπὰς

103 3674 273 3752 σκεδάσεις
293 3674 471 3758 μελεδώνας
494 3675 534 3758 (θ
559 3672 630 3755 149,
659 3695 723 3759 quo
749 3695 813 3736 uno
840 3671 910 3736 loeo
937 3675 970 3735 in
993 3692 1074 3735 voee
1096 3669 1368 3735 άντοσκεδαννύναι
1391 3668 1502 3729 tmesis

104 3778 278 3842 statuenda
308 3787 364 3860 est,
399 3775 556 3844 σκέδασον
586 3771 616 3843 δ’
636 3778 706 3844 dno
733 3778 832 3865 κήδεα
862 3775 993 3861 θυμοῦ),
1028 3775 1089 3839 767
1120 3775 1217 3861 τηλοῦ
1243 3796 1277 3838 τε
1307 3775 1406 3850 κακὰς
1435 3773 1502 3835 άιιδ

103 3890 204 3969 κῆρας
227 3885 341 3966 άμύναι
369 3881 414 3967 (Δ
437 3882 475 3944 11
499 3890 596 3970 κῆρας
617 3884 742 3966 ἀμύνει,
770 3890 805 3944 at
826 3884 865 3945 A
888 3880 927 3944 67
951 3884 1026 3970 ημῖν
1048 3881 1114 3945 άττδ
1137 3879 1243 3962 λοιγδν
1266 3875 1406 3961 ἀμῦναι),
1440 3874 1500 3938 891

103 3989 174 4052 uno
202 3985 261 4070 μὲν
286 3989 451 4076 Κήρινθος
480 3986 598 4052 ὄλωλεν
631 3985 687 4071 (ef.
719 4007 761 4048 ex
790 4007 839 4069 gr.
872 3987 900 4051 Θ
926 3984 968 4049 90
998 3987 1064 4051 διεδ
1093 3986 1200 4068 θυμὸν
1229 3980 1382 4065 ὄλεσσεν),
1420 3980 1501 4043 1271

102 4091 301 4179 μαργοσύνης
324 4094 389 4155 άττδ
411 4093 469 4175 μὲν
490 4091 563 4155 νόον
584 4090 705 4169 ὤλεσας
725 4090 847 4155 ἐσθλόν
870 4088 925 4174 (of.
949 4088 1026 4153 ibid.
1052 4087 1124 4169 664,
1149 4086 1205 4151 ubi
1228 4086 1333 4149 eodex
1352 4090 1392 4149 A
1418 4107 1503 4149 ατιο-

215 4370 235 4432 1)
254 4372 295 4420 La
313 4370 404 4420 Roohe
424 4370 467 4434 (ef.
488 4370 562 4436 edit.)
581 4370 635 4421 ύιιδ
654 4387 714 4421 oum
733 4370 900 4421 substantivo
919 4368 1025 4437 δόμους
1043 4370 1171 4435 coniungi
1189 4368 1261 4433 vult3
1286 4369 1332 4418 sed
1355 4384 1414 4417 oum
1433 4367 1504 4417 aliae

104 4473 151 4509 res
168 4486 201 4494 —
219 4459 248 4507 in
266 4458 356 4507 dativo
380 4462 488 4523 propter
510 4472 626 4523 sequens
643 4458 755 4508 verbum
779 4458 913 4519 movendi,
933 4473 994 4507 cum
1012 4455 1110 4506 similia
1128 4455 1252 4521 exempla
1270 4456 1334 4505 satis
1356 4454 1441 4504 multa
1463 4456 1503 4504 in-

104 4546 258 4607 veniantur,
280 4552 394 4594 nonest
416 4543 580 4594 haerendum
599 4550 706 4593 -tum
726 4544 889 4610 Theognidis
908 4560 1008 4606 versus,
1027 4543 1075 4592 ubi
1092 4542 1146 4593 ύιεό
1170 4542 1246 4592 nullo
1270 4548 1347 4608 paeto
1370 4542 1402 4591 ad
1426 4556 1502 4591 aceu-

103 4631 223 4682 sativum
247 4629 353 4697 δόμους
371 4631 463 4680 referri
480 4637 575 4697 potest,
594 4632 708 4695 obstant,
728 4632 871 4697 quominus
888 4631 965 4681 illum
984 4646 1135 4695 sequamur.
