3392 5067
1459 242 1522 308 145
1683 255 1686 265 '

117 426 266 495 ἐπέοικεν
287 437 321 492 et
335 428 480 514 Theogn.
498 427 560 492 897
581 426 957 513 πάντ’...χαλεπαίνειν;
982 431 1100 517 quibus
1121 432 1201 497 locis
1224 432 1370 517 Theogn.
1386 456 1441 498 vv.
1458 433 1522 498 902

119 534 247 598 ἅπαντα
269 535 383 620 σοφός,
408 532 469 597 841
493 537 534 597 τὰ
556 536 613 620 μὲν
635 534 726 616 ἄλλα,
750 532 813 597 873
836 537 955 619 τὰμὲν
979 586 985 600 .
1005 586 1036 603 ..
1060 542 1100 602 τὰ
1124 535 1161 603 δέ
1183 536 1346 601 adiciendi
1370 548 1452 603 sunt.

222 639 359 703 Prorsus
386 648 497 702 autem
519 639 552 702 in
576 638 734 703 adverbia
762 637 913 703 abierunt
939 640 1045 705 πολλά
1072 640 1164 725 Tyrt.
1191 640 1239 719 12,
1263 640 1306 706 25
1333 642 1520 708 πολλὰ

118 742 308 831 ἐληλάμενος
329 753 362 807 et
381 743 528 827 Theogn.
546 742 609 807 619
625 739 774 809 πολλ’...
791 742 988 829 κυλίνόομαι,
1004 744 1046 827 αἱ,
1071 768 1168 831 saepe
1183 744 1274 813 οὐδέν
1292 744 1431 835 (μηδέν),
1454 747 1522 812 otri

122 846 228 934 (με’μι)
253 856 351 933 atque
371 848 540 913 adiectivis
562 858 594 912 et
609 849 718 912 verbis
742 848 966 933 sequentibus,
989 850 1032 914 ad
1056 872 1139 936 quae
1162 849 1290 921 accedit
1313 849 1521 937 d(weshalb)

119 950 264 1037 Theogn.
290 952 353 1017 909
383 951 402 1019 8
430 954 468 1043 δὴ
499 952 554 1020 καὶ
579 950 652 1039 ἐμοὶ
682 953 762 1039 με’μα
788 952 912 1032 πένθος
941 952 1068 1040 ὄρωρεν,
1103 954 1190 1041 quod
1224 954 1312 1041 apud
1342 954 1522 1019 Homerum

118 1056 180 1121 hac
201 1057 333 1143 quidem
347 1059 380 1121 vi
402 1080 579 1143 numquam
599 1060 791 1123 instructum
811 1069 870 1140 est,
895 1058 952 1122 sed
975 1058 1266 1147 Eur.Hec.13sq.
1290 1064 1446 1139 νεώτατος
1461 1056 1491 1126 d'
1502 1058 1522 1145 ἦ

120 1163 329 1247 Πριαμιδῶν·
352 1160 371 1227 ὃ
393 1160 449 1229 καί
470 1187 510 1247 με
532 1171 587 1252 γῆς
607 1162 611 1248 l
630 1160 865 1250 ὑπεξέπεμψεν.

223 1266 313 1347 Quos
335 1266 423 1332 locos
446 1269 472 1331 si
496 1289 570 1331 cum
592 1267 631 1331 iis
656 1268 886 1353 componimus,
912 1269 1029 1354 quibus
1053 1269 1141 1354 apud
1160 1269 1346 1335 Homerum·
1359 1269 1522 1333 adiectiva

117 1370 348 1437 adverbiorum
385 1371 454 1436 fere
490 1382 600 1456 partes
634 1381 860 1458 susceperunt,
898 1374 931 1436 in
959 1373 1053 1438 huius
1088 1372 1285 1438 carminibus
1319 1394 1393 1437 eum
1426 1394 1521 1437 usum

118 1478 219 1543 multo
244 1477 341 1542 latius
368 1488 480 1563 patere
507 1476 602 1542 facile
629 1477 836 1562 intellegitur.
882 1499 988 1563 neque
1015 1478 1049 1542 id
1072 1478 1203 1560 mirum3
1231 1476 1333 1541 multa
1360 1478 1446 1541 enim
1468 1477 1521 1541 ad-

118 1581 242 1660 verbia,
271 1583 304 1647 in
332 1583 443 1668 primis
468 1603 516 1663 ea,
540 1602 623 1667 quae
646 1604 666 1645 a
689 1581 843 1666 stirpibus
870 1584 904 1647 in
926 1605 944 1647 o
968 1580 1162 1651 exeuntibus
1186 1580 1384 1663 derivantur,
1413 1581 1521 1667 paula-

117 1688 176 1751 tim
203 1687 334 1753 demum
361 1688 530 1752 usitatiora
557 1708 627 1751 esse
657 1688 825 1772 incipiunt,
856 1688 901 1751 ita
929 1694 963 1749 ut
989 1685 1131 1771 exempli
1157 1687 1261 1769 gratia
1289 1686 1407 1769 καλῶς,
1435 1684 1522 1771 quod

118 1791 208 1876 apud
230 1792 426 1877 posteriores
449 1793 622 1877 scriptores
645 1792 845 1855 tritissimum
869 1800 926 1873 est,
950 1792 982 1853 in
1005 1790 1108 1855 Iliade
1136 1800 1169 1854 et
1194 1790 1323 1876 hymnis
1351 1790 1522 1855 homericis

118 1918 294 1982 nusquam,
322 1898 356 1961 in
379 1896 521 1983 Odyssia
549 1905 675 1961 tantum
697 1901 720 1979 β
742 1896 794 1972 63,
825 1895 913 1981 apud
936 1886 1116 1959 Hesiodum
1144 1894 1182 1957 fr.
1209 1894 1248 1957 16
1278 1895 1414 1979 legatur.
1460 1916 1522 1960 nec

118 2022 198 2064 sane
220 1999 253 2064 id
276 2003 310 2065 in
333 2000 519 2085 elegearum
540 2002 683 2086 reliquiis
707 2001 904 2085 conspicitur
927 2038 968 2046 -
992 2020 1089 2083 supra
1111 1999 1207 2065 καλόν
1230 2007 1262 2061 et
1282 1999 1364 2063 καλά
1386 2020 1445 2083 pro
1467 1997 1522 2062 ad-

117 2103 240 2169 verbiis
263 2104 328 2169 dici
350 2104 491 2169 vidimus
514 2143 573 2187 -,
606 2104 663 2168 sed
694 2126 737 2167 ex
764 2103 833 2168 aliis
864 2101 962 2168 rebus
993 2102 1087 2167 facile
1122 2103 1259 2188 adparet
1291 2100 1523 2167 adverbiorum

116 2232 213 2274 usum
235 2210 270 2274 in
292 2209 341 2272 hia
365 2209 562 2273 carminibus
589 2211 654 2272 iam
676 2209 772 2272 latius
795 2216 917 2293 patere,
941 2208 1176 2273 adiectivorum
1203 2210 1375 2275 artioribus
1402 2207 1523 2274 finibus

119 2315 287 2379 contineri.
317 2315 435 2379 etenim
459 2315 598 2399 primum
620 2334 780 2398 nusquam
803 2314 877 2395 iam,
901 2313 935 2378 id
951 2314 1038 2399 quod
1059 2336 1155 2399 saepe
1174 2315 1212 2378 fit
1230 2313 1318 2400 apud
1334 2314 1521 2396 Homerum,

118 2418 296 2499 adiectiva,
324 2440 408 2503 quae
437 2419 470 2482 in
500 2418 624 2483 litteras
652 2443 685 2497 ες
711 2418 878 2500 desinunt,
910 2418 1141 2484 adverbiorum
1171 2440 1303 2485 munere
1334 2420 1521 2500 funguntur.

120 2521 239 2587 deinde
260 2527 391 2602 πάντως
416 2524 449 2588 in
472 2522 575 2588 Iliade
598 2532 631 2586 et
653 2522 795 2609 Odyssia
823 2532 873 2586 est
899 2524 1109 2607 rarissimum,
1137 2524 1170 2587 in
1193 2522 1323 2607 elegeis,
1351 2525 1384 2586 in
1411 2523 1523 2607 primis

119 2627 209 2712 apud
232 2626 392 2710 Solonem,
416 2628 659 2693 usitatissimum
686 2636 783 2713 atque
807 2650 871 2691 non
896 2626 1006 2712 solum,
1031 2626 1119 2712 quod
1144 2650 1271 2713 semper
1293 2628 1382 2714 apud
1403 2627 1523 2692 Home-

119 2755 193 2797 rum
219 2731 265 2812 fit,
295 2734 340 2797 ita
367 2742 551 2818 usurpatur,
582 2741 618 2796 ut
646 2754 720 2797 oum
750 2734 921 2815 negatione
952 2734 1176 2815 coniungatur,
1207 2732 1265 2796 sed
1297 2753 1394 2819 saepe
1425 2733 1523 2796 etiam

119 2837 176 2919 ita,
199 2846 235 2900 ut
250 2837 366 2900 vocula
385 2841 422 2903 αὐ
444 2846 561 2901 careat.
600 2845 633 2900 et
655 2836 743 2920 quod
765 2835 852 2924 apud
875 2836 964 2900 illum
989 2837 1177 2924 saepissime
1199 2840 1339 2922 πάμπαν
1361 2845 1394 2901 et
1416 2840 1523 2903 πάντα

121 2951 244 3024 extant,
263 2942 344 3006 haec
358 2943 392 3006 in
409 2941 528 3027 elegeis
543 2943 705 3006 rarissime
721 2943 929 3006 inveniuntur
946 2940 1096 3026 (πάμπαν
1107 2941 1220 3005 Mimn.
1236 2938 1319 3023 14,o
1334 2951 1365 3004 ct
1376 2940 1522 3025 Theogn.

121 3045 209 3129 873).
255 3056 416 3133 postremo
450 3069 514 3112 non
547 3047 664 3111 desunt
696 3045 854 3110 adverbia
887 3047 919 3109 in
954 3045 1087 3130 elegeis,
1122 3067 1181 3130 pro
1215 3044 1332 3130 quibus
1361 3044 1523 3110 Homerus

121 3172 251 3236 semper
277 3150 447 3215 adiectivis
474 3155 588 3234 utitur3
617 3174 692 3216 nam
717 3151 863 3233 Theogn.
888 3149 951 3213 636
982 3146 1138 3235 ἀτρεκέως
1166 3149 1315 3234 traditur,
1349 3151 1402 3214 cui
1434 3150 1523 3236 apud

120 3255 302 3319 Homerum
333 3253 461 3343 ἀτρεκές
490 3258 535 3320 ita
567 3255 754 3341 respondet,
782 3263 819 3319 ut
846 3276 976 3339 semper
1004 3253 1142 3319 verbum
1174 3264 1336 3340 aequatam,
1365 3275 1523 3340 nusquam

121 3371 160 3425 ut
178 3360 267 3446 apud
281 3360 504 3445 Theognidem
521 3360 728 3425 adiectivum.
760 3359 802 3423 ad
823 3359 911 3445 quod
934 3356 1062 3423 accedit
1084 3359 1205 3443 ἐτύμως
1227 3356 1377 3443 Xenoph.
1395 3358 1425 3440 7,
1440 3358 1462 3421 4
1480 3395 1523 3405 -

120 3465 286 3530 Homerus
309 3466 388 3531 dicit
413 3460 528 3550 ἔτυμον
549 3503 605 3547 -,
628 3462 708 3543 ἰ’σως
730 3463 875 3545 Theogn.
893 3461 957 3527 224
975 3472 1007 3527 et
1021 3462 1095 3543 271,
1124 3483 1182 3547 pro
1206 3484 1268 3547 quo
1294 3461 1384 3546 apud
1405 3461 1523 3527 Home-

121 3592 196 3635 rum
218 3592 344 3657 semper
363 3561 437 3637 ἶσον
459 3579 491 3634 et
512 3561 569 3636 ἶσα
591 3569 753 3653 leguntur,
777 3589 915 3652 quarum
937 3567 1115 3632 formarum
1142 3566 1196 3630 illa
1220 3566 1315 3630 etiam
1339 3563 1403 3631 Sol.
1427 3565 1479 3648 24,
1506 3567 1521 3628 1

122 3666 208 3761 (ἶσόν
222 3697 274 3740 τοι
295 3674 498 3757 πλωυεαῦσιν,
525 3675 697 3761 repetitum
719 3671 865 3757 Theogn.
884 3670 961 3759 719)
989 3680 1020 3735 et
1042 3671 1186 3756 Theogn.
1212 3668 1254 3733 82
1282 3661 1367 3756 (ἶσον
1383 3720 1391 3734 .
1409 3720 1415 3733 .
1432 3667 1523 3755 μετέ-

122 3779 204 3865 χειν)
229 3788 330 3862 extat,
355 3780 554 3867 εὐφροσύνως
575 3779 719 3861 Theogn.
738 3776 846 3862 766,¹)
870 3782 1023 3863 καθαρῶς
1045 3775 1189 3859 Theogn.
1217 3772 1277 3836 198
1300 3783 1337 3837 ut
1359 3774 1437 3838 Hes.
1459 3771 1521 3858 Op.

122 3884 186 3947 337
203 3894 235 3947 et
254 3884 366 3971 hymn.
383 3882 489 3969 Apoll.
511 3882 585 3947 Del.
609 3881 669 3946 121
695 3881 847 3968 (utroque
869 3881 940 3946 loco
963 3879 1082 3965 legitur
1104 3882 1205 3965 ἁγνῶς
1226 3876 1281 3945 καὶ
1302 3876 1479 3964 καθαρῶς).

659 4074 692 4160 b)
717 4074 774 4138 De
796 4074 986 4159 genetivo.

231 4215 327 4297 Quod
350 4217 385 4280 in
406 4218 592 4281 accusativo
615 4214 784 4279 tractando
805 4212 948 4276 vidimus
971 4232 1075 4295 neque
1099 4231 1195 4297 saepe
1214 4232 1289 4275 eum
1304 4212 1370 4274 vim
1389 4208 1525 4274 localem

123 4318 247 4386 habere
275 4330 307 4384 et
332 4342 405 4386 raro
432 4342 492 4405 pro
518 4317 820 4406 praepositionibus,
848 4336 932 4401 quae
962 4337 1035 4379 cum
1062 4318 1247 4380 accusativo
1275 4317 1524 4399 coniunguntur,

123 4425 245 4491 suffixa
277 4423 355 4510 legi,
393 4424 481 4490 idem
512 4425 553 4489 de
586 4424 736 4509 genetivo
768 4421 864 4486 valet.
912 4442 987 4484 nam
1022 4420 1164 4503 genetivi
1198 4419 1350 4503 localis,
1385 4418 1426 4483 de
1460 4439 1525 4504 quo

229 4618 250 4686 ¹)
270 4620 434 4671 adverbium
452 4619 503 4669 hoc
521 4618 656 4684 singulare
675 4623 727 4681 est3
747 4617 884 4681 Theognis
896 4617 954 4680 ipse
968 4615 1018 4664 776
1036 4614 1129 4665 eodem
1143 4630 1222 4665 sensu
1239 4613 1269 4665 ἐν
1282 4612 1438 4683 εὐφροσύνῃ
1451 4613 1525 4665 dicit.

175 4714 343 4756 Dissertationes
356 4714 432 4765 philol.
443 4712 534 4757 vindob.
549 4712 588 4753 111.
604 4717 623 4753 1.
1337 4702 1369 4749 10
