3392 5067
170 233 231 297 108

169 425 255 510 quod
286 428 316 489 in
350 426 537 489 universum
560 426 657 489 etiam
681 425 721 488 dc
746 426 881 489 Homeri
904 426 1101 490 carminibus
1124 428 1233 492 valere
1261 430 1411 512 Krueger
1434 431 1487 495 Di.
1511 432 1563 516 56,

171 530 211 595 10
234 539 265 593 61
290 529 330 593 12
353 530 457 593 docet.
505 528 562 593 sed
589 531 755 594 611161166
783 553 817 593 se
844 529 953 613 habet,
977 533 1004 593 si
1028 534 1076 595 vis
1100 534 1289 597 concessiva
1311 535 1483 599 statuenda
1505 546 1564 601 661.

169 657 364 720 quamquam
396 636 481 699 enim
513 656 577 698 non
609 634 724 697 desunt
758 634 830 717 loci,
863 636 918 719 qui
951 638 1118 720 particulis
1149 647 1290 719 careant,
1321 648 1429 703 tamen
1461 650 1492 704 et
1522 640 1565 705 ad

169 740 375 825 participium
408 738 569 803 vocabula
602 739 677 824 πέρ,
712 736 781 820 κατ’,
815 736 932 825 καίπερ
967 742 1129 805 accedunt
1163 752 1194 806 et
1232 743 1274 806 ad
1308 743 1446 807 verbum
1479 744 1565 828 quod

170 844 288 907 dicitur
322 842 449 906 finitum
486 838 591 929 έμπης
625 852 657 905 61
690 840 784 927 ὅμως.
829 865 943 908 verum
978 845 1010 906 in
1045 846 1165 929 elegeis
1201 845 1268 910 sola
1303 848 1459 933 particula
1492 846 1564 933 πέρ,

170 948 261 1011 errius
288 969 365 1010 usus
395 947 482 1031 apud
506 946 684 1011 Homerum
714 946 778 1011 late
809 948 908 1031 patet,
940 950 1052 1033 paucis
1083 959 1173 1013 extat
1204 949 1296 1031 locis,
1328 951 1419 1036 Tyrt.
1447 950 1500 1035 12,
1523 952 1565 1014 32

169 1047 237 1115 ἀλλ’
259 1052 323 1115 ὑπὸ
345 1060 400 1139 γῆς
419 1074 479 1137 περ
502 1050 571 1134 ἐών,
595 1051 693 1115 Phoc.
712 1051 743 1135 9,
759 1052 789 1134 2,
813 1051 959 1135 Theogn.
977 1051 1050 1137 670,
1073 1053 1166 1135 1287,
1190 1053 1281 1118 1280.
1307 1076 1370 1139 qua
1392 1053 1446 1120 κατ’
1469 1057 1564 1119 66116-

168 1156 230 1218 11116
254 1164 311 1218 est.

273 1258 307 1325 Si
334 1268 443 1323 autem
470 1268 501 1323 et
523 1258 578 1324 καί
600 1268 632 1323 61
654 1258 715 1345 πέρ
743 1260 785 1324 ad
808 1260 966 1325 eiusmodi
993 1263 1164 1347 participia
1191 1262 1329 1341 accedit,
1352 1262 1440 1347 apud
1463 1262 1565 1326 Theo-

170 1363 301 1446 gnidem
323 1402 365 1409 —
389 1386 463 1427 nam
488 1364 575 1448 apud
602 1364 688 1428 huno
716 1386 816 1428 unum
839 1387 897 1428 cae
920 1365 1055 1429 voculae
1080 1368 1269 1430 coniunctae
1292 1368 1503 1431 inveniuntur
1524 1408 1566 1414 —

169 1478 224 1532 aut
247 1467 364 1555 καίπερ
388 1476 478 1531 extat
502 1467 588 1554 (710,
614 1467 687 1545 816,
714 1468 811 1553 1060)
840 1478 896 1533 6111
921 1467 976 1534 καί
991 1508 1033 1515 -
1048 1493 1109 1551 περ
1134 1469 1221 1556 (267,
1246 1470 1324 1542 294;
1348 1471 1465 1555 quibus
1488 1471 1566 1535 locis

168 1572 254 1637 adde
278 1572 338 1635 501
369 1570 424 1637 καὶ
450 1574 536 1656 μάλα
559 1596 620 1659 περ
643 1573 806 1657 πινυτοῦ);
842 1573 1004 1637 Homerus
1027 1596 1105 1637 vero
1135 1583 1272 1660 excepto
1301 1597 1333 1638 v.
1357 1600 1376 1663 η
1401 1574 1465 1639 224
1497 1574 1565 1661 (κατ’

169 1702 230 1763 περ
253 1677 359 1742 πολλὰ
381 1672 549 1763 παθόντα)
578 1699 706 1761 semper
728 1676 829 1740 verbo
853 1677 970 1762 aliquo,
994 1678 1081 1762 quod
1108 1700 1256 1763 premere
1277 1678 1361 1759 vult,
1390 1678 1567 1763 particulas

170 1803 223 1845 eas
240 1781 370 1845 dirimit.
404 1782 546 1845 medium
563 1782 661 1863 igitur
677 1781 739 1845 hac
758 1784 843 1845 inre
866 1782 973 1849 locum
989 1792 1103 1866 poetae
1127 1782 1260 1866 elegiaci
1283 1784 1366 1845 inter
1389 1783 1567 1847 Homerum

169 1895 201 1950 61
216 1888 388 1971 scriptores
404 1888 519 1949 atticos
536 1886 691 1950 obtinent.
709 1870 796 1970 quod
812 1886 908 1949 simul
924 1909 967 1950 ex
979 1910 1040 1951 usu
1055 1888 1289 1973 particularum
1306 1884 1409 1975 ἔμπης
1424 1897 1457 1951 61
1472 1887 1565 1971 ὅμως,

170 2013 251 2075 quae
274 1992 351 2053 item
373 2012 436 2053 uno
460 1991 529 2056 loco
547 2000 685 2075 excepto
702 1990 805 2054 solum
820 1991 908 2076 apud
925 1991 1148 2074 Theognidem
1170 2000 1291 2074 extant,
1316 1991 1462 2076 adparet.
1490 2014 1565 2055 nam

169 2094 211 2158 ab
228 2096 363 2158 Homeri
383 2093 582 2158 carminibus
606 2094 661 2179 (61.
678 2094 783 2158 Lehrs
800 2095 819 2158 l.
837 2118 864 2157 c.
883 2118 913 2181 p.
934 2093 1009 2181 156)
1033 2097 1175 2180 itemque
1199 2095 1240 2159 ab
1257 2096 1390 2160 Hesiodi
1414 2095 1566 2181 operibus

170 2201 256 2282 ὅμως
281 2200 409 2262 omnino
434 2198 538 2280 abest,
561 2198 723 2282 Theognis
747 2195 852 2285 έμπης
873 2199 1007 2263 Homeri
1031 2221 1118 2263 more
1143 2209 1175 2263 61
1198 2201 1284 2284 ὅμως
1304 2210 1450 2285 usurpat,
1479 2200 1565 2285 quod

172 2304 356 2367 Mimnermi
373 2323 499 2387 quoque
516 2302 585 2366 loco
604 2304 632 2384 1,
649 2303 679 2385 6,
696 2326 759 2388 quo
775 2302 848 2366 libri
865 2303 1036 2387 praebent:
1059 2314 1162 2391 γῆρας,
1179 2298 1242 2369 ὅτ’
1256 2306 1386 2390 αἰσχρὸν
1404 2303 1491 2388 ὁμῶς
1512 2303 1567 2369 καὶ

171 2408 267 2472 καλὸν
290 2409 390 2493 ἄνδρα
413 2412 510 2489 τιθεῖ,
536 2430 577 2471 61(
593 2407 782 2471 Doederlini
799 2410 986 2472 coniectura
1001 2408 1236 2472 restituendum
1260 2430 1329 2472 esso
1352 2409 1491 2472 videtur.
1526 2409 1567 2473 de

171 2510 305 2595 singulis
328 2533 406 2575 vero
422 2512 501 2576 locis
517 2533 581 2577 non
601 2521 658 2593 661,
684 2533 742 2575 cur
764 2510 866 2575 fusius
890 2521 1014 2594 agatur.
1039 2534 1149 2597 quare,
1177 2514 1328 2598 quoniam
1352 2514 1393 2577 de
1416 2516 1565 2597 genetivo

170 2617 316 2681 absoluto
337 2639 435 2701 supra
454 2618 639 2701 expositum
660 2625 718 2698 661,
745 2619 924 2680 accusativi
947 2617 1085 2681 absoluti
1102 2627 1210 2682 autem
1233 2618 1355 2681 nullum
1380 2617 1566 2701 exemplum

171 2730 271 2806 extat,
295 2724 360 2786 iam
383 2722 424 2785 ad
448 2722 654 2807 participium
677 2722 947 2807 praedicative
970 2724 1110 2807 positum
1132 2724 1269 2787 transire
1293 2744 1472 2808 possumus.

274 2829 420 2891 Primum
442 2828 543 2910 igitur
565 2826 808 2890 observandum
830 2835 889 2907 est,
918 2829 1125 2911 participium
1155 2848 1396 2912 nonnumquam
1422 2847 1496 2890 cum
1520 2848 1568 2890 co-

171 2935 248 3019 pula
262 2925 344 2999 6ἷναι
362 2933 520 3015 coniungi.
551 2932 608 2995 sed
624 2934 651 2995 is
667 2953 753 3013 usus,
777 2952 972 3015 quamquam
988 2932 1077 3016 apud
1093 2932 1293 2996 Herodotum
1317 2941 1348 2995 et
1371 2930 1450 2995 alios
1474 2932 1569 3015 scrip·

171 3048 266 3121 16166,
291 3039 345 3122 qui
373 3046 446 3123 post
473 3046 585 3121 poetas
609 3037 770 3121 elegiacos
793 3037 957 3110 vixerunt,
986 3035 1049 3098 late
1072 3045 1171 3121 patet,
1195 3035 1283 3120 apud
1311 3036 1569 3120 antiquissimum

173 3164 334 3229 quemque
358 3152 495 3227 poetam,
525 3142 558 3205 id
583 3142 670 3227 quod
694 3142 790 3205 etiam
816 3140 856 3203 de
880 3140 999 3223 elegeis
1023 3139 1119 3221 valet,
1148 3141 1215 3203 fere
1239 3141 1409 3225 participio
1432 3140 1570 3225 perfecti

172 3249 294 3332 passivi
318 3269 352 3309 se
376 3247 532 3325 continct3
564 3245 604 3309 cf.
622 3244 702 3309 Call.
729 3245 816 3327 1,12
839 3239 1029 3329 εἱμαρμένον
1052 3243 1153 3324 ἐστίν,
1172 3244 1236 3308 Sol.
1259 3243 1310 3324 27,
1332 3243 1351 3305 9
1374 3241 1571 3331 μεμνημένον

172 3344 264 3433 εἶναι,
288 3351 432 3433 Theogu.
450 3349 513 3413 309
528 3347 728 3433 πεπνυμένος
749 3340 840 3428 εἶναι,
865 3347 926 3411 381
951 3347 1151 3433 κεκριμένον.
1167 3400 1173 3412 .
1188 3401 1194 3414 .
1208 3349 1286 3413 ἐστι.
1316 3347 1357 3411 ad
1381 3370 1461 3432 quos
1484 3347 1570 3411 locos

175 3458 238 3521 duo
260 3455 421 3520 accedunt
443 3457 488 3519 ita
512 3455 700 3540 comparati,
731 3462 764 3516 ut
795 3454 1002 3538 participium
1024 3456 1204 3537 praesentis
1231 3453 1368 3536 legatur,
1392 3451 1490 3537 χρεών
1513 3451 1571 3537 (16-

174 3561 290 3644 tellege
305 3557 406 3646 ἐστίν)
429 3558 574 3642 Theogn.
592 3556 666 3639 564,
691 3557 777 3643 quod
794 3580 857 3619 non
874 3556 961 3640 apud
977 3558 1165 3635 Homerum,
1190 3556 1247 3620 sed
1264 3555 1351 3639 apud
1371 3554 1572 3620 Herodotum

174 3660 764 3747 1616111161,611πιστάμενοςΑ1ο1111.
783 3661 812 3739 1,
831 3659 988 3745 161161μί
1011 3654 1113 3744 o'tyo
1137 3665 1292 3745 θεράπων
1314 3662 1372 3745 μὲν
1393 3656 1572 3725 Ἐνυαλίοιο

175 3770 332 3854 ἄνακτος(
353 3768 407 3835 καὶ
430 3766 589 3833 Μουσέων
612 3768 725 3852 ἐρατὸν
748 3766 851 3849 δῶρον
872 3767 1087 3849 ἐπιστάμενος
1117 3764 1165 3850 (61
1187 3764 1286 3829 Phoc.
1308 3764 1338 3845 3,
1360 3764 1439 3848 6sq.
1465 3815 1472 3828 .
1494 3814 1501 3827 .
1523 3814 1530 3827 .
1553 3766 1573 3851 η

176 3876 210 3940 δέ
233 3872 384 3962 μελίσσης
413 3874 417 3958 Ι
441 3875 609 3954 οἰκονόμος
631 3866 661 3937 τ’
678 3874 787 3957 ἀγαθὴ
810 3868 865 3935 καὶ
887 3868 1061 3935 ἐπίσταται
1083 3867 1300 3954 ἐργάζεσθαι).
1326 3868 1383 3931 sed
1407 3867 1487 3931 haec
1503 3890 1571 3952 par-

176 3980 287 4063 ticipia
311 3977 366 4063 (cf.
384 3975 604 4061 ἐπισταμένως
627 3974 863 4059 Τ1166ς11212,
881 3974 958 4060 676)
982 3996 1086 4059 paene
1110 3973 1342 4036 adiectivorum
1365 3975 1467 4036 instar
1490 3980 1572 4033 sunt.

177 4092 276 4147 restat
300 4104 381 4145 unus
404 4082 504 4165 locus,
533 4103 595 4167 quo
620 4104 694 4145 cum
717 4078 817 4143 verbo
844 4074 926 4159 έχων
953 4078 1159 4162 participium
1185 4078 1295 4140 aoristi
1322 4086 1391 4140 arte
1419 4073 1492 4138 cum
1520 4074 1574 4138 illo

178 4187 354 4252 cohaerens
378 4186 420 4249 ad
451 4195 570 4250 statum
599 4183 850 4269 significandum
875 4183 1089 4265 coniungitur,
1120 4180 1266 4264 Theogn.
1290 4180 1371 4243 1061
1386 4201 1431 4263 sq.
1456 4173 1488 4243 oi
1517 4181 1575 4262 μὲν

177 4297 234 4379 γὰρ
257 4293 416 4378 κακότητα
440 4295 698 4376 κατακρύψαντες
728 4284 854 4367 έχουσιν
875 4288 880 4367 Ι
898 4286 1027 4372 πλούτῳ
1059 4283 1257 4370 (contectum
1290 4282 1436 4366 habent).
1483 4284 1575 4345 cuius

177 4420 254 4461 usus
279 4395 465 4481 exemplum
489 4395 611 4457 nullum
635 4392 722 4477 apud
746 4390 925 4453 Homerum
948 4398 1047 4469 extat,
1071 4391 1211 4472 primum
1234 4388 1322 4472 apud
1351 4388 1429 4451 Hes.
1447 4384 1509 4471 Op.
1533 4386 1577 4449 42

130 4538 133 4543 ·
177 4506 356 4588 κρύψαντες
381 4505 440 4586 γὰρ
468 4494 578 4581 έχουσι
606 4496 682 4563 dccl
709 4494 782 4578 βίον
811 4497 1047 4575 ἀνθρώποισιν,
1075 4493 1176 4557 multa
1203 4493 1291 4576 apud
1318 4491 1518 4556 Herodotum
1546 4499 1579 4553 et

179 4607 313 4672 Atticos.
