3392 5067
1458 253 1522 318 325

123 439 320 504 Philemonis
347 462 430 525 quae
459 439 618 525 dicitnu,¹)
644 443 678 506 in
701 463 816 505 versus
839 443 929 505 exitu
953 441 1135 526 corruptela
1157 442 1351 525 glossemate
1375 452 1445 509 orta
1468 443 1521 510 de·

123 541 343 628 prehenditur.
381 553 479 629 atque
494 543 747 609 luculentissime
763 545 796 608 id
813 545 1010 630 conspicitur
1025 546 1059 608 in
1076 544 1113 610 fr.
1133 543 1223 629 179„
1245 544 1302 610 uhi
1322 570 1380 632 pro
1403 547 1520 633 glosse-

125 657 210 712 mate
233 648 443 713 scribendum
466 659 515 713 est
538 656 594 712 aut
617 671 691 713 cum
711 649 875 714 Meinekio
897 645 991 736 τρίχα
1013 657 1070 712 aut
1091 649 1198 736 potius
1222 671 1296 715 cum
1316 651 1443 716 Kockio
1465 655 1521 718 κό-

123 775 193 837 μην,
217 762 249 816 et
271 753 303 816 in
331 753 370 816 fr.
397 752 487 836 169„
510 753 566 817 ubi
589 752 741 818 facillime
764 775 823 840 pro
846 753 955 837 ὁμιλεῖ
974 773 1048 818 cum
1071 753 1235 817 Meinekio
1259 763 1334 842 συνῇΙ
1356 758 1521 840 reponitur

124 866 180 919 aut
203 878 277 922 cum
300 856 339 920 G.
358 857 546 923 Hermanno
568 857 652 922 Mus.
677 857 780 922 Rhen.
801 857 841 935 V,
866 857 927 920 611
952 857 1041 946 λαλῇ.
1080 856 1194 920 eodem
1217 857 1312 922 modo
1338 858 1415 942 168,
1439 860 1520 946 glos·

125 967 247 1024 somate
277 961 445 1046 διδόμενον
472 961 636 1047 adscripto
659 984 727 1025 vox
749 963 892 1045 genuina
917 958 1049 1042 excidit,
1073 971 1170 1046 atque
1194 960 1272 1025 mihi
1296 960 1428 1047 quidem
1451 985 1518 1028 sen-

123 1065 224 1127 tentia
251 1065 481 1129 condicionalis
508 1068 630 1152 perisse
658 1065 798 1146 videtur,
827 1086 925 1150 quam
952 1065 1188 1130 restituendam
1213 1075 1291 1151 puto
1319 1067 1373 1149 ita,
1403 1076 1439 1130 ut
1464 1077 1521 1132 aut

124 1190 198 1231 cum
219 1165 330 1233 Grotio
353 1169 391 1233 tv
413 1171 481 1254 μαι)
502 1168 626 1249 εὐνοίας
648 1170 746 1258 διδῷς
768 1177 833 1252 aut,
858 1170 891 1233 in
914 1168 1000 1254 quod
1022 1170 1092 1253 ipse
1114 1169 1215 1233 incidi
1238 1170 1325 1259 δοθῇ
1349 1171 1519 1236 scribatur.

123 1271 188 1334 iam
211 1293 285 1336 cum
308 1272 358 1338 his
374 1273 534 1358 exemplis
548 1274 750 1361 perlustratis
766 1274 944 1338 viderimus
968 1274 1096 1359 saepius
1119 1273 1314 1356 glossemata
1335 1277 1519 1363 inrepsisse,

124 1376 221 1442 etiam
249 1378 283 1440 in
310 1376 348 1440 fr.
376 1376 453 1458 102,
479 1375 622 1464 ἀσφαλές
648 1377 809 1461 glossema
836 1399 907 1440 esse
934 1386 1022 1463 puto,
1050 1399 1109 1462 pro
1137 1399 1199 1462 quo
1228 1380 1452 1463 reponendum
1480 1382 1520 1444 sit

123 1500 197 1542 cum
218 1478 370 1547 Dohraeo
393 1489 450 1544 aut
472 1480 574 1568 σαφές
592 1491 649 1546 aut
669 1481 756 1567 quod
776 1480 973 1568 respondeat
992 1483 1101 1544 versui
1121 1483 1215 1545 tertio
1234 1482 1348 1562 καλῶς.
1386 1485 1519 1549 minime

122 1590 230 1648 autem
257 1606 314 1671 pro
342 1588 512 1651 ἀκούουσιν
539 1608 613 1650 cum
635 1585 800 1650 Meinelrio
827 1585 974 1650 κλύουσιν
1004 1586 1037 1648 in
1064 1593 1179 1669 poetae
1207 1587 1322 1650 comici
1344 1585 1446 1653 verba
1472 1589 1519 1652 in·

123 1685 261 1751 trudam.

226 1859 426 1947 Ctesippum,
451 1862 612 1928 Ohabriae
635 1863 747 1948 filium,
771 1864 812 1929 de
840 1883 903 1948 quo
926 1862 1029 1927 verba
1056 1862 1136 1926 facit
1161 1863 1313 1949 Diphilus
1340 1866 1373 1928 in
1401 1863 1440 1928 fr.
1464 1864 1517 1946 38,

122 1965 284 2030 hominem
305 1966 597 2033 luxuriosissimum
618 1955 718 2031 fuisse
734 1969 832 2032 etiam
852 1990 896 2031 ex
911 1966 1045 2031 Timocl.
1067 1966 1104 2030 fr.
1122 1967 1142 2031 5
1159 1976 1191 2030 et
1206 1967 1377 2031 Menandri
1398 1967 1437 2031 fr.
1455 1968 1518 2032 363

123 2070 237 2135 elucet.
284 2078 381 2155 atque
410 2093 447 2134 eo
474 2071 623 2136 luxuriae
653 2073 810 2158 processit
835 2071 900 2153 ille,
923 2081 959 2135 ut
986 2071 1087 2156 ipsius
1115 2072 1216 2154 patris
1240 2073 1288 2134 sui
1308 2074 1517 2153 monumenti,

121 2196 194 2240 cum
216 2175 438 2257 extruebatur,
466 2176 622 2241 venderet
650 2174 783 2261 lapides.
792 2175 818 2253 ²)
854 2175 940 2261 quod
969 2196 1009 2237 ne
1038 2195 1132 2258 porro
1155 2174 1263 2238 facere
1286 2183 1395 2260 posset
1417 2185 1517 2261 utque

121 2289 367 2345 monumentum
389 2280 522 2344 tandem
545 2280 768 2360 conficeretur,
792 2282 900 2344 iocose
924 2277 1056 2364 quidam
1079 2278 1166 2362 apud
1188 2277 1358 2362 Diphilum
1381 2279 1460 2343 dicit
1483 2300 1517 2343 se

121 2383 226 2466 legem
249 2382 390 2449 laturum
405 2385 519 2466 ¹fuisse,
541 2393 577 2448 ut
599 2384 732 2468 singulis
754 2384 846 2447 annis
869 2404 952 2445 unus
976 2382 1058 2467 lapis
1080 2392 1263 2468 poneretur,
1288 2383 1345 2446 sed
1369 2384 1395 2446 is
1418 2384 1516 2448 mola-

122 2489 175 2568 ris,
202 2509 243 2552 ne
271 2499 380 2571 posset
407 2493 538 2573 moveri,
566 2497 664 2574 atque
691 2487 774 2565 vilis,
803 2509 843 2550 ne
872 2507 988 2573 operae
1017 2487 1155 2571 pretium
1184 2494 1268 2549 esset
1295 2508 1369 2551 eum
1397 2509 1517 2552 venum

123 2591 210 2655 dare.
255 2591 408 2656 facillima
430 2595 516 2657 enim
538 2602 635 2677 atque
660 2593 839 2657 certissima
863 2592 1048 2655 coniectura
1064 2589 1211 2654 Kookius
1234 2591 1267 2653 in
1290 2613 1321 2653 v.
1344 2591 1365 2654 5
1389 2593 1518 2678 scripsit

121 2692 192 2761 κατ’
207 2696 349 2761 ἐνιαυτὸν
371 2695 425 2762 ἕνα
448 2696 584 2782 (θεῖναι)
606 2694 713 2778 λίθον,
733 2697 874 2782 primum
897 2697 971 2780 quia
994 2693 1148 2758 facillime
1168 2697 1278 2758 θεῖναι
1300 2704 1373 2779 post
1394 2693 1449 2760 ἕνα
1471 2697 1517 2758 in-

122 2798 281 2864 tercidere
304 2802 408 2883 potuit
430 2810 561 2885 propter
584 2803 713 2886 apicum
735 2800 987 2876 similitudinem,
1011 2797 1127 2862 deinde
1151 2799 1226 2883 quia
1250 2799 1370 2883 optime
1393 2801 1427 2864 in
1450 2822 1518 2864 sen-

122 2928 193 2970 sum
209 2905 357 2990 quadrat,
382 2905 415 2968 id
436 2905 522 2991 quod
539 2906 580 2969 de
596 2906 789 2969 coniecturis
806 2903 964 2968 Erfurdtii
980 2901 1035 2968 ἕνα
1050 2902 1188 2990 (φαγεῖν)
1203 2896 1299 2969 λίθον
1315 2914 1347 2967 et
1362 2903 1520 2968 Meinekii

122 3006 164 3075 ἕν)
184 3009 328 3094 (loaysia)
355 3007 452 3074 λίθον
478 3010 609 3073 minime
637 3008 819 3093 praedicari
846 3016 960 3092 potest.
989 3045 1032 3054 -—
1058 3006 1230 3070 Menandri
1258 3007 1297 3070 fr.
1326 3007 1391 3071 644
1416 3006 1519 3072 verba

122 3112 251 3196 tradita,
275 3135 358 3199 quae
382 3135 513 3177 sensum
537 3115 691 3198 optimum
715 3113 884 3199 praebent,
907 3112 1025 3176 retinui
1040 3132 1147 3196 neque
1163 3110 1284 3174 Kookii
1301 3113 1519 3177 coniecturam

122 3221 222 3307 ἀτυχῇ
244 3241 293 3296 τις
315 3241 373 3303 pro
395 3223 473 3308 τύχη
495 3242 545 3298 τις
566 3218 738 3303 amplexus
762 3239 842 3281 sum.
868 3255 909 3263 -
932 3215 1114 3301 Hipparchi
1137 3214 1176 3278 fr.
1201 3216 1235 3294 1,
1260 3226 1297 3281 ut
1323 3219 1519 3302 restituatur,

124 3344 166 3385 ex
195 3322 347 3387 Meinekii
379 3324 539 3386 sententia
569 3322 653 3386 duae
684 3330 813 3407 praesto
844 3329 917 3383 sunt
947 3321 1030 3401 viae,
1061 3329 1097 3383 ut
1127 3329 1182 3383 aut
1211 3318 1398 3408 ψυκτηρίαν,
1432 3321 1519 3406 quod

123 3428 363 3491 commendavit
384 3426 563 3508 Iacobsius,
581 3425 632 3489 vel
652 3428 827 3513 ψυκτήριον
849 3447 907 3510 pro
929 3433 1076 3513 ψυκτῆρα
1099 3434 1154 3488 aut
1173 3422 1343 3508 κυμβίδιον
1363 3446 1421 3511 pro
1441 3427 1520 3511 κύμ-

123 3536 197 3613 βιον
225 3532 394 3597 scribatur.
433 3532 491 3595 sed
519 3533 546 3593 si
575 3529 759 3615 diligentius
785 3551 855 3595 rem
881 3531 1071 3615 inspexeris,
1101 3527 1203 3593 altera
1224 3538 1350 3592 tantum
1373 3541 1520 3595 remanet

124 3636 318 3700 emendandi
346 3638 436 3701 ratio.
476 3639 616 3720 primum
640 3637 727 3699 enim
749 3635 906 3699 audacius
928 3634 1059 3697 videtur
1080 3655 1201 3697 novum
1223 3633 1419 3699 vocabulum
1441 3659 1520 3721 κυμ-

122 3739 231 3823 βίδιον
258 3740 320 3806 hoc
349 3740 419 3807 loco
446 3762 618 3824 reponere,
649 3739 736 3825 quod
764 3740 892 3804 omnino
919 3760 983 3802 non
1016 3740 1161 3824 repperi,
1193 3738 1311 3802 deinde
1341 3737 1518 3827 ψυκτηρίαν

124 3845 368 3912 commendatur
391 3845 583 3930 Euphronis
613 3845 651 3909 fr.
683 3843 761 3928 3,.³)
799 3845 840 3907 de
871 3845 909 3906 iis
937 3841 1096 3926 versibus,
1126 3843 1181 3928 qui
1209 3864 1319 3908 eorum
1348 3864 1430 3928 quae
1458 3844 1519 3908 hac

124 3950 311 4035 quaestione
340 3949 523 4012 efficientur
549 3951 674 4014 ratione
701 3948 813 4014 hahita
840 3957 934 4012 erunt
957 3946 1160 4024 emendandi,
1185 3949 1250 4012 suis
1272 3947 1352 4011 locis
1375 3970 1519 4033 agemus.

124 4053 181 4117 ubi
207 4063 315 4118 autem
337 4076 416 4118 vera
443 4053 537 4117 lectio
565 4075 629 4117 non
653 4064 719 4140 tam
741 4052 836 4117 facile
861 4052 929 4116 erui
953 4059 1089 4137 poterat,
1113 4051 1168 4116 sed
1194 4052 1399 4118 coniectandi
1423 4041 1519 4118 daba-

229 4370 249 4431 1)
269 4369 308 4418 cf.
332 4368 506 4418 Studemund.
530 4367 584 4418 ind.
608 4368 669 4420 lect.
692 4371 766 4420 univ.
785 4369 930 4421 Vratislav.
953 4384 976 4419 a.
998 4369 1063 4418 1887
1088 4373 1115 4417 et
1137 4368 1224 4420 Rock.
1247 4371 1275 4418 in
1298 4369 1380 4436 praet.
1400 4368 1452 4419 vol.
1471 4370 1519 4420 111.

230 4457 250 4522 ²)
271 4457 309 4506 Cf.
328 4456 468 4506 Menandri
486 4457 552 4522 363,
572 4447 634 4521 κᾷθ’
654 4458 688 4512 ὡς
706 4455 807 4514 ἐκεῖνος
826 4455 990 4524 (Ctesippus)
1007 4454 1159 4524 κατέδομαι
1177 4457 1303 4513 καὶτοὺς
1321 4456 1423 4513 λίθους.

229 4544 250 4609 ³)
269 4545 345 4594 Haec
363 4545 518 4593 coniectura
536 4543 698 4610 probabilior
716 4544 781 4594 mihi
799 4560 858 4596 esse
875 4543 982 4595 videtur
1000 4559 1080 4610 quam
1100 4542 1171 4610 quod
1190 4558 1275 4610 nuper
1298 4546 1436 4610 proposuit
1457 4545 1519 4595 Kai-

125 4631 212 4682 belius
231 4633 259 4680 in
278 4631 410 4680 Athenaei
428 4630 547 4680 editione
564 4633 614 4680 καί
628 4635 673 4696 (τι)
691 4629 816 4698 κύμβιον.
