<?xml version="1.0" encoding="UTF-8"?>
<!DOCTYPE html PUBLIC "-//W3C//DTD XHTML 1.0 Transitional//EN"
    "http://www.w3.org/TR/xhtml1/DTD/xhtml1-transitional.dtd">
<html xmlns="http://www.w3.org/1999/xhtml" xml:lang="en" lang="en">
 <head>
  <title>
</title>
<meta http-equiv="Content-Type" content="text/html;charset=utf-8" />
  <meta name='ocr-system' content='tesseract 3.04.00' />
  <meta name='ocr-capabilities' content='ocr_page ocr_carea ocr_par ocr_line ocrx_word'/>
</head>
<body>
  <div class='ocr_page' id='page_1' title='image "./dissertationesp04wiengoog_0238.png"; bbox 0 0 3392 5067; ppageno 0'>
   <div class='ocr_carea' id='block_1_1' title="bbox 1464 221 1616 322">
    <p class='ocr_par' dir='ltr' id='par_1_1' title="bbox 1464 221 1616 322">
     <span class='ocr_line' id='line_1_1' title="bbox 1464 221 1616 322; baseline -0.013 -37"><span class='ocrx_word' id='word_1_1' title='bbox 1464 221 1534 322; x_wconf 87' lang='grc'>227</span> <span class='ocrx_word' id='word_1_2' title='bbox 1611 229 1616 239; x_wconf 85' lang='grc'><em>“</em></span> 
     </span>
    </p>
   </div>
   <div class='ocr_carea' id='block_1_2' title="bbox 137 409 1536 609">
    <p class='ocr_par' dir='ltr' id='par_1_2' title="bbox 137 409 1536 609">
     <span class='ocr_line' id='line_1_2' title="bbox 137 409 1536 501; baseline -0.001 -22"><span class='ocrx_word' id='word_1_3' title='bbox 137 412 211 479; x_wconf 86' lang='lat' dir='ltr'>Dic.</span> <span class='ocrx_word' id='word_1_4' title='bbox 235 414 269 479; x_wconf 83' lang='grc' dir='ltr'>ἐν</span> <span class='ocrx_word' id='word_1_5' title='bbox 295 413 378 501; x_wconf 78' lang='grc' dir='ltr'><em>τῷόε</em></span> <span class='ocrx_word' id='word_1_6' title='bbox 406 410 487 499; x_wconf 87' lang='grc' dir='ltr'><em>πρός</em></span> <span class='ocrx_word' id='word_1_7' title='bbox 513 418 586 491; x_wconf 90' lang='grc' dir='ltr'><em>τοὺς</em></span> <span class='ocrx_word' id='word_1_8' title='bbox 609 414 774 498; x_wconf 77' lang='grc' dir='ltr'><strong><em>συμπότας</em></strong></span> <span class='ocrx_word' id='word_1_9' title='bbox 801 409 1000 499; x_wconf 80' lang='grc' dir='ltr'><em>θωρήξομαι.</em></span> <span class='ocrx_word' id='word_1_10' title='bbox 1046 421 1189 476; x_wconf 89' lang='lat' dir='ltr'>ceterum</span> <span class='ocrx_word' id='word_1_11' title='bbox 1218 412 1332 477; x_wconf 91' lang='lat' dir='ltr'>eodem</span> <span class='ocrx_word' id='word_1_12' title='bbox 1356 414 1451 477; x_wconf 90' lang='lat' dir='ltr'>modo</span> <span class='ocrx_word' id='word_1_13' title='bbox 1474 414 1536 479; x_wconf 91' lang='lat' dir='ltr'>hoc</span> 
     </span>
     <span class='ocr_line' id='line_1_3' title="bbox 138 516 1536 609; baseline 0.001 -26"><span class='ocrx_word' id='word_1_14' title='bbox 138 519 240 583; x_wconf 84' lang='lat' dir='ltr'>verbo</span> <span class='ocrx_word' id='word_1_15' title='bbox 258 518 442 601; x_wconf 80' lang='lat' dir='ltr'><strong>Anacreon,</strong></span> <span class='ocrx_word' id='word_1_16' title='bbox 459 517 657 600; x_wconf 79' lang='lat' dir='ltr'>Theognidis</span> <span class='ocrx_word' id='word_1_17' title='bbox 674 517 826 601; x_wconf 89' lang='lat' dir='ltr'>aequalis,</span> <span class='ocrx_word' id='word_1_18' title='bbox 843 540 921 581; x_wconf 90' lang='lat' dir='ltr'>usus</span> <span class='ocrx_word' id='word_1_19' title='bbox 937 538 1009 580; x_wconf 90' lang='lat' dir='ltr'>esse</span> <span class='ocrx_word' id='word_1_20' title='bbox 1025 516 1171 603; x_wconf 58' lang='lat' dir='ltr'>fertum),</span> <span class='ocrx_word' id='word_1_21' title='bbox 1193 518 1233 582; x_wconf 87' lang='lat' dir='ltr'>cf.</span> <span class='ocrx_word' id='word_1_22' title='bbox 1252 541 1281 603; x_wconf 88' lang='lat' dir='ltr'>p.</span> <span class='ocrx_word' id='word_1_23' title='bbox 1302 517 1372 582; x_wconf 83' lang='lat'>158.</span> <span class='ocrx_word' id='word_1_24' title='bbox 1393 520 1536 609; x_wconf 83' lang='grc' dir='ltr'><em>-ἰαχή</em></span> 
     </span>
    </p>
   </div>
   <div class='ocr_carea' id='block_1_3' title="bbox 137 620 1651 813">
    <p class='ocr_par' dir='ltr' id='par_1_3' title="bbox 137 620 1651 813">
     <span class='ocr_line' id='line_1_4' title="bbox 137 620 1633 709; baseline 0 -23"><span class='ocrx_word' id='word_1_25' title='bbox 137 626 170 688; x_wconf 92' lang='lat' dir='ltr'>in</span> <span class='ocrx_word' id='word_1_26' title='bbox 197 622 301 687; x_wconf 84' lang='lat' dir='ltr'>Iliade</span> <span class='ocrx_word' id='word_1_27' title='bbox 323 645 386 686; x_wconf 92' lang='lat' dir='ltr'>uno</span> <span class='ocrx_word' id='word_1_28' title='bbox 417 621 487 685; x_wconf 94' lang='lat' dir='ltr'>loco</span> <span class='ocrx_word' id='word_1_29' title='bbox 511 630 650 705; x_wconf 83' lang='lat' dir='ltr'>excepto</span> <span class='ocrx_word' id='word_1_30' title='bbox 682 620 726 707; x_wconf 88' lang='lat'>(0</span> <span class='ocrx_word' id='word_1_31' title='bbox 750 621 813 684; x_wconf 77' lang='grc'>275</span> <span class='ocrx_word' id='word_1_32' title='bbox 842 624 908 685; x_wconf 81' lang='grc' dir='ltr'>ὑπὸ</span> <span class='ocrx_word' id='word_1_33' title='bbox 938 622 1029 709; x_wconf 78' lang='grc' dir='ltr'><em>ἰαχῆς</em></span> <span class='ocrx_word' id='word_1_34' title='bbox 1059 644 1103 685; x_wconf 89' lang='lat' dir='ltr'>sc.</span> <span class='ocrx_word' id='word_1_35' title='bbox 1129 644 1246 685; x_wconf 87' lang='lat' dir='ltr'>canum</span> <span class='ocrx_word' id='word_1_36' title='bbox 1279 632 1310 686; x_wconf 89' lang='lat' dir='ltr'>et</span> <span class='ocrx_word' id='word_1_37' title='bbox 1333 623 1536 708; x_wconf 77' lang='lat' dir='ltr'>venantium)</span> <span class='ocrx_word' id='word_1_38' title='bbox 1630 649 1633 652; x_wconf 94' lang='lat'>·</span> 
     </span>
     <span class='ocr_line' id='line_1_5' title="bbox 138 724 1651 813; baseline -0.001 -23"><span class='ocrx_word' id='word_1_39' title='bbox 138 750 266 813; x_wconf 83' lang='lat' dir='ltr'>semper</span> <span class='ocrx_word' id='word_1_40' title='bbox 290 728 329 791; x_wconf 91' lang='lat' dir='ltr'>de</span> <span class='ocrx_word' id='word_1_41' title='bbox 355 726 574 812; x_wconf 81' lang='lat' dir='ltr'>pugnantibus</span> <span class='ocrx_word' id='word_1_42' title='bbox 590 734 776 810; x_wconf 87' lang='lat' dir='ltr'>usurpatur,</span> <span class='ocrx_word' id='word_1_43' title='bbox 799 727 832 787; x_wconf 91' lang='lat' dir='ltr'>in</span> <span class='ocrx_word' id='word_1_44' title='bbox 849 724 1002 810; x_wconf 82' lang='lat' dir='ltr'>Odyssia,</span> <span class='ocrx_word' id='word_1_45' title='bbox 1027 728 1141 809; x_wconf 87' lang='lat' dir='ltr'>inqua</span> <span class='ocrx_word' id='word_1_46' title='bbox 1162 736 1288 789; x_wconf 85' lang='lat' dir='ltr'>tantum</span> <span class='ocrx_word' id='word_1_47' title='bbox 1310 726 1386 790; x_wconf 93' lang='grc' dir='ltr'>λ43</span> <span class='ocrx_word' id='word_1_48' title='bbox 1408 726 1535 811; x_wconf 86' lang='lat' dir='ltr'>legitur,</span> <span class='ocrx_word' id='word_1_49' title='bbox 1647 769 1651 775; x_wconf 77' lang='lat'><strong>·</strong></span> 
     </span>
    </p>
   </div>
   <div class='ocr_carea' id='block_1_4' title="bbox 134 829 1567 4256">
    <p class='ocr_par' dir='ltr' id='par_1_4' title="bbox 134 829 1567 4256">
     <span class='ocr_line' id='line_1_6' title="bbox 139 829 1535 916; baseline 0.001 -21"><span class='ocrx_word' id='word_1_50' title='bbox 139 831 179 895; x_wconf 92' lang='lat' dir='ltr'>de</span> <span class='ocrx_word' id='word_1_51' title='bbox 204 834 345 895; x_wconf 84' lang='lat' dir='ltr'>mortuis.</span> <span class='ocrx_word' id='word_1_52' title='bbox 392 832 478 916; x_wconf 93' lang='lat' dir='ltr'>quod</span> <span class='ocrx_word' id='word_1_53' title='bbox 501 840 610 895; x_wconf 90' lang='lat' dir='ltr'>autem</span> <span class='ocrx_word' id='word_1_54' title='bbox 633 830 674 893; x_wconf 89' lang='lat' dir='ltr'>de</span> <span class='ocrx_word' id='word_1_55' title='bbox 698 830 800 894; x_wconf 88' lang='lat' dir='ltr'>Iliade</span> <span class='ocrx_word' id='word_1_56' title='bbox 824 829 919 913; x_wconf 86' lang='lat' dir='ltr'>valet,</span> <span class='ocrx_word' id='word_1_57' title='bbox 943 830 1030 893; x_wconf 88' lang='lat' dir='ltr'>idem</span> <span class='ocrx_word' id='word_1_58' title='bbox 1054 831 1085 891; x_wconf 91' lang='lat' dir='ltr'>in</span> <span class='ocrx_word' id='word_1_59' title='bbox 1110 830 1247 894; x_wconf 89' lang='lat' dir='ltr'>Hesiodi</span> <span class='ocrx_word' id='word_1_60' title='bbox 1270 832 1415 895; x_wconf 90' lang='lat' dir='ltr'>carmina</span> <span class='ocrx_word' id='word_1_61' title='bbox 1439 832 1535 898; x_wconf 87' lang='lat' dir='ltr'>eadit.</span> 
     </span>
     <span class='ocr_line' id='line_1_7' title="bbox 138 933 1535 1025; baseline 0 -25"><span class='ocrx_word' id='word_1_62' title='bbox 138 958 202 1000; x_wconf 92' lang='lat' dir='ltr'>non</span> <span class='ocrx_word' id='word_1_63' title='bbox 219 937 399 1007; x_wconf 84' lang='lat' dir='ltr'>consentire</span> <span class='ocrx_word' id='word_1_64' title='bbox 416 957 490 998; x_wconf 91' lang='lat' dir='ltr'>cum</span> <span class='ocrx_word' id='word_1_65' title='bbox 513 934 561 997; x_wconf 91' lang='lat' dir='ltr'>his</span> <span class='ocrx_word' id='word_1_66' title='bbox 578 934 803 1017; x_wconf 87' lang='lat' dir='ltr'>Theognidem</span> <span class='ocrx_word' id='word_1_67' title='bbox 826 956 869 1001; x_wconf 81' lang='lat' dir='ltr'>ex</span> <span class='ocrx_word' id='word_1_68' title='bbox 885 956 939 997; x_wconf 87' lang='lat' dir='ltr'>vv.</span> <span class='ocrx_word' id='word_1_69' title='bbox 957 933 1019 995; x_wconf 91' lang='grc'>778</span> <span class='ocrx_word' id='word_1_70' title='bbox 1037 957 1083 1019; x_wconf 90' lang='lat' dir='ltr'>sq.</span> <span class='ocrx_word' id='word_1_71' title='bbox 1107 937 1297 1020; x_wconf 74' lang='grc' dir='ltr'><em>τερπόμενοι</em></span> <span class='ocrx_word' id='word_1_72' title='bbox 1319 940 1439 1025; x_wconf 79' lang='grc' dir='ltr'><em>κιθάρῃ</em></span> <span class='ocrx_word' id='word_1_73' title='bbox 1457 987 1463 1001; x_wconf 93' lang='grc'><strong><em>.</em></strong></span> <span class='ocrx_word' id='word_1_74' title='bbox 1481 988 1489 1001; x_wconf 95' lang='grc'><strong>.</strong></span> <span class='ocrx_word' id='word_1_75' title='bbox 1507 987 1513 1000; x_wconf 93' lang='lat'>.</span> <span class='ocrx_word' id='word_1_76' title='bbox 1530 936 1535 1018; x_wconf 93' lang='grc' dir='ltr'>Ι</span> 
     </span>
     <span class='ocr_line' id='line_1_8' title="bbox 137 1034 1537 1125; baseline -0.001 -20"><span class='ocrx_word' id='word_1_77' title='bbox 137 1038 274 1106; x_wconf 86' lang='grc' dir='ltr'><em>παιάοίν</em></span> <span class='ocrx_word' id='word_1_78' title='bbox 296 1064 330 1105; x_wconf 90' lang='grc' dir='ltr'><em>τε</em></span> <span class='ocrx_word' id='word_1_79' title='bbox 353 1048 455 1123; x_wconf 83' lang='grc' dir='ltr'><em>χορῶν</em></span> <span class='ocrx_word' id='word_1_80' title='bbox 478 1036 586 1125; x_wconf 78' lang='grc' dir='ltr'><em>ίαχῇσί</em></span> <span class='ocrx_word' id='word_1_81' title='bbox 608 1063 643 1103; x_wconf 89' lang='grc' dir='ltr'><em>τε</em></span> <span class='ocrx_word' id='word_1_82' title='bbox 667 1042 723 1102; x_wconf 87' lang='grc' dir='ltr'>σόν</span> <span class='ocrx_word' id='word_1_83' title='bbox 745 1037 820 1122; x_wconf 86' lang='grc' dir='ltr'><em>περί</em></span> <span class='ocrx_word' id='word_1_84' title='bbox 842 1040 952 1121; x_wconf 77' lang='grc' dir='ltr'><em>βωμόν</em></span> <span class='ocrx_word' id='word_1_85' title='bbox 975 1038 1120 1123; x_wconf 84' lang='lat' dir='ltr'>adparet.</span> <span class='ocrx_word' id='word_1_86' title='bbox 1168 1079 1207 1086; x_wconf 94' lang='lat'><em>-</em></span> <span class='ocrx_word' id='word_1_87' title='bbox 1254 1034 1422 1125; x_wconf 76' lang='grc' dir='ltr'><em>ἱμερόεις</em></span> <span class='ocrx_word' id='word_1_88' title='bbox 1448 1040 1537 1125; x_wconf 89' lang='lat' dir='ltr'>apud</span> 
     </span>
     <span class='ocr_line' id='line_1_9' title="bbox 137 1142 1536 1230; baseline -0.001 -22"><span class='ocrx_word' id='word_1_89' title='bbox 137 1144 318 1208; x_wconf 88' lang='lat' dir='ltr'>Homerum</span> <span class='ocrx_word' id='word_1_90' title='bbox 334 1166 461 1229; x_wconf 91' lang='lat' dir='ltr'>semper</span> <span class='ocrx_word' id='word_1_91' title='bbox 477 1143 519 1206; x_wconf 93' lang='lat' dir='ltr'>ad</span> <span class='ocrx_word' id='word_1_92' title='bbox 535 1164 586 1206; x_wconf 91' lang='lat' dir='ltr'>res</span> <span class='ocrx_word' id='word_1_93' title='bbox 610 1144 758 1227; x_wconf 84' lang='lat' dir='ltr'>pertinet,</span> <span class='ocrx_word' id='word_1_94' title='bbox 783 1143 872 1227; x_wconf 90' lang='lat' dir='ltr'>apud</span> <span class='ocrx_word' id='word_1_95' title='bbox 887 1142 1066 1206; x_wconf 91' lang='lat' dir='ltr'>Hesiodum</span> <span class='ocrx_word' id='word_1_96' title='bbox 1090 1151 1122 1205; x_wconf 89' lang='lat' dir='ltr'>et</span> <span class='ocrx_word' id='word_1_97' title='bbox 1145 1144 1339 1227; x_wconf 87' lang='lat' dir='ltr'>hymnorum</span> <span class='ocrx_word' id='word_1_98' title='bbox 1363 1147 1536 1230; x_wconf 81' lang='lat' dir='ltr'>scriptores</span> 
     </span>
     <span class='ocr_line' id='line_1_10' title="bbox 138 1245 1536 1333; baseline 0.001 -22"><span class='ocrx_word' id='word_1_99' title='bbox 138 1257 170 1311; x_wconf 92' lang='lat' dir='ltr'>et</span> <span class='ocrx_word' id='word_1_100' title='bbox 193 1248 416 1331; x_wconf 85' lang='lat' dir='ltr'>Theognidem</span> <span class='ocrx_word' id='word_1_101' title='bbox 440 1249 536 1311; x_wconf 91' lang='lat' dir='ltr'>etiam</span> <span class='ocrx_word' id='word_1_102' title='bbox 559 1246 602 1310; x_wconf 92' lang='lat' dir='ltr'>ad</span> <span class='ocrx_word' id='word_1_103' title='bbox 625 1248 818 1328; x_wconf 81' lang='lat' dir='ltr'>animantes3</span> <span class='ocrx_word' id='word_1_104' title='bbox 844 1245 903 1309; x_wconf 92' lang='lat' dir='ltr'>sed</span> <span class='ocrx_word' id='word_1_105' title='bbox 926 1255 1034 1310; x_wconf 89' lang='lat' dir='ltr'>tamen</span> <span class='ocrx_word' id='word_1_106' title='bbox 1058 1245 1286 1328; x_wconf 76' lang='lat' dir='ltr'>hoc&#39;interest,</span> <span class='ocrx_word' id='word_1_107' title='bbox 1311 1249 1396 1333; x_wconf 92' lang='lat' dir='ltr'>quod</span> <span class='ocrx_word' id='word_1_108' title='bbox 1419 1250 1452 1312; x_wconf 90' lang='lat' dir='ltr'>in</span> <span class='ocrx_word' id='word_1_109' title='bbox 1473 1250 1536 1312; x_wconf 92' lang='lat' dir='ltr'>He·</span> 
     </span>
     <span class='ocr_line' id='line_1_11' title="bbox 138 1346 1536 1439; baseline 0.001 -24"><span class='ocrx_word' id='word_1_110' title='bbox 138 1352 220 1415; x_wconf 89' lang='lat' dir='ltr'>siodi</span> <span class='ocrx_word' id='word_1_111' title='bbox 244 1353 440 1417; x_wconf 79' lang='lat' dir='ltr'>carminibus</span> <span class='ocrx_word' id='word_1_112' title='bbox 468 1362 500 1414; x_wconf 90' lang='lat' dir='ltr'>et</span> <span class='ocrx_word' id='word_1_113' title='bbox 527 1353 557 1413; x_wconf 92' lang='lat' dir='ltr'>in</span> <span class='ocrx_word' id='word_1_114' title='bbox 587 1350 717 1435; x_wconf 89' lang='lat' dir='ltr'>hymnis</span> <span class='ocrx_word' id='word_1_115' title='bbox 745 1351 916 1415; x_wconf 79' lang='lat' dir='ltr'>homericis</span> <span class='ocrx_word' id='word_1_116' title='bbox 944 1351 1030 1415; x_wconf 90' lang='lat' dir='ltr'>solae</span> <span class='ocrx_word' id='word_1_117' title='bbox 1054 1351 1135 1415; x_wconf 92' lang='lat' dir='ltr'>deae</span> <span class='ocrx_word' id='word_1_118' title='bbox 1163 1346 1347 1439; x_wconf 85' lang='grc' dir='ltr'><em>ίμερόεσσαι</em></span> <span class='ocrx_word' id='word_1_119' title='bbox 1374 1353 1536 1438; x_wconf 90' lang='lat' dir='ltr'>dicuntur,</span> 
     </span>
     <span class='ocr_line' id='line_1_12' title="bbox 138 1455 1534 1541; baseline 0.001 -22"><span class='ocrx_word' id='word_1_120' title='bbox 138 1457 225 1541; x_wconf 88' lang='lat' dir='ltr'>apud</span> <span class='ocrx_word' id='word_1_121' title='bbox 249 1456 473 1541; x_wconf 85' lang='lat' dir='ltr'>Theognidem</span> <span class='ocrx_word' id='word_1_122' title='bbox 496 1456 529 1518; x_wconf 90' lang='lat' dir='ltr'>id</span> <span class='ocrx_word' id='word_1_123' title='bbox 555 1456 691 1520; x_wconf 87' lang='lat' dir='ltr'>verbum</span> <span class='ocrx_word' id='word_1_124' title='bbox 715 1455 813 1519; x_wconf 91' lang='lat' dir='ltr'>semel</span> <span class='ocrx_word' id='word_1_125' title='bbox 838 1478 911 1518; x_wconf 88' lang='lat' dir='ltr'>oum</span> <span class='ocrx_word' id='word_1_126' title='bbox 936 1478 1017 1519; x_wconf 86' lang='lat' dir='ltr'>voce</span> <span class='ocrx_word' id='word_1_127' title='bbox 1041 1456 1189 1535; x_wconf 80' lang='grc' dir='ltr'><em>Πλοῦτος</em></span> <span class='ocrx_word' id='word_1_128' title='bbox 1212 1459 1427 1541; x_wconf 88' lang='lat' dir='ltr'>coniungitur,</span> <span class='ocrx_word' id='word_1_129' title='bbox 1453 1458 1534 1520; x_wconf 91' lang='grc'>1117</span> 
     </span>
     <span class='ocr_line' id='line_1_13' title="bbox 139 1554 1535 1644; baseline 0.002 -19"><span class='ocrx_word' id='word_1_130' title='bbox 139 1561 277 1643; x_wconf 81' lang='grc' dir='ltr'><em>Πλοῦτε,</em></span> <span class='ocrx_word' id='word_1_131' title='bbox 309 1565 396 1626; x_wconf 84' lang='grc' dir='ltr'><em>θεῶν</em></span> <span class='ocrx_word' id='word_1_132' title='bbox 425 1560 574 1625; x_wconf 76' lang='grc' dir='ltr'><em>κάλλιστε</em></span> <span class='ocrx_word' id='word_1_133' title='bbox 604 1558 659 1625; x_wconf 88' lang='grc' dir='ltr'>καί</span> <span class='ocrx_word' id='word_1_134' title='bbox 689 1554 905 1644; x_wconf 82' lang='grc' dir='ltr'><em>ίμεροέστατε,</em></span> <span class='ocrx_word' id='word_1_135' title='bbox 939 1560 1037 1624; x_wconf 90' lang='lat' dir='ltr'>semel</span> <span class='ocrx_word' id='word_1_136' title='bbox 1069 1582 1143 1624; x_wconf 91' lang='lat' dir='ltr'>cum</span> <span class='ocrx_word' id='word_1_137' title='bbox 1171 1584 1251 1625; x_wconf 87' lang='lat' dir='ltr'>voce</span> <span class='ocrx_word' id='word_1_138' title='bbox 1282 1569 1370 1642; x_wconf 86' lang='grc' dir='ltr'><em>παῖς,</em></span> <span class='ocrx_word' id='word_1_139' title='bbox 1403 1562 1486 1625; x_wconf 81' lang='lat'>1365</span> <span class='ocrx_word' id='word_1_140' title='bbox 1510 1561 1535 1628; x_wconf 83' lang='grc' dir='ltr'><strong>ὦ</strong></span> 
     </span>
     <span class='ocr_line' id='line_1_14' title="bbox 138 1659 1537 1754; baseline 0.001 -25"><span class='ocrx_word' id='word_1_141' title='bbox 138 1664 266 1732; x_wconf 78' lang='grc' dir='ltr'><em>παίδων</em></span> <span class='ocrx_word' id='word_1_142' title='bbox 280 1666 431 1730; x_wconf 87' lang='grc' dir='ltr'><em>κάλλιστε</em></span> <span class='ocrx_word' id='word_1_143' title='bbox 446 1663 499 1730; x_wconf 89' lang='grc' dir='ltr'>καί</span> <span class='ocrx_word' id='word_1_144' title='bbox 515 1659 728 1749; x_wconf 82' lang='grc' dir='ltr'><em>ίμεροέστατε.</em></span> <span class='ocrx_word' id='word_1_145' title='bbox 749 1702 792 1709; x_wconf 94' lang='grc'>-</span> <span class='ocrx_word' id='word_1_146' title='bbox 814 1667 1095 1730; x_wconf 70' lang='grc' dir='ltr'><em>καθάπτεσθαι</em></span> <span class='ocrx_word' id='word_1_147' title='bbox 1111 1665 1199 1751; x_wconf 87' lang='lat' dir='ltr'>apud</span> <span class='ocrx_word' id='word_1_148' title='bbox 1214 1666 1392 1730; x_wconf 90' lang='lat' dir='ltr'>Homerum</span> <span class='ocrx_word' id='word_1_149' title='bbox 1409 1689 1537 1754; x_wconf 85' lang='lat' dir='ltr'>semper</span> 
     </span>
     <span class='ocr_line' id='line_1_15' title="bbox 138 1768 1536 1857; baseline 0.001 -23"><span class='ocrx_word' id='word_1_150' title='bbox 138 1780 188 1835; x_wconf 88' lang='lat' dir='ltr'>est</span> <span class='ocrx_word' id='word_1_151' title='bbox 218 1769 436 1855; x_wconf 63' lang='lat' dir='ltr'>‘compellare</span> <span class='ocrx_word' id='word_1_152' title='bbox 467 1769 649 1855; x_wconf 87' lang='lat' dir='ltr'>increpare’</span> <span class='ocrx_word' id='word_1_153' title='bbox 681 1778 713 1831; x_wconf 90' lang='lat' dir='ltr'>et</span> <span class='ocrx_word' id='word_1_154' title='bbox 737 1790 811 1832; x_wconf 88' lang='lat' dir='ltr'>eum</span> <span class='ocrx_word' id='word_1_155' title='bbox 834 1769 944 1833; x_wconf 90' lang='lat' dir='ltr'>dativo</span> <span class='ocrx_word' id='word_1_156' title='bbox 971 1768 1121 1835; x_wconf 77' lang='grc' dir='ltr'><em>ἐπέεσσιν</em></span> <span class='ocrx_word' id='word_1_157' title='bbox 1144 1770 1289 1854; x_wconf 90' lang='lat' dir='ltr'>copulari</span> <span class='ocrx_word' id='word_1_158' title='bbox 1318 1771 1406 1836; x_wconf 92' lang='lat' dir='ltr'>solet.</span> <span class='ocrx_word' id='word_1_159' title='bbox 1453 1792 1536 1857; x_wconf 88' lang='lat' dir='ltr'>quae</span> 
     </span>
     <span class='ocr_line' id='line_1_16' title="bbox 138 1873 1535 1959; baseline 0.003 -22"><span class='ocrx_word' id='word_1_160' title='bbox 138 1875 187 1938; x_wconf 90' lang='lat' dir='ltr'>vis</span> <span class='ocrx_word' id='word_1_161' title='bbox 218 1875 316 1939; x_wconf 91' lang='lat' dir='ltr'>etiam</span> <span class='ocrx_word' id='word_1_162' title='bbox 346 1875 434 1959; x_wconf 91' lang='lat' dir='ltr'>apud</span> <span class='ocrx_word' id='word_1_163' title='bbox 463 1874 644 1938; x_wconf 85' lang='lat' dir='ltr'>Hesiodum</span> <span class='ocrx_word' id='word_1_164' title='bbox 675 1873 737 1958; x_wconf 88' lang='lat' dir='ltr'>Op.</span> <span class='ocrx_word' id='word_1_165' title='bbox 762 1874 835 1956; x_wconf 93' lang='grc'>332,</span> <span class='ocrx_word' id='word_1_166' title='bbox 869 1876 924 1959; x_wconf 91' lang='lat' dir='ltr'>qui</span> <span class='ocrx_word' id='word_1_167' title='bbox 947 1874 1009 1938; x_wconf 90' lang='lat' dir='ltr'>alio</span> <span class='ocrx_word' id='word_1_168' title='bbox 1039 1874 1109 1938; x_wconf 90' lang='lat' dir='ltr'>loco</span> <span class='ocrx_word' id='word_1_169' title='bbox 1140 1897 1177 1939; x_wconf 90' lang='lat' dir='ltr'>eo</span> <span class='ocrx_word' id='word_1_170' title='bbox 1208 1875 1309 1939; x_wconf 87' lang='lat' dir='ltr'>verbo</span> <span class='ocrx_word' id='word_1_171' title='bbox 1332 1898 1396 1939; x_wconf 93' lang='lat' dir='ltr'>non</span> <span class='ocrx_word' id='word_1_172' title='bbox 1426 1879 1535 1958; x_wconf 90' lang='lat' dir='ltr'>utitur,</span> 
     </span>
     <span class='ocr_line' id='line_1_17' title="bbox 138 1976 1536 2067; baseline 0.004 -26"><span class='ocrx_word' id='word_1_173' title='bbox 138 1979 309 2043; x_wconf 90' lang='lat' dir='ltr'>statuenda</span> <span class='ocrx_word' id='word_1_174' title='bbox 333 1988 391 2041; x_wconf 92' lang='lat' dir='ltr'>est.</span> <span class='ocrx_word' id='word_1_175' title='bbox 416 1978 473 2041; x_wconf 87' lang='lat' dir='ltr'>sed</span> <span class='ocrx_word' id='word_1_176' title='bbox 497 1977 560 2043; x_wconf 84' lang='lat' dir='ltr'>Sol.</span> <span class='ocrx_word' id='word_1_177' title='bbox 578 1978 629 2062; x_wconf 90' lang='grc'>32,</span> <span class='ocrx_word' id='word_1_178' title='bbox 646 1977 667 2041; x_wconf 95' lang='grc'>2</span> <span class='ocrx_word' id='word_1_179' title='bbox 683 2000 730 2063; x_wconf 88' lang='lat' dir='ltr'>sq.</span> <span class='ocrx_word' id='word_1_180' title='bbox 756 1977 911 2063; x_wconf 80' lang='lat' dir='ltr'>(tetram.)</span> <span class='ocrx_word' id='word_1_181' title='bbox 934 1976 1119 2062; x_wconf 76' lang='grc' dir='ltr'><em>τυραννίδος</em></span> <span class='ocrx_word' id='word_1_182' title='bbox 1142 1978 1177 2044; x_wconf 81' lang='grc' dir='ltr'>δὲ</span> <span class='ocrx_word' id='word_1_183' title='bbox 1199 1978 1254 2044; x_wconf 84' lang='grc' dir='ltr'>καί</span> <span class='ocrx_word' id='word_1_184' title='bbox 1275 1978 1347 2067; x_wconf 81' lang='grc' dir='ltr'><em>βίης</em></span> <span class='ocrx_word' id='word_1_185' title='bbox 1369 1980 1536 2065; x_wconf 80' lang='grc' dir='ltr'><em>ἀμειλίχου</em></span> 
     </span>
     <span class='ocr_line' id='line_1_18' title="bbox 141 2082 1536 2172; baseline 0.001 -25"><span class='ocrx_word' id='word_1_186' title='bbox 141 2083 197 2167; x_wconf 73' lang='lat' dir='ltr'>lod</span> <span class='ocrx_word' id='word_1_187' title='bbox 219 2087 421 2172; x_wconf 81' lang='grc' dir='ltr'><em>καθηψάμην</em></span> <span class='ocrx_word' id='word_1_188' title='bbox 443 2082 530 2146; x_wconf 93' lang='lat' dir='ltr'>idem</span> <span class='ocrx_word' id='word_1_189' title='bbox 551 2082 712 2167; x_wconf 85' lang='lat' dir='ltr'>significat</span> <span class='ocrx_word' id='word_1_190' title='bbox 734 2093 831 2166; x_wconf 88' lang='lat' dir='ltr'>atque</span> <span class='ocrx_word' id='word_1_191' title='bbox 854 2084 1021 2148; x_wconf 87' lang='grc' dir='ltr'><em>όίπτεσθαι</em></span> <span class='ocrx_word' id='word_1_192' title='bbox 1044 2083 1198 2147; x_wconf 85' lang='lat' dir='ltr'>translate</span> <span class='ocrx_word' id='word_1_193' title='bbox 1222 2083 1263 2147; x_wconf 94' lang='lat' dir='ltr'>de</span> <span class='ocrx_word' id='word_1_194' title='bbox 1279 2106 1326 2161; x_wconf 81' lang='lat' dir='ltr'>eo,</span> <span class='ocrx_word' id='word_1_195' title='bbox 1351 2088 1404 2169; x_wconf 93' lang='lat' dir='ltr'>qui</span> <span class='ocrx_word' id='word_1_196' title='bbox 1428 2096 1536 2170; x_wconf 90' lang='lat' dir='ltr'>tyran·</span> 
     </span>
     <span class='ocr_line' id='line_1_19' title="bbox 139 2185 1535 2273; baseline 0.002 -24"><span class='ocrx_word' id='word_1_197' title='bbox 139 2185 248 2250; x_wconf 91' lang='lat' dir='ltr'>nidem</span> <span class='ocrx_word' id='word_1_198' title='bbox 264 2209 328 2250; x_wconf 91' lang='lat' dir='ltr'>non</span> <span class='ocrx_word' id='word_1_199' title='bbox 344 2188 478 2273; x_wconf 89' lang='lat' dir='ltr'>adpetit,</span> <span class='ocrx_word' id='word_1_200' title='bbox 502 2186 639 2266; x_wconf 71' lang='lat' dir='ltr'>dictum,</span> <span class='ocrx_word' id='word_1_201' title='bbox 665 2186 705 2249; x_wconf 87' lang='lat' dir='ltr'>cf.</span> <span class='ocrx_word' id='word_1_202' title='bbox 722 2210 753 2272; x_wconf 93' lang='lat' dir='ltr'>p.</span> <span class='ocrx_word' id='word_1_203' title='bbox 774 2186 843 2251; x_wconf 92' lang='grc'>149.</span> <span class='ocrx_word' id='word_1_204' title='bbox 868 2226 911 2233; x_wconf 94' lang='grc'>-</span> <span class='ocrx_word' id='word_1_205' title='bbox 933 2190 1104 2271; x_wconf 90' lang='grc' dir='ltr'><em>καθαρός</em></span> <span class='ocrx_word' id='word_1_206' title='bbox 1127 2188 1253 2252; x_wconf 90' lang='lat' dir='ltr'>duobus</span> <span class='ocrx_word' id='word_1_207' title='bbox 1277 2188 1355 2252; x_wconf 88' lang='lat' dir='ltr'>locis</span> <span class='ocrx_word' id='word_1_208' title='bbox 1378 2189 1535 2272; x_wconf 88' lang='lat' dir='ltr'>Theogni-</span> 
     </span>
     <span class='ocr_line' id='line_1_20' title="bbox 139 2288 1536 2382; baseline 0.003 -29"><span class='ocrx_word' id='word_1_209' title='bbox 139 2291 199 2374; x_wconf 91' lang='lat' dir='ltr'>dis,</span> <span class='ocrx_word' id='word_1_210' title='bbox 223 2290 264 2354; x_wconf 85' lang='lat'>89</span> <span class='ocrx_word' id='word_1_211' title='bbox 286 2294 433 2376; x_wconf 88' lang='grc' dir='ltr'><em>καθαρὸν</em></span> <span class='ocrx_word' id='word_1_212' title='bbox 453 2342 460 2354; x_wconf 94' lang='grc'><strong>.</strong></span> <span class='ocrx_word' id='word_1_213' title='bbox 484 2293 614 2356; x_wconf 90' lang='grc' dir='ltr'><em>..νόον</em></span> <span class='ocrx_word' id='word_1_214' title='bbox 637 2299 669 2353; x_wconf 91' lang='lat' dir='ltr'>et</span> <span class='ocrx_word' id='word_1_215' title='bbox 694 2290 754 2352; x_wconf 89' lang='grc'>197</span> <span class='ocrx_word' id='word_1_216' title='bbox 776 2313 823 2375; x_wconf 91' lang='lat' dir='ltr'>sq.</span> <span class='ocrx_word' id='word_1_217' title='bbox 847 2299 951 2379; x_wconf 77' lang='grc' dir='ltr'><em>χρῆμα</em></span> <span class='ocrx_word' id='word_1_218' title='bbox 971 2288 1013 2372; x_wconf 71' lang='grc' dir='ltr'>δ’,</span> <span class='ocrx_word' id='word_1_219' title='bbox 1042 2291 1060 2356; x_wconf 88' lang='grc' dir='ltr'>ὃ</span> <span class='ocrx_word' id='word_1_220' title='bbox 1084 2295 1286 2376; x_wconf 74' lang='grc' dir='ltr'><em>με’νΛιόθεν</em></span> <span class='ocrx_word' id='word_1_221' title='bbox 1307 2292 1363 2359; x_wconf 88' lang='grc' dir='ltr'>καί</span> <span class='ocrx_word' id='word_1_222' title='bbox 1385 2300 1440 2358; x_wconf 84' lang='grc' dir='ltr'>σὺν</span> <span class='ocrx_word' id='word_1_223' title='bbox 1463 2292 1536 2382; x_wconf 81' lang='grc' dir='ltr'><em>δίκη</em></span> 
     </span>
     <span class='ocr_line' id='line_1_21' title="bbox 138 2394 1536 2483; baseline -0.001 -20"><span class='ocrx_word' id='word_1_224' title='bbox 138 2395 231 2481; x_wconf 84' lang='grc' dir='ltr'><em>ἀνόρί</em></span> <span class='ocrx_word' id='word_1_225' title='bbox 257 2396 383 2483; x_wconf 74' lang='grc' dir='ltr'><em>γένηται</em></span> <span class='ocrx_word' id='word_1_226' title='bbox 403 2396 407 2481; x_wconf 77' lang='lat' dir='ltr'>l</span> <span class='ocrx_word' id='word_1_227' title='bbox 426 2394 481 2461; x_wconf 87' lang='grc' dir='ltr'>καί</span> <span class='ocrx_word' id='word_1_228' title='bbox 502 2400 656 2480; x_wconf 82' lang='grc' dir='ltr'><em>καθαρῶς</em></span> <span class='ocrx_word' id='word_1_229' title='bbox 678 2396 745 2459; x_wconf 87' lang='lat' dir='ltr'>vim</span> <span class='ocrx_word' id='word_1_230' title='bbox 775 2396 965 2459; x_wconf 86' lang='lat' dir='ltr'>translatam</span> <span class='ocrx_word' id='word_1_231' title='bbox 995 2396 1103 2479; x_wconf 90' lang='lat' dir='ltr'>habet,</span> <span class='ocrx_word' id='word_1_232' title='bbox 1135 2399 1226 2460; x_wconf 88' lang='lat' dir='ltr'>cuius</span> <span class='ocrx_word' id='word_1_233' title='bbox 1257 2421 1334 2462; x_wconf 91' lang='lat' dir='ltr'>usus</span> <span class='ocrx_word' id='word_1_234' title='bbox 1363 2400 1536 2482; x_wconf 86' lang='lat' dir='ltr'>vestigium</span> 
     </span>
     <span class='ocr_line' id='line_1_22' title="bbox 138 2497 1537 2592; baseline 0.005 -29"><span class='ocrx_word' id='word_1_235' title='bbox 138 2526 157 2582; x_wconf 87' lang='grc' dir='ltr'><em>χ</em></span> <span class='ocrx_word' id='word_1_236' title='bbox 179 2500 244 2564; x_wconf 91' lang='grc'>462</span> <span class='ocrx_word' id='word_1_237' title='bbox 266 2505 401 2589; x_wconf 81' lang='grc' dir='ltr'><em>καθάριμ</em></span> <span class='ocrx_word' id='word_1_238' title='bbox 424 2505 558 2587; x_wconf 82' lang='grc' dir='ltr'><em>θανάτῳ</em></span> <span class='ocrx_word' id='word_1_239' title='bbox 588 2500 693 2592; x_wconf 83' lang='lat' dir='ltr'>(Eust.</span> <span class='ocrx_word' id='word_1_240' title='bbox 720 2499 813 2585; x_wconf 83' lang='lat'>1934,</span> <span class='ocrx_word' id='word_1_241' title='bbox 836 2500 858 2563; x_wconf 83' lang='lat'>5</span> <span class='ocrx_word' id='word_1_242' title='bbox 886 2499 959 2566; x_wconf 80' lang='grc' dir='ltr'><em>ἐπεὶ</em></span> <span class='ocrx_word' id='word_1_243' title='bbox 982 2505 1038 2586; x_wconf 77' lang='grc' dir='ltr'>γὰρ</span> <span class='ocrx_word' id='word_1_244' title='bbox 1062 2504 1207 2588; x_wconf 88' lang='grc' dir='ltr'><em>καθαρός</em></span> <span class='ocrx_word' id='word_1_245' title='bbox 1228 2505 1285 2587; x_wconf 75' lang='grc' dir='ltr'>μὲν</span> <span class='ocrx_word' id='word_1_246' title='bbox 1307 2504 1325 2567; x_wconf 85' lang='grc' dir='ltr'><em>ό</em></span> <span class='ocrx_word' id='word_1_247' title='bbox 1348 2503 1403 2569; x_wconf 70' lang='lat' dir='ltr'>tro</span> <span class='ocrx_word' id='word_1_248' title='bbox 1425 2497 1537 2592; x_wconf 77' lang='grc' dir='ltr'><em>ξίφους</em></span> 
     </span>
     <span class='ocr_line' id='line_1_23' title="bbox 138 2605 1533 2694; baseline 0.002 -24"><span class='ocrx_word' id='word_1_249' title='bbox 138 2606 241 2671; x_wconf 79' lang='grc' dir='ltr'><em>ἐδόκει</em></span> <span class='ocrx_word' id='word_1_250' title='bbox 263 2609 415 2686; x_wconf 88' lang='grc' dir='ltr'><em>θάνατος,</em></span> <span class='ocrx_word' id='word_1_251' title='bbox 439 2607 551 2690; x_wconf 85' lang='grc' dir='ltr'><em>μιαρός</em></span> <span class='ocrx_word' id='word_1_252' title='bbox 574 2606 608 2670; x_wconf 80' lang='grc' dir='ltr'>δὲ</span> <span class='ocrx_word' id='word_1_253' title='bbox 624 2605 642 2670; x_wconf 89' lang='grc' dir='ltr'>ὁ</span> <span class='ocrx_word' id='word_1_254' title='bbox 658 2608 863 2689; x_wconf 78' lang='grc' dir='ltr'><em>άγχονιμαῖος</em></span> <span class='ocrx_word' id='word_1_255' title='bbox 877 2655 883 2667; x_wconf 93' lang='grc'><strong>.</strong></span> <span class='ocrx_word' id='word_1_256' title='bbox 897 2606 919 2689; x_wconf 83' lang='lat'>.)</span> <span class='ocrx_word' id='word_1_257' title='bbox 944 2606 1117 2669; x_wconf 86' lang='lat' dir='ltr'>invenitur.</span> <span class='ocrx_word' id='word_1_258' title='bbox 1149 2616 1292 2670; x_wconf 90' lang='lat' dir='ltr'>ceterum</span> <span class='ocrx_word' id='word_1_259' title='bbox 1315 2607 1355 2670; x_wconf 87' lang='lat' dir='ltr'>cf.</span> <span class='ocrx_word' id='word_1_260' title='bbox 1372 2607 1450 2672; x_wconf 89' lang='lat' dir='ltr'>Hes.</span> <span class='ocrx_word' id='word_1_261' title='bbox 1472 2607 1533 2694; x_wconf 89' lang='lat' dir='ltr'>Op.</span> 
     </span>
     <span class='ocr_line' id='line_1_24' title="bbox 138 2707 1537 2797; baseline 0.001 -24"><span class='ocrx_word' id='word_1_262' title='bbox 138 2709 199 2773; x_wconf 89' lang='grc'>337</span> <span class='ocrx_word' id='word_1_263' title='bbox 225 2719 258 2773; x_wconf 91' lang='lat' dir='ltr'>et</span> <span class='ocrx_word' id='word_1_264' title='bbox 280 2710 391 2795; x_wconf 93' lang='lat' dir='ltr'>hymn.</span> <span class='ocrx_word' id='word_1_265' title='bbox 417 2708 522 2794; x_wconf 87' lang='lat' dir='ltr'>Apoll.</span> <span class='ocrx_word' id='word_1_266' title='bbox 548 2708 621 2775; x_wconf 87' lang='lat' dir='ltr'>Del.</span> <span class='ocrx_word' id='word_1_267' title='bbox 641 2708 711 2773; x_wconf 90' lang='grc'>121.</span> <span class='ocrx_word' id='word_1_268' title='bbox 759 2748 799 2756; x_wconf 92' lang='grc'>-</span> <span class='ocrx_word' id='word_1_269' title='bbox 844 2707 1003 2794; x_wconf 91' lang='grc' dir='ltr'><em>καίριος.</em></span> <span class='ocrx_word' id='word_1_270' title='bbox 1027 2708 1088 2773; x_wconf 90' lang='lat' dir='ltr'>hoc</span> <span class='ocrx_word' id='word_1_271' title='bbox 1112 2709 1249 2773; x_wconf 86' lang='lat' dir='ltr'>verbum</span> <span class='ocrx_word' id='word_1_272' title='bbox 1272 2709 1313 2773; x_wconf 89' lang='lat' dir='ltr'>ab</span> <span class='ocrx_word' id='word_1_273' title='bbox 1337 2709 1481 2797; x_wconf 85' lang='lat' dir='ltr'>Odyssia</span> <span class='ocrx_word' id='word_1_274' title='bbox 1504 2722 1537 2775; x_wconf 91' lang='lat' dir='ltr'>et</span> 
     </span>
     <span class='ocr_line' id='line_1_25' title="bbox 138 2812 1535 2896; baseline 0.004 -21"><span class='ocrx_word' id='word_1_275' title='bbox 138 2813 272 2877; x_wconf 86' lang='lat' dir='ltr'>Hesiodi</span> <span class='ocrx_word' id='word_1_276' title='bbox 305 2813 502 2877; x_wconf 88' lang='lat' dir='ltr'>carminibus</span> <span class='ocrx_word' id='word_1_277' title='bbox 533 2812 674 2877; x_wconf 90' lang='lat' dir='ltr'>alienum</span> <span class='ocrx_word' id='word_1_278' title='bbox 698 2822 755 2894; x_wconf 89' lang='lat' dir='ltr'>est,</span> <span class='ocrx_word' id='word_1_279' title='bbox 787 2815 820 2875; x_wconf 92' lang='lat' dir='ltr'>in</span> <span class='ocrx_word' id='word_1_280' title='bbox 851 2812 954 2877; x_wconf 88' lang='lat' dir='ltr'>Iliade</span> <span class='ocrx_word' id='word_1_281' title='bbox 977 2813 1020 2876; x_wconf 90' lang='lat' dir='ltr'>ad</span> <span class='ocrx_word' id='word_1_282' title='bbox 1051 2813 1300 2896; x_wconf 84' lang='lat' dir='ltr'>significandum</span> <span class='ocrx_word' id='word_1_283' title='bbox 1323 2836 1397 2878; x_wconf 90' lang='lat' dir='ltr'>eum</span> <span class='ocrx_word' id='word_1_284' title='bbox 1427 2816 1535 2880; x_wconf 88' lang='lat' dir='ltr'>locum</span> 
     </span>
     <span class='ocr_line' id='line_1_26' title="bbox 138 2917 1536 3005; baseline 0.003 -26"><span class='ocrx_word' id='word_1_285' title='bbox 138 2920 290 3003; x_wconf 83' lang='lat' dir='ltr'>corporis,</span> <span class='ocrx_word' id='word_1_286' title='bbox 315 2918 371 3002; x_wconf 88' lang='lat' dir='ltr'>qui</span> <span class='ocrx_word' id='word_1_287' title='bbox 393 2917 435 2980; x_wconf 92' lang='lat' dir='ltr'>ad</span> <span class='ocrx_word' id='word_1_288' title='bbox 458 2926 593 2980; x_wconf 90' lang='lat' dir='ltr'>mortem</span> <span class='ocrx_word' id='word_1_289' title='bbox 609 2917 812 2981; x_wconf 88' lang='lat' dir='ltr'>inferendam</span> <span class='ocrx_word' id='word_1_290' title='bbox 829 2928 1029 3002; x_wconf 88' lang='lat' dir='ltr'>opportunus</span> <span class='ocrx_word' id='word_1_291' title='bbox 1053 2927 1111 2998; x_wconf 93' lang='lat' dir='ltr'>est,</span> <span class='ocrx_word' id='word_1_292' title='bbox 1135 2918 1319 2999; x_wconf 81' lang='lat' dir='ltr'>adhibetur,</span> <span class='ocrx_word' id='word_1_293' title='bbox 1344 2941 1382 2981; x_wconf 92' lang='lat' dir='ltr'>ac</span> <span class='ocrx_word' id='word_1_294' title='bbox 1407 2942 1536 3005; x_wconf 88' lang='lat' dir='ltr'>semper</span> 
     </span>
     <span class='ocr_line' id='line_1_27' title="bbox 136 3018 1535 3107; baseline 0.001 -20"><span class='ocrx_word' id='word_1_295' title='bbox 136 3021 260 3107; x_wconf 91' lang='grc' dir='ltr'><em>καίριον</em></span> <span class='ocrx_word' id='word_1_296' title='bbox 282 3021 408 3105; x_wconf 85' lang='lat' dir='ltr'>legitur.</span> <span class='ocrx_word' id='word_1_297' title='bbox 445 3032 557 3085; x_wconf 89' lang='lat' dir='ltr'>contra</span> <span class='ocrx_word' id='word_1_298' title='bbox 580 3021 744 3105; x_wconf 85' lang='lat' dir='ltr'>Theognis</span> <span class='ocrx_word' id='word_1_299' title='bbox 768 3022 830 3085; x_wconf 82' lang='lat'>341</span> <span class='ocrx_word' id='word_1_300' title='bbox 856 3022 939 3085; x_wconf 82' lang='lat' dir='ltr'>dixit</span> <span class='ocrx_word' id='word_1_301' title='bbox 962 3021 1042 3086; x_wconf 80' lang='grc' dir='ltr'><em>ἀλλά</em></span> <span class='ocrx_word' id='word_1_302' title='bbox 1064 3027 1127 3086; x_wconf 85' lang='grc' dir='ltr'>Ζεῦ</span> <span class='ocrx_word' id='word_1_303' title='bbox 1148 3019 1277 3087; x_wconf 82' lang='grc' dir='ltr'><em>τέλεσόν</em></span> <span class='ocrx_word' id='word_1_304' title='bbox 1298 3046 1354 3107; x_wconf 91' lang='grc' dir='ltr'>μοι</span> <span class='ocrx_word' id='word_1_305' title='bbox 1377 3018 1535 3106; x_wconf 84' lang='grc' dir='ltr'><em>Ὀλύμπιε</em></span> 
     </span>
     <span class='ocr_line' id='line_1_28' title="bbox 136 3124 1567 3213; baseline 0.001 -23"><span class='ocrx_word' id='word_1_306' title='bbox 136 3124 260 3212; x_wconf 88' lang='grc' dir='ltr'><em>καίριον</em></span> <span class='ocrx_word' id='word_1_307' title='bbox 279 3128 379 3213; x_wconf 79' lang='grc' dir='ltr'><em>εὐχήν.</em></span> <span class='ocrx_word' id='word_1_308' title='bbox 405 3163 444 3172; x_wconf 94' lang='lat'>-—</span> <span class='ocrx_word' id='word_1_309' title='bbox 468 3128 717 3212; x_wconf 86' lang='grc' dir='ltr'><em>καθύπερθεν</em></span> <span class='ocrx_word' id='word_1_310' title='bbox 739 3126 827 3211; x_wconf 93' lang='lat' dir='ltr'>apud</span> <span class='ocrx_word' id='word_1_311' title='bbox 844 3127 1022 3190; x_wconf 88' lang='lat' dir='ltr'>Homerum</span> <span class='ocrx_word' id='word_1_312' title='bbox 1043 3126 1165 3210; x_wconf 90' lang='lat' dir='ltr'>passim</span> <span class='ocrx_word' id='word_1_313' title='bbox 1182 3126 1308 3210; x_wconf 87' lang='lat' dir='ltr'>legitur,</span> <span class='ocrx_word' id='word_1_314' title='bbox 1333 3128 1391 3191; x_wconf 89' lang='lat' dir='ltr'>sed</span> <span class='ocrx_word' id='word_1_315' title='bbox 1407 3150 1535 3212; x_wconf 90' lang='lat' dir='ltr'>semper</span> <span class='ocrx_word' id='word_1_316' title='bbox 1561 3130 1567 3142; x_wconf 87' lang='lat'>&#39;</span> 
     </span>
     <span class='ocr_line' id='line_1_29' title="bbox 137 3229 1535 3317; baseline 0.003 -23"><span class='ocrx_word' id='word_1_317' title='bbox 137 3230 179 3294; x_wconf 90' lang='lat' dir='ltr'>ad</span> <span class='ocrx_word' id='word_1_318' title='bbox 195 3230 300 3295; x_wconf 92' lang='lat' dir='ltr'>locum</span> <span class='ocrx_word' id='word_1_319' title='bbox 317 3238 452 3313; x_wconf 89' lang='lat' dir='ltr'>spectat.</span> <span class='ocrx_word' id='word_1_320' title='bbox 470 3230 562 3294; x_wconf 88' lang='lat' dir='ltr'>aliter</span> <span class='ocrx_word' id='word_1_321' title='bbox 578 3238 685 3293; x_wconf 91' lang='lat' dir='ltr'>autem</span> <span class='ocrx_word' id='word_1_322' title='bbox 704 3240 909 3315; x_wconf 87' lang='lat' dir='ltr'>comparatus</span> <span class='ocrx_word' id='word_1_323' title='bbox 926 3239 975 3293; x_wconf 88' lang='lat' dir='ltr'>est</span> <span class='ocrx_word' id='word_1_324' title='bbox 986 3230 1185 3311; x_wconf 84' lang='lat' dir='ltr'>Theognidis</span> <span class='ocrx_word' id='word_1_325' title='bbox 1197 3253 1228 3295; x_wconf 86' lang='lat' dir='ltr'>v.</span> <span class='ocrx_word' id='word_1_326' title='bbox 1239 3230 1302 3294; x_wconf 90' lang='grc'>679</span> <span class='ocrx_word' id='word_1_327' title='bbox 1317 3231 1411 3298; x_wconf 85' lang='grc' dir='ltr'><em>κακοί</em></span> <span class='ocrx_word' id='word_1_328' title='bbox 1428 3229 1535 3317; x_wconf 81' lang='lat' dir='ltr'>d’dyo·</span> 
     </span>
     <span class='ocr_line' id='line_1_30' title="bbox 136 3334 1534 3423; baseline 0.002 -24"><span class='ocrx_word' id='word_1_329' title='bbox 136 3340 207 3399; x_wconf 84' lang='grc' dir='ltr'>θῶν</span> <span class='ocrx_word' id='word_1_330' title='bbox 215 3336 434 3419; x_wconf 87' lang='grc' dir='ltr'><em>καθύπερθεν,</em></span> <span class='ocrx_word' id='word_1_331' title='bbox 449 3356 588 3420; x_wconf 90' lang='lat' dir='ltr'>quocum</span> <span class='ocrx_word' id='word_1_332' title='bbox 602 3334 671 3398; x_wconf 90' lang='lat' dir='ltr'>loco</span> <span class='ocrx_word' id='word_1_333' title='bbox 685 3335 833 3398; x_wconf 88' lang='lat' dir='ltr'>conferas</span> <span class='ocrx_word' id='word_1_334' title='bbox 843 3334 998 3400; x_wconf 86' lang='lat' dir='ltr'>HerodV</span> <span class='ocrx_word' id='word_1_335' title='bbox 1008 3334 1049 3397; x_wconf 90' lang='grc'>69</span> <span class='ocrx_word' id='word_1_336' title='bbox 1058 3336 1169 3423; x_wconf 79' lang='grc' dir='ltr'><em>πολλῷ</em></span> <span class='ocrx_word' id='word_1_337' title='bbox 1181 3341 1366 3420; x_wconf 89' lang='grc' dir='ltr'><em>κατύπερθε</em></span> <span class='ocrx_word' id='word_1_338' title='bbox 1377 3345 1441 3401; x_wconf 86' lang='grc' dir='ltr'>τῶν</span> <span class='ocrx_word' id='word_1_339' title='bbox 1452 3340 1534 3402; x_wconf 91' lang='grc' dir='ltr'><em>άντι-</em></span> 
     </span>
     <span class='ocr_line' id='line_1_31' title="bbox 135 3425 1534 3527; baseline 0 -24"><span class='ocrx_word' id='word_1_340' title='bbox 135 3437 338 3503; x_wconf 83' lang='grc' dir='ltr'><em>στασιωτέων</em></span> <span class='ocrx_word' id='word_1_341' title='bbox 353 3438 480 3523; x_wconf 90' lang='lat' dir='ltr'>aliaque</span> <span class='ocrx_word' id='word_1_342' title='bbox 496 3425 657 3524; x_wconf 82' lang='lat' dir='ltr'>exempla,</span> <span class='ocrx_word' id='word_1_343' title='bbox 675 3461 757 3523; x_wconf 91' lang='lat' dir='ltr'>quae</span> <span class='ocrx_word' id='word_1_344' title='bbox 773 3439 862 3524; x_wconf 93' lang='lat' dir='ltr'>apud</span> <span class='ocrx_word' id='word_1_345' title='bbox 879 3439 1082 3503; x_wconf 87' lang='lat' dir='ltr'>Herodotum</span> <span class='ocrx_word' id='word_1_346' title='bbox 1098 3449 1131 3503; x_wconf 88' lang='lat' dir='ltr'>et</span> <span class='ocrx_word' id='word_1_347' title='bbox 1146 3442 1342 3504; x_wconf 88' lang='lat' dir='ltr'>recentiores</span> <span class='ocrx_word' id='word_1_348' title='bbox 1359 3444 1534 3527; x_wconf 90' lang='lat' dir='ltr'>scriptores</span> 
     </span>
     <span class='ocr_line' id='line_1_32' title="bbox 135 3529 1535 3631; baseline 0.003 -26"><span class='ocrx_word' id='word_1_349' title='bbox 135 3544 353 3607; x_wconf 89' lang='lat' dir='ltr'>inveniuntur.</span> <span class='ocrx_word' id='word_1_350' title='bbox 364 3580 406 3589; x_wconf 89' lang='grc'>--</span> <span class='ocrx_word' id='word_1_351' title='bbox 414 3544 560 3627; x_wconf 84' lang='grc' dir='ltr'><em>καρπός</em></span> <span class='ocrx_word' id='word_1_352' title='bbox 572 3543 685 3606; x_wconf 90' lang='lat' dir='ltr'>Mimn.</span> <span class='ocrx_word' id='word_1_353' title='bbox 693 3529 723 3622; x_wconf 90' lang='grc'>2,</span> <span class='ocrx_word' id='word_1_354' title='bbox 734 3543 803 3628; x_wconf 78' lang='lat' dir='ltr'>lsq.</span> <span class='ocrx_word' id='word_1_355' title='bbox 812 3542 953 3629; x_wconf 86' lang='grc' dir='ltr'><em>μίνυνθα</em></span> <span class='ocrx_word' id='word_1_356' title='bbox 966 3545 1001 3609; x_wconf 82' lang='grc' dir='ltr'>δὲ</span> <span class='ocrx_word' id='word_1_357' title='bbox 1012 3542 1150 3627; x_wconf 75' lang='grc' dir='ltr'><em>γίγνεται</em></span> <span class='ocrx_word' id='word_1_358' title='bbox 1162 3542 1254 3631; x_wconf 59' lang='lat' dir='ltr'>lidae!</span> <span class='ocrx_word' id='word_1_359' title='bbox 1264 3548 1387 3629; x_wconf 92' lang='grc' dir='ltr'><em>καρπός</em></span> <span class='ocrx_word' id='word_1_360' title='bbox 1395 3548 1535 3631; x_wconf 91' lang='lat' dir='ltr'>primum</span> 
     </span>
     <span class='ocr_line' id='line_1_33' title="bbox 136 3634 1535 3735; baseline 0.001 -24"><span class='ocrx_word' id='word_1_361' title='bbox 136 3647 289 3711; x_wconf 90' lang='lat' dir='ltr'>translate</span> <span class='ocrx_word' id='word_1_362' title='bbox 306 3647 508 3727; x_wconf 74' lang='lat' dir='ltr'>dictumest,</span> <span class='ocrx_word' id='word_1_363' title='bbox 534 3646 575 3710; x_wconf 86' lang='lat' dir='ltr'>cf.</span> <span class='ocrx_word' id='word_1_364' title='bbox 591 3634 685 3712; x_wconf 87' lang='lat' dir='ltr'>Pind.</span> <span class='ocrx_word' id='word_1_365' title='bbox 702 3647 797 3733; x_wconf 93' lang='lat' dir='ltr'>Pyth.</span> <span class='ocrx_word' id='word_1_366' title='bbox 817 3648 916 3712; x_wconf 92' lang='lat' dir='ltr'>VIIII</span> <span class='ocrx_word' id='word_1_367' title='bbox 934 3648 995 3711; x_wconf 87' lang='grc'>109</span> <span class='ocrx_word' id='word_1_368' title='bbox 1005 3671 1051 3733; x_wconf 92' lang='lat' dir='ltr'>sq.</span> <span class='ocrx_word' id='word_1_369' title='bbox 1065 3642 1172 3731; x_wconf 77' lang='grc' dir='ltr'><em>Ἥβας</em></span> <span class='ocrx_word' id='word_1_370' title='bbox 1184 3649 1189 3731; x_wconf 75' lang='lat' dir='ltr'>l</span> <span class='ocrx_word' id='word_1_371' title='bbox 1202 3652 1334 3735; x_wconf 87' lang='grc' dir='ltr'><em>καρπόν.</em></span> <span class='ocrx_word' id='word_1_372' title='bbox 1355 3687 1392 3695; x_wconf 90' lang='grc'><strong>-</strong></span> <span class='ocrx_word' id='word_1_373' title='bbox 1405 3674 1535 3735; x_wconf 90' lang='grc' dir='ltr'><em>καρτε-</em></span> 
     </span>
     <span class='ocr_line' id='line_1_34' title="bbox 137 3749 1534 3841; baseline 0.001 -26"><span class='ocrx_word' id='word_1_374' title='bbox 137 3752 200 3836; x_wconf 89' lang='grc' dir='ltr'>ρός</span> <span class='ocrx_word' id='word_1_375' title='bbox 214 3749 360 3834; x_wconf 88' lang='lat' dir='ltr'>Theogn.</span> <span class='ocrx_word' id='word_1_376' title='bbox 373 3750 438 3813; x_wconf 83' lang='lat'>480</span> <span class='ocrx_word' id='word_1_377' title='bbox 453 3759 509 3840; x_wconf 75' lang='grc' dir='ltr'>τῆς</span> <span class='ocrx_word' id='word_1_378' title='bbox 524 3754 619 3815; x_wconf 81' lang='grc' dir='ltr'><em>αὐτοῦ</em></span> <span class='ocrx_word' id='word_1_379' title='bbox 634 3750 778 3837; x_wconf 77' lang='grc' dir='ltr'><em>γλώσσης</em></span> <span class='ocrx_word' id='word_1_380' title='bbox 793 3755 944 3837; x_wconf 90' lang='grc' dir='ltr'><em>καρτερός</em></span> <span class='ocrx_word' id='word_1_381' title='bbox 959 3751 1047 3815; x_wconf 89' lang='lat' dir='ltr'>idem</span> <span class='ocrx_word' id='word_1_382' title='bbox 1063 3762 1112 3815; x_wconf 91' lang='lat' dir='ltr'>est</span> <span class='ocrx_word' id='word_1_383' title='bbox 1128 3754 1214 3838; x_wconf 94' lang='lat' dir='ltr'>quod</span> <span class='ocrx_word' id='word_1_384' title='bbox 1229 3754 1387 3841; x_wconf 77' lang='grc' dir='ltr'><em>ἐγκρατής,</em></span> <span class='ocrx_word' id='word_1_385' title='bbox 1405 3754 1492 3838; x_wconf 94' lang='lat' dir='ltr'>quod</span> <span class='ocrx_word' id='word_1_386' title='bbox 1515 3777 1534 3816; x_wconf 91' lang='lat' dir='ltr'>a</span> 
     </span>
     <span class='ocr_line' id='line_1_35' title="bbox 136 3854 1534 3948; baseline 0.003 -29"><span class='ocrx_word' id='word_1_387' title='bbox 136 3856 278 3919; x_wconf 89' lang='lat' dir='ltr'>numeris</span> <span class='ocrx_word' id='word_1_388' title='bbox 295 3854 467 3939; x_wconf 86' lang='lat' dir='ltr'>dactylicis</span> <span class='ocrx_word' id='word_1_389' title='bbox 483 3854 656 3919; x_wconf 90' lang='lat' dir='ltr'>abhorrere</span> <span class='ocrx_word' id='word_1_390' title='bbox 673 3878 703 3940; x_wconf 93' lang='lat' dir='ltr'>p.</span> <span class='ocrx_word' id='word_1_391' title='bbox 718 3856 777 3918; x_wconf 89' lang='grc'>147</span> <span class='ocrx_word' id='word_1_392' title='bbox 803 3855 925 3920; x_wconf 90' lang='lat' dir='ltr'>dictum</span> <span class='ocrx_word' id='word_1_393' title='bbox 946 3867 1008 3937; x_wconf 79' lang='lat' dir='ltr'>est3</span> <span class='ocrx_word' id='word_1_394' title='bbox 1033 3856 1074 3920; x_wconf 89' lang='lat' dir='ltr'>cf.</span> <span class='ocrx_word' id='word_1_395' title='bbox 1093 3856 1215 3921; x_wconf 88' lang='lat' dir='ltr'>Archil.</span> <span class='ocrx_word' id='word_1_396' title='bbox 1233 3857 1284 3921; x_wconf 86' lang='grc'>26.</span> <span class='ocrx_word' id='word_1_397' title='bbox 1311 3896 1358 3948; x_wconf 26' lang='lat' dir='ltr'>—x</span> <span class='ocrx_word' id='word_1_398' title='bbox 1373 3863 1534 3923; x_wconf 87' lang='grc' dir='ltr'><em>καταθύ-</em></span> 
     </span>
     <span class='ocr_line' id='line_1_36' title="bbox 134 3959 1533 4047; baseline 0 -22"><span class='ocrx_word' id='word_1_399' title='bbox 134 3984 221 4045; x_wconf 91' lang='grc' dir='ltr'><em>μιος</em></span> <span class='ocrx_word' id='word_1_400' title='bbox 250 3960 329 4045; x_wconf 91' lang='lat' dir='ltr'>quid</span> <span class='ocrx_word' id='word_1_401' title='bbox 356 3960 444 4045; x_wconf 86' lang='lat' dir='ltr'>apud</span> <span class='ocrx_word' id='word_1_402' title='bbox 471 3960 651 4023; x_wconf 90' lang='lat' dir='ltr'>Homerum</span> <span class='ocrx_word' id='word_1_403' title='bbox 683 3959 857 4043; x_wconf 85' lang='lat' dir='ltr'>significet,</span> <span class='ocrx_word' id='word_1_404' title='bbox 894 3960 972 4046; x_wconf 91' lang='lat' dir='ltr'>quid</span> <span class='ocrx_word' id='word_1_405' title='bbox 1000 3961 1088 4047; x_wconf 92' lang='lat' dir='ltr'>apud</span> <span class='ocrx_word' id='word_1_406' title='bbox 1123 3964 1318 4024; x_wconf 86' lang='lat' dir='ltr'>recentiores</span> <span class='ocrx_word' id='word_1_407' title='bbox 1350 3965 1533 4047; x_wconf 85' lang='lat' dir='ltr'>scriptores,</span> 
     </span>
     <span class='ocr_line' id='line_1_37' title="bbox 136 4063 1534 4153; baseline 0.002 -26"><span class='ocrx_word' id='word_1_408' title='bbox 136 4087 179 4127; x_wconf 90' lang='lat' dir='ltr'>ex</span> <span class='ocrx_word' id='word_1_409' title='bbox 201 4065 251 4128; x_wconf 92' lang='lat' dir='ltr'>his</span> <span class='ocrx_word' id='word_1_410' title='bbox 275 4065 373 4129; x_wconf 88' lang='lat' dir='ltr'>schol.</span> <span class='ocrx_word' id='word_1_411' title='bbox 398 4064 428 4127; x_wconf 83' lang='lat' dir='ltr'><strong><em>A</em></strong></span> <span class='ocrx_word' id='word_1_412' title='bbox 451 4064 493 4127; x_wconf 92' lang='lat' dir='ltr'>ad</span> <span class='ocrx_word' id='word_1_413' title='bbox 520 4070 549 4128; x_wconf 91' lang='lat' dir='ltr'><em>P</em></span> <span class='ocrx_word' id='word_1_414' title='bbox 567 4063 629 4128; x_wconf 87' lang='grc'>201</span> <span class='ocrx_word' id='word_1_415' title='bbox 656 4065 763 4129; x_wconf 90' lang='lat' dir='ltr'>verbis</span> <span class='ocrx_word' id='word_1_416' title='bbox 787 4065 937 4150; x_wconf 87' lang='lat' dir='ltr'>adparet:</span> <span class='ocrx_word' id='word_1_417' title='bbox 970 4065 1116 4131; x_wconf 88' lang='grc' dir='ltr'><em>...άντί</em></span> <span class='ocrx_word' id='word_1_418' title='bbox 1137 4075 1195 4131; x_wconf 84' lang='grc' dir='ltr'>τοῦ</span> <span class='ocrx_word' id='word_1_419' title='bbox 1216 4071 1298 4131; x_wconf 85' lang='grc' dir='ltr'><em>κατὰ</em></span> <span class='ocrx_word' id='word_1_420' title='bbox 1320 4069 1425 4153; x_wconf 80' lang='grc' dir='ltr'><em>ψυχήν</em></span> <span class='ocrx_word' id='word_1_421' title='bbox 1446 4067 1534 4131; x_wconf 80' lang='grc' dir='ltr'><em>ἐστιν</em></span> 
     </span>
     <span class='ocr_line' id='line_1_38' title="bbox 135 4168 1534 4256; baseline 0.002 -24"><span class='ocrx_word' id='word_1_422' title='bbox 135 4168 249 4253; x_wconf 87' lang='lat' dir='ltr'>(schol.</span> <span class='ocrx_word' id='word_1_423' title='bbox 266 4174 305 4234; x_wconf 83' lang='lat' dir='ltr'><em>A</em></span> <span class='ocrx_word' id='word_1_424' title='bbox 325 4169 365 4233; x_wconf 91' lang='lat' dir='ltr'>ad</span> <span class='ocrx_word' id='word_1_425' title='bbox 389 4174 423 4234; x_wconf 91' lang='lat' dir='ltr'><strong><em>K</em></strong></span> <span class='ocrx_word' id='word_1_426' title='bbox 441 4168 504 4231; x_wconf 84' lang='lat'>383</span> <span class='ocrx_word' id='word_1_427' title='bbox 527 4174 728 4254; x_wconf 88' lang='grc' dir='ltr'><em>καταθύμιος</em></span> <span class='ocrx_word' id='word_1_428' title='bbox 750 4170 912 4254; x_wconf 78' lang='grc' dir='ltr'><em>ἐνθύμιος,</em></span> <span class='ocrx_word' id='word_1_429' title='bbox 937 4174 994 4252; x_wconf 84' lang='grc' dir='ltr'>οὐχ</span> <span class='ocrx_word' id='word_1_430' title='bbox 1016 4172 1058 4248; x_wconf 86' lang='grc' dir='ltr'>ὡς</span> <span class='ocrx_word' id='word_1_431' title='bbox 1080 4170 1194 4256; x_wconf 81' lang='grc' dir='ltr'><em>ἡμεῖς),</em></span> <span class='ocrx_word' id='word_1_432' title='bbox 1226 4175 1263 4235; x_wconf 88' lang='grc' dir='ltr'>ού</span> <span class='ocrx_word' id='word_1_433' title='bbox 1285 4178 1438 4256; x_wconf 81' lang='grc' dir='ltr'><em>μεριμνᾷς</em></span> <span class='ocrx_word' id='word_1_434' title='bbox 1458 4170 1534 4255; x_wconf 86' lang='grc' dir='ltr'><em>περί</em></span> 
     </span>
    </p>
   </div>
   <div class='ocr_carea' id='block_1_5' title="bbox 134 4424 1531 4746">
    <p class='ocr_par' dir='ltr' id='par_1_5' title="bbox 134 4424 1531 4746">
     <span class='ocr_line' id='line_1_39' title="bbox 241 4424 1530 4503; baseline 0.004 -21"><span class='ocrx_word' id='word_1_435' title='bbox 241 4433 260 4497; x_wconf 93' lang='lat'>¹)</span> <span class='ocrx_word' id='word_1_436' title='bbox 279 4430 366 4482; x_wconf 86' lang='lat' dir='ltr'>Sohol.</span> <span class='ocrx_word' id='word_1_437' title='bbox 386 4432 516 4498; x_wconf 85' lang='lat' dir='ltr'>Aristoph.</span> <span class='ocrx_word' id='word_1_438' title='bbox 535 4434 650 4483; x_wconf 88' lang='lat' dir='ltr'>Acharn.</span> <span class='ocrx_word' id='word_1_439' title='bbox 673 4437 750 4483; x_wconf 85' lang='lat'>1333:</span> <span class='ocrx_word' id='word_1_440' title='bbox 774 4434 821 4483; x_wconf 81' lang='grc' dir='ltr'>διὰ</span> <span class='ocrx_word' id='word_1_441' title='bbox 840 4436 871 4484; x_wconf 83' lang='grc' dir='ltr'>τὸ</span> <span class='ocrx_word' id='word_1_442' title='bbox 890 4437 1055 4501; x_wconf 81' lang='grc' dir='ltr'><em>θερμαίνειν</em></span> <span class='ocrx_word' id='word_1_443' title='bbox 1074 4424 1124 4483; x_wconf 79' lang='grc' dir='ltr'>οὖν</span> <span class='ocrx_word' id='word_1_444' title='bbox 1142 4436 1173 4484; x_wconf 88' lang='grc' dir='ltr'>τὸ</span> <span class='ocrx_word' id='word_1_445' title='bbox 1192 4439 1292 4499; x_wconf 82' lang='grc' dir='ltr'><em>στῆθος</em></span> <span class='ocrx_word' id='word_1_446' title='bbox 1311 4435 1466 4503; x_wconf 82' lang='grc' dir='ltr'><em>θωρήσσειν</em></span> <span class='ocrx_word' id='word_1_447' title='bbox 1486 4436 1530 4487; x_wconf 79' lang='grc' dir='ltr'>λέ-</span> 
     </span>
     <span class='ocr_line' id='line_1_40' title="bbox 134 4518 1531 4591; baseline 0.004 -23"><span class='ocrx_word' id='word_1_448' title='bbox 134 4535 216 4585; x_wconf 82' lang='grc' dir='ltr'><em>γουσι</em></span> <span class='ocrx_word' id='word_1_449' title='bbox 234 4522 264 4568; x_wconf 86' lang='grc' dir='ltr'>τό</span> <span class='ocrx_word' id='word_1_450' title='bbox 282 4518 399 4585; x_wconf 77' lang='grc' dir='ltr'><em>μεθύειν</em></span> <span class='ocrx_word' id='word_1_451' title='bbox 417 4522 462 4570; x_wconf 83' lang='grc' dir='ltr'>καλ</span> <span class='ocrx_word' id='word_1_452' title='bbox 480 4520 674 4589; x_wconf 84' lang='grc' dir='ltr'><em>άκροθώρακας</em></span> <span class='ocrx_word' id='word_1_453' title='bbox 694 4524 755 4576; x_wconf 76' lang='grc' dir='ltr'><em>τούς</em></span> <span class='ocrx_word' id='word_1_454' title='bbox 775 4522 984 4589; x_wconf 79' lang='grc' dir='ltr'><em>άκρομεθύσονς</em></span> <span class='ocrx_word' id='word_1_455' title='bbox 1002 4521 1125 4571; x_wconf 78' lang='grc' dir='ltr'>ἐκάλουν,</span> <span class='ocrx_word' id='word_1_456' title='bbox 1150 4524 1276 4590; x_wconf 77' lang='grc' dir='ltr'><em>κέχρηται</em></span> <span class='ocrx_word' id='word_1_457' title='bbox 1296 4523 1325 4572; x_wconf 76' lang='grc' dir='ltr'>δὲ</span> <span class='ocrx_word' id='word_1_458' title='bbox 1347 4527 1378 4591; x_wconf 66' lang='grc' dir='ltr'>τῇ</span> <span class='ocrx_word' id='word_1_459' title='bbox 1397 4524 1468 4581; x_wconf 77' lang='grc' dir='ltr'><em>λέξει</em></span> <span class='ocrx_word' id='word_1_460' title='bbox 1486 4525 1531 4573; x_wconf 82' lang='grc' dir='ltr'>καὶ</span> 
     </span>
     <span class='ocr_line' id='line_1_41' title="bbox 135 4604 552 4675; baseline 0 -19"><span class='ocrx_word' id='word_1_461' title='bbox 135 4605 290 4675; x_wconf 80' lang='grc' dir='ltr'><em>Ἀνακρέων.</em></span> <span class='ocrx_word' id='word_1_462' title='bbox 316 4604 373 4657; x_wconf 64' lang='grc' dir='ltr'><em>ἔστι</em></span> <span class='ocrx_word' id='word_1_463' title='bbox 392 4605 422 4657; x_wconf 70' lang='lat' dir='ltr'>dl</span> <span class='ocrx_word' id='word_1_464' title='bbox 442 4606 552 4672; x_wconf 76' lang='grc' dir='ltr'><em>Ἀττική.</em></span> 
     </span>
     <span class='ocr_line' id='line_1_42' title="bbox 1328 4697 1377 4746; baseline 0.02 -1"><span class='ocrx_word' id='word_1_465' title='bbox 1328 4697 1377 4746; x_wconf 69' lang='lat'>15*</span> 
     </span>
    </p>
   </div>
   <div class='ocr_carea' id='block_1_6' title="bbox 0 0 1700 5067">
    <p class='ocr_par' dir='ltr' id='par_1_6' title="bbox 0 0 1700 5067">
     <span class='ocr_line' id='line_1_43' title="bbox 0 0 1700 5067; baseline 0 0"><span class='ocrx_word' id='word_1_466' title='bbox 0 0 1700 5067; x_wconf 95' lang='lat' dir='ltr'> </span> 
     </span>
    </p>
   </div>
  </div>
 </body>
</html>
