3392 5067
345 224 474 284 372

345 412 522 492 duxi,
582 412 750 496 quod
798 420 1028 496 poetae
1074 410 1191 474 has
1235 409 1473 473 formas
1519 411 1758 495 partim
1804 417 2016 473 aetate
2061 409 2362 474 inferiore
2408 419 2580 474 ortas
2625 418 2890 496 propter
2933 408 3132 474 facili-

342 528 542 580 ἀπε-,ιο
578 539 880 581 q[swezrsuum
919 515 1410 602 pangendorum
1456 514 1923 599 antiquioribus
1969 533 2456 599 nonnumquam
2496 514 2880 599 praetulisse
2917 513 3135 578 viden-

345 632 466 684 tur.
562 632 706 684 sunt
774 629 991 685 autem
1058 620 1210 685 hae:
1288 621 1629 685 ὀπτάνϊον.·
1693 618 2048 683 Herodian.
2121 620 2171 696 Ι,
2243 618 2372 683 375
2388 661 2439 701 23
2515 621 2881 686 ὀπτανεῖον·
2958 623 3135 705 παρὰ

345 724 414 788 δέ
462 736 598 804 τοῖς
638 720 954 804 Ἀττικοῖς
996 722 1107 790 καὶ
1152 724 1260 789 διὰ
1304 731 1421 790 τοῦ
1465 748 1488 787 ι
1535 727 1847 810 γράφεται
1892 721 2000 788 καὶ
2038 722 2593 808 προπαροξύνεται
2631 713 2768 790 οἷον
2807 726 3136 804 ὀπτάνιον,

345 832 430 892 cf.
462 832 514 912 Ι,
562 832 750 908 [mah
790 829 876 911 ΙΙ,
909 828 1038 892 459
1053 870 1130 910 32,
1174 827 1420 911 Phryn.
1455 829 1605 912 epit.
1646 827 1803 891 276:
1851 829 2163 894 ὀπτάνιον
2193 825 2499 911 λέγουσιν,
2543 837 2655 917 τῆς
2691 830 2805 913 μὲν
2844 827 3141 913 δευτέρας

345 936 658 1020 ονῌαρᾞς
706 931 1209 1019 οξυτονουμένης,
1264 940 1377 1021 τῆς
1439 932 1508 997 δὲ
1553 929 1769 1018 τρίτης
1812 929 2325 1020 συστελλομένης.
2415 931 2650 1015 legitur
2694 932 2818 998 hoc
2864 933 3141 997 verbum

345 1040 534 1100 fflcx.
602 1040 813 1120 lissfl„
869 1037 1139 1101 Philem.
1197 1037 1344 1119 61„
1401 1036 1757 1122 Hegesipp.
1829 1037 1957 1118 119,
2015 1034 2289 1121 Sosipat.
2342 1036 2468 1120 139,
2523 1037 2803 1102 Damox.
2863 1037 2996 1120 245,
3053 1037 3137 1102 cf.

345 1144 674 1228 Aristoph.
733 1143 893 1226 Equ.
947 1141 1132 1223 1033,
1188 1141 1339 1204 Pac.
1402 1139 1547 1203 891.
1640 1139 1935 1204 omnibus
1990 1139 2124 1203 fere
2180 1138 2339 1202 locis
2395 1139 2654 1204 codices
2709 1141 2874 1206 male
2931 1142 3140 1207 ὀπτα-

345 1256 510 1312 νεῖον
566 1248 898 1332 pracbent.
956 1284 1039 1294 ——
1100 1241 1326 1312 ἔσθω.
1383 1245 1733 1331 Philippid.
1793 1245 1872 1326 95
1933 1245 2111 1311 δυοῖν
2168 1245 2421 1328 ὀβολῶν
2474 1241 2792 1326 ἔσθοντας
2849 1248 2890 1336 ἢ
2948 1271 3141 1332 τριω-

345 1352 542 1432 fidam:
610 1348 890 1436 [³5²th
957 1351 1128 1414 solus
1195 1351 1362 1413 inter
1429 1352 1708 1414 comicos
1769 1351 1837 1412 in
1904 1350 2195 1414 trimetro
2256 1370 2374 1433 pro
2448 1347 2700 1415 ἐσθίειν
2765 1352 3137 1439 usurpavit’

345 1456 590 1540 Hcckj.
642 1456 718 1516 dc
758 1454 883 1518 hac
916 1453 1103 1518 verbi
1134 1453 1364 1536 forma,
1391 1475 1556 1539 quae
1591 1475 1787 1537 saepe
1821 1452 1994 1539 apud
2019 1453 2379 1517 Homerum
2413 1461 2477 1516 et
2500 1453 2862 1519 Hesiodum
2883 1454 3140 1539 legitur,

349 1560 514 1624 νοῃίῖ
582 1558 886 1643 ΑοοαὴγΙ.
929 1560 1175 1643 ,Agam.
1230 1558 1416 1641 1597,
1471 1559 1753 1644 Python.
1812 1557 2039 1622 Catan.
2096 1559 2159 1620 in
2218 1556 2348 1623 fab.
2407 1568 2606 1644 satyr.
2663 1559 2839 1645 apud
2901 1559 3140 1623 Athen.

353 1664 538 1740 XIII,
578 1664 702 1724 fimi
738 1686 794 1741 a,
833 1663 1065 1728 Zonar.
1099 1687 1161 1749 p.
1197 1662 1336 1746 882.
1369 1701 1454 1710 —
1489 1662 1768 1750 θέρμᾶε
1811 1661 1982 1726 Men.
2018 1660 2101 1723 98
2146 1664 2402 1744 βουβὼν
2438 1662 2698 1750 ἐπήρθη
2740 1672 2830 1750 τῷ
2874 1660 3141 1749 γέροντι,

353 1768 562 1852 Ηὲομα
618 1792 714 1844 τες
805 1767 887 1832 cf.
938 1767 1292 1853 Phrynich.
1349 1790 1412 1853 p.
1470 1767 1632 1830 331:
1688 1764 1932 1853 θέρμα·
1989 1768 2188 1843 οὕτως
2241 1765 2276 1830 ὁ
2321 1765 2698 1855 Μένανδρος
2752 1768 2860 1833 διὰ
2911 1777 3026 1832 τοῦ
3077 1791 3142 1847 α,

349 1872 486 1936 [HJJ
526 1876 670 1936 olfff
734 1870 1125 1958 Θουκυδίδης
1177 1867 1327 1939 οὔθ’
1363 1876 1404 1961 ἡ
1459 1870 1691 1960 ἀρχαία
1746 1869 2054 1959 κωμῳδία
2106 1872 2248 1936 οὔτε
2299 1872 2598 1952 Πλάτων,
2657 1871 2866 1959 θέρμη
2920 1869 3008 1937 δέ.
3059 1908 3140 1916 -

349 1976 678 2064 δοίησαν.
749 1976 1023 2041 Damox.
1059 1976 1159 2058 267
1214 1970 1351 2043 οὐδ’
1380 1976 1457 2040 ἂν
1499 1976 1693 2064 ἑτέρῳ
1744 1974 2028 2064 δοίησαν,
2078 1978 2154 2040 Β.
2199 1977 2364 2041 οὕτω
2410 1976 2718 2059 συνδοκεῖ,
2779 1975 2892 2039 ubi
2939 1976 3146 2038 rarior

353 2080 554 2144 Γονοῑα
594 2084 734 2164 ipsu
774 2089 977 2144 metro
1018 2079 1364 2164 flagitatur.
1429 2080 1511 2145 de
1551 2081 1675 2145 hac
1708 2079 1916 2144 forma
1946 2080 2013 2142 in
2042 2101 2202 2165 ησαν
2232 2081 2576 2143 terminata
2607 2080 2773 2145 conf.
2807 2079 3143 2144 Kuehner.

349 2184 397 2248 Ι.
450 2208 506 2268 p.
558 2186 706 2264 5:44,
763 2186 871 2269 qui
926 2185 1089 2249 haec
1144 2194 1395 2248 tantum
1451 2183 1753 2271 exempla
1806 2183 2062 2248 adferre
2110 2186 2342 2269 potuit:
2398 2182 2709 2273 σταίησαν
2761 2183 2836 2249 Il.
2884 2184 2945 2246 P
2995 2183 3144 2264 733,

349 2288 634 2376 φαίη-οαν
688 2288 892 2352 Thuc.
949 2288 1134 2367 VIII,
1194 2289 1307 2370 53,
1374 2287 1762 2376 διαβαίησαν
1815 2289 1986 2352 Xen.
2045 2286 2214 2351 Hell.
2269 2287 2425 2365 1111,
2484 2288 2588 2371 26,
2643 2285 3001 2376 παρείησαν
3052 2287 3143 2351 ib.

353 2392 430 2472 V,
458 2392 554 2472 529.
582 2392 877 2480 γνοίησαν
901 2393 1089 2456 Dem.
1119 2393 1445 2478 XXXIII,
1484 2392 1582 2474 15,
1616 2391 1927 2481 σχοίησαν
1957 2391 2206 2476 Hyper.
2235 2415 2298 2477 p.
2329 2392 2428 2473 14,
2463 2391 2546 2456 25
2579 2391 2681 2456 ed.
2708 2391 3144 2469 Schneidew„

349 2496 795 2584 παραδοίησαν
825 2496 995 2562 Xen.
1030 2498 1156 2561 An.
1190 2497 1277 2579 Π,
1324 2498 1380 2583 1,
1426 2497 1525 2562 10.
1576 2497 1655 2563 cf.
1706 2506 2048 2583 praeterea
2095 2494 2299 2560 Curtii
2345 2496 2583 2561 librum
2631 2497 2799 2560 ‘Das
2847 2495 3148 2562 Verbum

349 2600 466 2664 der
514 2600 963 2684 griechischen
1011 2600 1321 2689 Sprache’
1370 2602 1476 2666 11²
1520 2625 1583 2689 p.
1639 2601 1779 2667 100.

562 2964 682 3028 His
738 2966 931 3031 rebus
984 2965 1296 3030 absolutis
1351 2967 1480 3031 iam
1532 2965 1600 3029 id
1654 2988 1857 3030 unum
1909 2974 2130 3047 restat,
2177 2974 2249 3028 ut
2303 2965 2384 3030 de
2431 2966 2815 3049 fragmentis
2860 2966 3150 3029 incertae

357 3068 546 3148 seclis,
598 3092 760 3152 quae
792 3070 1064 3134 collecta
1109 3069 1311 3134 habes
1357 3069 1534 3155 apud
1572 3069 1903 3134 Kockium
1949 3070 2075 3134 vol.
2109 3070 2228 3147 ΠΙ,
2262 3069 2631 3154 418-468,
2680 3071 2902 3154 paucis
2949 3091 3151 3154 expo-

357 3196 526 3236 nam.
606 3195 773 3256 quae
818 3176 1102 3239 eruimus
1148 3172 1535 3239 brevissime
1579 3175 1644 3237 in
1690 3174 1861 3238 hanc
1905 3173 2199 3239 tabulam
2245 3174 2644 3258 redegimus:

874 3453 1131 3517 leguntur
1163 3454 1219 3501 in
1251 3455 1492 3502 centenis

1060 3540 1303 3588 versibus

2091 3497 2174 3545 111
2298 3497 2405 3546 1111

2073 3708 2141 3756 53

2075 3794 2193 3842 29·4

2111 3880 2190 3927 4·1

2114 3969 2172 4014 11

2107 4053 2192 4101 2·5

2301 3792 2419 3840 82·4
2526 3792 2641 3840 41·1

2335 3880 2366 3927 9
2565 3879 2644 3927 1·2

2564 3965 2648 4013 2·8

2564 4053 2646 4101 6·3

872 3878 1127 3928 tribrachi
1148 3916 1476 3929 ..........

873 3964 1074 4030 dactyli
1115 4002 1477 4016 ...........

872 4052 1149 4117 anapaesti
1184 4089 1475 4102 .........

1900 3881 1931 3928 9

1624 4054 1742 4101 12·4
1869 4053 1932 4100 10
2335 4052 2418 4100 8·6

357 4268 622 4340 vat-sus,
682 4267 786 4350 qui
860 4263 1007 4328 solis
1076 4266 1310 4330 iambis
1380 4276 1444 4330 et
1509 4266 1811 4352 spondeis
1885 4274 2182 4331 constant
2257 4275 2406 4329 sunt
2473 4264 3013 4330 LXXXXVIIII
3065 4305 3153 4313 -—

357 4368 502 4432 3343
526 4376 550 4404 ¹*
686 4370 893 4456 quinis
924 4369 1176 4450 iambis,
1209 4391 1336 4433 uno
1384 4370 1667 4456 spondeo
1717 4369 2145 4434 conficiuntur
2190 4391 2418 4433 versus
2454 4368 2796 4433 XXVIIII
2830 4408 2908 4415 —-
2947 4368 3028 4433 10
3049 4375 3148 4454 ⁰s0.

357 4476 622 4536 trimetri
674 4475 903 4557 integri
949 4494 1107 4557 quos
1153 4472 1428 4537 dicimus
1474 4482 1622 4537 sunt
1667 4496 1785 4537 sex
1825 4513 1909 4522 -—
1947 4473 2108 4536 1:49
2140 4497 2250 4536 -ε
2308 4473 2484 4554 1041,
2537 4472 2717 4557 1048,
2770 4472 2950 4554 1492,
2999 4473 3150 4555 210,

357 4580 502 4660 affl.
554 4580 694 4640 2³55.
790 4599 1096 4640 caesurae
1152 4587 1302 4639 sunt
1352 4579 1415 4639 in
1466 4580 1753 4641 centenis
1799 4577 2124 4641 versibus:
2181 4577 2402 4661 penth.
2450 4576 2562 4658 57,
2620 4576 2885 4663 hephth.
2935 4577 3021 4640 34
3068 4618 3152 4626 —
