3392 5067
1445 233 1508 304 225

111 428 286 514 ἐπέβαλλεν
308 422 391 513 έχειν
419 427 625 517 (verbangtel
649 438 682 493 et
706 428 788 493 1188
819 428 850 495 ελ
871 434 914 518 μη
937 422 1023 516 μοῖρ’
1038 427 1094 495 ἐπί
1116 425 1215 514 τέρμα
1237 432 1332 513 βάλοι
1354 432 1508 497 translate

112 536 235 599 dictum
258 544 321 615 est3
345 534 434 619 apud
449 536 638 619 Homerum,
662 534 719 598 ubi
743 534 882 615 inicere,
898 534 1079 618 pervenire'
1096 534 1280 617 significare
1296 535 1385 618 solet,
1409 538 1508 601 semel

111 638 254 704 medium
277 638 432 703 translate
455 638 637 703 adhibitum
661 648 709 726 est
731 640 764 701 vi
787 638 920 724 petendi
933 624 1150 703 instructum:
1180 644 1212 703 Z
1232 638 1272 703 68
1295 641 1414 728 ἐνάρων
1436 643 1509 707 ἐπι-

112 744 317 829 βαλλόμενος.
350 782 390 789 -
424 741 646 830 ἐπιρρέπειν
669 742 814 826 Theogn.
841 740 901 806 157
925 747 1005 821 Ζεὺς
1026 745 1084 827 γάρ
1107 766 1157 809 τοι
1180 746 1217 807 τδ
1239 744 1395 811 τάλαντον
1417 746 1509 830 ἐπιρ-

113 845 203 934 ρέπει
225 847 337 913 ἄλλοτε
361 847 464 926 άλλως
493 849 661 911 transitive
684 855 875 932 usurpatum
898 854 957 924 est,
980 846 1068 931 apud
1092 846 1272 911 Homerum
1294 846 1326 919 Ξ
1346 848 1387 911 99
1419 849 1510 935 (alibi

112 973 176 1015 non
193 951 297 1038 extat)
320 953 396 1038 ἡμῖν
419 947 448 1017 δ’
464 952 561 1030 αἰπὺς
583 950 719 1037 δ’λεθρος
741 949 899 1039 ἐπιρρέπῃ
921 951 1124 1014 intransitive
1148 951 1251 1037 (Eust.
1269 950 1343 1034 969,
1360 952 1402 1016 32
1423 957 1510 1019 κάτω

112 1056 248 1145 βαρίνη·
275 1050 341 1137 έχει
364 1056 399 1121 δέ
422 1060 479 1145 την
502 1058 598 1144 άρχην
620 1052 674 1121 καί
695 1058 733 1121 τδ
756 1055 900 1143 ἀσφαλὲς
914 1058 933 1144 'l
949 1053 1033 1134 λέξις
1054 1057 1091 1120 ἐκ
1112 1063 1176 1121 τῶν
1198 1057 1338 1139 ἀλλαχοῦ
1359 1055 1511 1142 κειμένων

112 1160 276 1225 ταλάντων
290 1168 347 1225 τοῦ
363 1160 467 1243 Διός).
491 1197 534 1206 -
556 1157 806 1247 ἐπιστρέφειν
828 1158 916 1243 apud
932 1160 1112 1223 Homerum
1128 1169 1254 1224 tantum
1271 1167 1300 1225 Γ
1313 1161 1377 1225 370
1392 1162 1511 1246 legitur

114 1286 210 1328 sensu
240 1266 384 1349 proprio:
415 1262 485 1329 έλκε
515 1260 544 1329 δ’
567 1262 767 1351 ἐπιστρέψας
796 1259 865 1349 μετ’
888 1263 1076 1352 ἐυκνήμιδας
1098 1259 1255 1346 Ἀχαιούς,
1287 1285 1384 1330 scnsu
1410 1274 1511 1331 trans-

114 1368 178 1433 lato
201 1368 289 1454 apud
305 1367 527 1453 Theognideni
545 1366 627 1438 1083
650 1365 892 1453 ἐπιστρέφοντα
913 1369 1025 1454 νόημα,
1049 1368 1113 1431 213
1136 1376 1167 1431 et
1191 1367 1271 1433 1971
1297 1367 1409 1456 φίλους
1429 1374 1512 1436 κάτα

116 1472 226 1559 (πρὸς)
250 1476 374 1552 πάντας
394 1470 567 1559 ἐπίστρεφε
591 1469 736 1538 ποικίλον
757 1469 880 1560 blond)
918 1471 1061 1536 medium
1081 1480 1172 1536 extat
1193 1472 1271 1537 ibid.
1290 1473 1352 1537 648
1368 1474 1511 1564 ἀναιδείη

113 1582 207 1661 γαῖαν
228 1573 457 1664 ἐπιστρέφεται
486 1575 543 1663 (cf.
568 1576 646 1639 Hes.
663 1576 784 1664 Theog.
803 1574 880 1661 753)
904 1585 937 1639 et
957 1575 1023 1640 440
1043 1585 1108 1641 τῶν
1130 1572 1257 1643 δἀἐτοῦ
1278 1576 1399 1665 κηδέων
1421 1578 1514 1645 οὐδέν

114 1678 344 1768 ἐπιστρέφεται
367 1679 424 1766 (cf.
448 1703 479 1766 p.
507 1680 591 1766 151).
637 1718 679 1727 -—
723 1678 950 1747 ἐπιτέλλειν.
989 1680 1065 1744 huic
1087 1680 1188 1745 verbo
1211 1681 1300 1765 apud
1322 1682 1511 1766 Homerum,

115 1786 183 1849 sive
207 1787 334 1851 activae
366 1786 434 1849 sive
457 1784 585 1867 mediae
607 1784 729 1848 formae
760 1783 922 1869 leguntur,
954 1806 1083 1869 semper
1104 1787 1191 1849 notio
1214 1786 1393 1851 mandandi
1415 1790 1511 1871 inest3

115 1890 217 1955 altera
239 1912 316 1955 vero
343 1890 403 1971 vis,
435 1910 517 1974 quae
548 1898 597 1952 est
627 1888 761 1969 oriendi,
792 1890 933 1973 primum
963 1888 1050 1975 apud
1081 1889 1260 1954 Hesiodum
1288 1889 1350 1976 Op.
1374 1890 1438 1956 383
1468 1894 1519 1955 in-v

115 1996 258 2058 venitur:
301 1993 476 2081 Πληιάδων
496 2043 504 2059 .
526 2044 533 2059 .
555 2044 563 2058 .
584 1993 874 2087 ἐπιτελλομενάων,
913 1992 1030 2057 deinde
1059 1995 1093 2056 in
1129 1993 1242 2080 hymni
1271 1994 1371 2059 Merc.
1397 2017 1427 2058 V.
1449 1996 1509 2060 371

115 2097 235 2187 ἠελίοιο
257 2150 263 2164 .
286 2150 294 2165 .
317 2150 324 2164 .
346 2096 614 2184 ἐπιτελλομένοιο.
661 2098 854 2181 quibuscum
877 2097 956 2161 locis
978 2097 1123 2182 Theogn.
1148 2121 1202 2161 vv.
1227 2097 1311 2162 1275
1327 2121 1374 2184 sq.
1398 2101 1514 2185 ὡραῖος

116 2202 171 2269 καί
198 2195 305 2291 ’Έρως
333 2201 544 2285 ἐπιτέλλεται,
573 2200 665 2291 ἡνίκα
695 2225 756 2285 περ
786 2210 824 2288 γῆ
848 2200 853 2287 Ι
873 2203 1007 2268 άνθεσιν
1035 2203 1186 2290 εἰαρινοῖς
1214 2204 1330 2269 θάλλει
1362 2202 1513 2292 ἐεξομένη

118 2306 256 2372 conferri
285 2316 428 2393 possunt,
456 2308 518 2371 nisi
542 2305 628 2392 quod
656 2306 717 2370 hoc
744 2306 815 2371 loco
838 2305 977 2371 verbum
999 2305 1033 2370 id
1059 2306 1213 2371 translate
1236 2317 1428 2393 usurpatum
1450 2317 1513 2388 est3

118 2409 159 2476 of.
177 2410 294 2476 Aesch.
312 2412 418 2475 Prom.
436 2409 477 2473 99
494 2434 540 2496 sq.
564 2419 611 2499 πη
633 2412 714 2475 πότε
737 2412 871 2495 μόχθων
890 2410 894 2496 Ι
914 2415 972 2499 χρὴ
994 2407 1135 2497 τέρματα
1157 2408 1252 2477 τῶνδ’
1274 2413 1443 2477 ἐπιτεῖλαι.
1471 2450 1513 2459 -

117 2516 260 2602 ἐχθρός
289 2516 377 2601 apud
406 2516 586 2579 Homerum
609 2535 736 2599 semper
759 2522 808 2577 est
831 2514 986 2595 ‘invisus',
1017 2516 1049 2578 in
1081 2515 1200 2598 elegeis
1222 2538 1310 2599 vero,
1341 2517 1372 2578 in
1397 2516 1514 2600 quibus

118 2619 217 2683 multo
241 2621 370 2704 saepius
399 2620 564 2682 invenitur
586 2640 686 2703 quam
708 2617 797 2703 apud
824 2616 925 2696 illum,
953 2617 1041 2682 idem
1064 2640 1191 2703 quoque
1213 2618 1300 2683 valet
1326 2628 1425 2704 atque
1448 2620 1515 2683 ‘ini-

119 2723 242 2805 micus',
269 2721 366 2787 veluti
390 2722 454 2787 Sol.
481 2722 567 2804 13‚5
597 2714 680 2787 εἶναι
702 2721 738 2787 δέ
760 2722 872 2806 γλυκὺν
894 2718 956 2787 ὧδε
979 2719 1095 2808 φίλοις,
1119 2724 1266 2807 ἐχθροῖσι
1290 2724 1325 2788 δέ
1348 2726 1460 2809 πικρόν
1483 2733 1516 2788 et

119 2826 264 2911 Theogn.
282 2827 343 2890 641
369 2829 407 2893 οό
427 2824 478 2892 τοί
500 2822 529 2891 κ’
543 2824 662 2913 εἰδείης
683 2820 750 2891 odo'
765 2826 872 2891 εόνοον
894 2826 965 2891 ollae
988 2848 1041 2890 τοι
1062 2826 1190 2912 ἐχθρόν.
1226 2825 1341 2889 eadem
1363 2828 1413 2890 vis
1436 2827 1514 2908 Hes.

120 2929 183 3015 Op.
207 2930 272 2994 342
293 2934 349 2997 τὸν
371 2924 511 3018 φιλέοντ’
531 2929 588 2995 ἐπὶ
610 2930 706 2996 δαῖτα
729 2931 845 3009 καλεῖν,
869 2933 925 2995 τόν
947 2925 978 2995 δ’
992 2930 1112 3017 ἐχθρὸν
1133 2930 1228 2995 ἐᾶσαι
1251 2929 1423 2994 statuenda
1446 2952 1516 2994 esse

120 3035 258 3117 videtur,
282 3057 346 3100 non
369 3037 445 3101 item
468 3034 568 3099 altero
590 3033 670 3117 loco,
695 3056 758 3119 quo
781 3033 834 3097 hic
858 3055 895 3097 eo
919 3034 1019 3097 verbo
1042 3035 1151 3116 utitur,
1176 3033 1297 3117 Theog.
1315 3034 1378 3097 766
1400 3036 1517 3122 ἐχθρός

121 3140 181 3225 (sc.
208 3139 366 3226 Θάνατος)
399 3139 435 3207 δέ
463 3138 517 3206 καὶ
547 3143 744 3205 ἀθανάτοισι
773 3143 915 3219 θεοῖσιν;
954 3137 1007 3201 hic
1031 3139 1118 3203 enim
1148 3148 1197 3203 cst
1228 3138 1389 3219 ‘odiosus',
1420 3161 1517 3224 quam

119 3246 186 3309 vim
214 3246 312 3309 etiam
339 3244 427 3330 apud
455 3265 509 3307 cos
536 3252 649 3330 poetas
677 3244 836 3327 elegiacos
865 3242 972 3320 habet,
1001 3244 1056 3327 qui
1083 3253 1158 3306 ante
1187 3241 1337 3307 Solonem
1370 3242 1516 3325 fuerunt3

121 3347 375 3435 cf.Tyrt.10,7
400 3349 517 3436 ἐχθρὸς
540 3346 599 3434 (sc.
624 3348 642 3413 ὁ
665 3347 851 3433 πτωχεύων)
874 3348 1011 3431 μὲνγὰρ
1034 3354 1120 3412 τοῖσι
1141 3345 1339 3432 μετέσσεται,
1362 3347 1439 3411 ibid.
1467 3348 1516 3431 11,

119 3452 207 3537 bsq.
238 3453 359 3538 ἐχθρὰν
388 3453 445 3536 μέν
473 3457 580 3539 ψυχὴν
603 3449 748 3536 θέμενος,
780 3455 924 3516 θανάτου
948 3449 984 3516 δέ
1012 3448 1162 3533 μελαίνας
1182 3450 1186 3535 Ι
1204 3459 1301 3539 κῆρας
1323 3503 1329 3515 .
1352 3502 1358 3515 .
1382 3502 1388 3515 .
1411 3450 1516 3540 φίλας,

119 3556 231 3622 Mimn.
251 3558 279 3639 1,
296 3556 315 3619 9
339 3551 410 3622 ἀλλ’
424 3557 543 3642 ἐχθρὸς
557 3554 615 3641 μέν
630 3552 753 3637 παισίν,
777 3552 953 3639 άτίμαστος
978 3552 1013 3620 δέ
1035 3552 1184 3638 γυναιξίν,
1207 3553 1287 3618 ibid.
1308 3554 1338 3637 5,
1356 3555 1373 3617 7
1399 3556 1517 3641 ἐχθρόν

121 3660 181 3747 (sc.
205 3660 314 3749 γῆρας)
337 3659 423 3745 ὁμῶς
449 3658 504 3725 καί
526 3660 648 3743 άτιμον.
697 3697 737 3705 -
781 3657 857 3748 ζωή
880 3659 971 3744 Tyrt.
998 3657 1039 3722 15
1061 3657 1124 3746 (est
1145 3659 1354 3749 indoctiores)
1377 3662 1517 3743 primum

120 3767 250 3830 notione
272 3764 363 3829 latini
387 3764 473 3828 ‘vita'
498 3765 690 3827 instructum
715 3772 777 3825 est:
816 3768 858 3850 μη
889 3764 1075 3850 φειδόμενοι
1104 3771 1162 3842 τᾶς
1190 3762 1284 3843 ζωᾶς.
1330 3786 1406 3828 nam
1429 3765 1517 3849 apud

119 3870 309 3952 Homerum,
333 3870 387 3953 qui
402 3868 503 3933 verbo
527 3890 565 3932 eo
580 3866 599 3945 ξ
610 3867 662 3949 96,
679 3866 753 3949 208,
775 3888 802 3931 π
815 3866 881 3931 429
904 3870 1013 3949 utitur,
1037 3876 1073 3932 ut
1095 3866 1286 3932 scholiastae
1303 3857 1411 3932 verbis
1435 3878 1517 3950 utar,

121 3982 170 4037 est
199 3976 322 4062 ηπρδς
351 3975 389 4037 τδ
418 3971 475 4059 ζῆν
497 3970 597 4053 οὐσία,
630 3971 717 4057 apud
745 3971 928 4036 Hesiodum¹
956 3994 1019 4037 non
1051 3980 1150 4037 extat.
1197 3981 1341 4036 ceterum
1365 3972 1518 4037 observes

120 4077 219 4141 velim
241 4100 304 4141 uno
331 4077 384 4142 illo
407 4075 478 4141 loco
503 4076 637 4161 Tyrtaei
659 4074 745 4139 hanc
768 4098 884 4141 vocem
906 4085 1030 4159 extare,
1060 4076 1193 4161 reliquis
1215 4076 1296 4140 locis
1320 4098 1393 4142 cum
1416 4078 1518 4143 verbo

121 4176 296 4271 φείδεσθαι
311 4181 456 4266 aliisque,
478 4202 561 4267 quae
579 4182 643 4245 vim
661 4185 857 4247 contrariam
872 4181 1004 4263 habent,
1022 4182 1156 4245 Homeri
1171 4202 1261 4245 more
1278 4181 1518 4248 substantivum

241 4446 260 4511 1)
279 4446 321 4495 De
344 4460 422 4495 sensu
446 4446 566 4496 conferas
587 4445 683 4497 Athen.
703 4447 755 4496 VH
772 4448 849 4496 317a
871 4449 973 4513 ὁμοίως
996 4446 1101 4514 ἱστορεῖ
1119 4446 1164 4496 καί
1187 4446 1325 4514 Κλέαρχος
1348 4444 1378 4496 ἐν
1401 4444 1518 4515 δευτέρῳ

122 4532 185 4602 περί
201 4537 359 4601 παροιμιῶν
376 4533 597 4601 παρατιθέμενος
615 4531 681 4584 τάδε
700 4534 733 4583 τὰ
746 4531 796 4598 ’έπη
815 4532 848 4583 οὐ
861 4531 960 4597 δηλῶν,
979 4533 1044 4583 droa
1063 4533 1132 4585 ἐστί·
1153 4532 1327 4590 πουλύποδός
1338 4552 1397 4600 μοι,
1415 4534 1520 4598 τέκνον,

121 4617 192 4686 ἔχων
209 4620 284 4683 νόον,
302 4616 446 4688 Ἀμφίλοχ’
459 4620 536 4688 ίΙρως,
553 4620 556 4684 Ι
572 4622 659 4672 τοῖσιν
679 4618 848 4689 ἐφαρμόζου,
868 4625 922 4670 τῶν
939 4636 986 4670 κεν
1004 4624 1072 4672 κατὰ
1091 4620 1183 4689 δῆμον
1202 4622 1282 4685 ἵκηαι.

174 4712 340 4756 Dissertationes
354 4714 430 4765 philol.
441 4713 531 4757 vindob.
547 4714 586 4754 ΙΙΙ.
603 4721 621 4756 1.
1336 4712 1365 4757 15
