3392 5067
183 153 248 218 312

185 347 277 410 dicit:
309 344 438 406 ‘Besser
460 340 564 404 denkt
587 359 663 401 man
687 336 751 400 den
774 335 983 417 Relativsatz‚
1015 361 1070 402 um
1094 341 1181 403 seine
1204 340 1457 424 begruendende
1480 342 1579 407 Kraft

184 474 225 514 zu
247 447 426 527 erkennen,
456 444 544 508 fuers
568 451 652 505 erste
676 440 923 504 demonstrativ:
954 441 1162 524 mirabamur,
1193 444 1256 508 tale
1279 445 1464 522 acciderat’,
1496 447 1582 510 hanc

184 553 342 616 rationem
371 572 436 613 non
466 546 583 633 prob03
614 544 671 608 sed
694 543 884 607 recordatus
906 531 975 622 οἶος
997 566 1094 632 saepe
1117 547 1150 612 in
1179 548 1469 614 exclamationibus
1491 574 1582 615 usur-

185 656 288 742 pari1)
318 663 397 739 puto
427 651 695 716 exclamationem
726 649 818 710 iuxta
848 646 986 711 verbum
1009 650 1149 713 mirandi
1172 651 1224 714 vel
1253 653 1354 717 simile
1377 653 1497 738 aliquid
1523 653 1583 739 (cf.

185 766 214 825 P
234 759 295 822 173
325 766 381 823 σεῦ
412 761 580 843 ὠνοσάμην
609 751 735 840 φρένας,
766 741 835 817 οἷον
865 748 991 836 ἔειπας)
1022 757 1169 839 positam,
1202 779 1276 820 cum
1306 757 1479 822 subiuncta
1509 780 1580 821 esse

185 865 361 943 videretur,
385 884 497 926 ansam
520 861 615 924 huius
638 881 714 922 usus
737 856 926 942 praebuisse
949 858 1089 944 indeque
1113 859 1236 924 factum
1261 884 1341 939 esse,
1370 871 1404 925 ut
1426 884 1491 926 non
1513 851 1582 940 οἷος

186 979 218 1032 et
240 966 316 1045 ὅσος
337 975 474 1045 tantum,
502 965 560 1028 sed
584 963 722 1047 simplex
745 984 874 1046 quoque
897 961 1069 1027 relativum
1091 967 1124 1027 in
1148 967 1400 1050 quaestionibus,
1432 988 1515 1051 quae
1537 966 1581 1030 ab

186 1073 287 1136 altero
310 1073 475 1134 enuntiato
498 1068 651 1153 pendent,
682 1068 878 1151 pronominis
902 1067 1123 1150 interrogativi
1147 1069 1217 1132 loco
1244 1079 1462 1155 usurparetur.
1508 1093 1582 1134 raro
1680 1067 1681 1088 l

186 1177 220 1241 id
243 1177 365 1240 factum
388 1197 458 1238 esse
482 1182 735 1237 consentaneum
758 1182 820 1246 est:
844 1169 902 1234 sed
925 1169 967 1234 de
989 1193 1051 1235 usu
1072 1174 1142 1257 ipso
1166 1174 1308 1238 dubitari
1331 1176 1453 1261 nequit.

290 1279 404 1344 Altera
426 1300 513 1341 nunc
536 1279 636 1341 oritur
659 1275 815 1360 quaestiO,
839 1283 947 1338 utrum
970 1274 1100 1340 labente
1123 1287 1228 1342 aetate
1252 1278 1398 1343 crebrius
1420 1302 1462 1344 an
1480 1280 1585 1343 rarius

187 1385 220 1449 id
251 1383 429 1448 admissum
460 1384 515 1465 sit,
546 1391 653 1444 utrum
684 1378 979 1462 Argonauticorum
1010 1383 1146 1464 scriptor
1177 1404 1194 1445 e
1227 1392 1374 1447 veterum
1408 1385 1441 1447 in
1471 1386 1585 1468 primis

187 1489 322 1552 Homeri
345 1487 522 1551 imitatione
545 1508 587 1549 an
611 1506 628 1546 e
652 1505 782 1547 suorum
804 1491 986 1566 temporum
1010 1506 1156 1549 sermone
1180 1508 1254 1550 eum
1277 1509 1371 1551 usum
1393 1487 1545 1551 hauserit.
1558 1487 1585 1572 2)

187 1594 296 1677 itaque
324 1589 520 1654 accedamus
551 1589 592 1652 ad
623 1587 917 1671 Argonauticorum
947 1586 1050 1668 locos,
1082 1590 1137 1673 qui
1167 1589 1231 1653 huc
1261 1592 1433 1675 pertinent,
1465 1593 1585 1655 exami-

187 1694 321 1759 nandos.
367 1694 456 1758 nulla
486 1693 642 1757 dubitatio
674 1714 744 1755 esse
772 1690 903 1755 videtur
933 1692 974 1756 de
997 1715 1027 1756 v.
1046 1692 1107 1755 477
1140 1694 1221 1759 ἀλλὰ
1251 1693 1283 1760 τί
1312 1718 1365 1761 σοι
1387 1694 1461 1781 περὶ
1483 1696 1585 1760 τῶνδε

187 1801 288 1865 πολὺν
310 1799 404 1883 λόγον
426 1798 576 1886 ἀμφαδὸν
598 1799 711 1876 εἰπεῖν,
733 1796 737 1881 Ι
757 1794 854 1861 ὅσσον
876 1792 929 1882 ἐφ’
944 1797 1053 1882 ἵμερον
1068 1797 1167 1883 ὦρσεν
1189 1802 1320 1883 ἀγαναῖς
1334 1800 1584 1886 Λήμνιάάεσσι)

187 1905 323 1989 Κύπρις.
337 1901 362 1988 3)
394 1904 425 1965 in
450 1926 481 1964 v.
499 1901 562 1964 859
593 1901 844 1987 παραδρομάάήν
873 1905 1042 1984 ἀγορεύσω,
1074 1903 1077 1986 l
1105 1891 1158 1968 οἷά
1188 1927 1248 1987 ιτερ
1280 1905 1447 1990 αἰνομόροι
1472 1907 1589 1968 πάθον

187 2005 238 2096 ήά’
261 2003 311 2072 do‘
334 2003 442 2091 ἔρεξαν
462 2006 466 2089 Ι
487 2007 530 2084 ὥς
559 2001 589 2069 τ’
611 2007 755 2091 άψορρος
785 1999 891 2088 b'pooo'
914 2016 946 2067 et
979 2005 1061 2068 1348
1079 2028 1147 2091 sqq.
1175 2005 1208 2073 τί
1230 2029 1308 2074 σοι.
1327 2058 1334 2072 .
1352 2060 1359 2073 .
1376 2007 1585 2094 ἐξαγορεύσει,

188 2101 242 2176 οἷα
256 2115 369 2176 πάθον
384 2115 545 2200 Μινύῃσιν
560 2110 641 2194 ὁμοῦ
656 2159 663 2172 .
681 2161 688 2174 .
704 2103 755 2195 ἠδ’
771 2111 813 2187 ὡς
827 2107 1010 2185 ἐξεσάωθεν
1026 2161 1033 2174 .
1048 2162 1054 2174 .
1072 2109 1154 2176 ὅσσα
1176 2108 1206 2175 τ’
1222 2105 1271 2197 ἄρ’
1285 2113 1319 2176 ἐν
1341 2116 1449 2202 Κρήτῃ
1471 2116 1588 2178 πάθον

188 2219 471 2299 interrogationem
495 2237 564 2278 esse
588 2213 791 2277 statuendam
815 2214 988 2276 enuntiatis
1004 2215 1046 2278 ab
1071 2216 1113 2294 ὡς
1128 2217 1358 2301 incipientibus
1374 2218 1481 2280 evinci
1498 2226 1587 2301 puto.

190 2343 294 2405 neque
314 2321 418 2384 aliter
441 2318 584 2383 iudicare
607 2317 684 2381 licet
707 2318 748 2380 de
771 2340 801 2380 v.
821 2317 902 2380 1227
933 2321 969 2382 οὐ
996 2322 1053 2403 γάρ
1076 2342 1127 2384 τοι
1149 2320 1344 2401 λελάθεσθε,
1371 2319 1506 2404 τάπερ4)
1536 2318 1587 2406 ρ’ἑ-

189 2425 298 2503 ξαντες
326 2427 468 2488 ἱκνεῖσθε
489 2426 492 2507 )
513 2432 606 2510 νῆσον
629 2418 681 2509 ἐφ’
696 2420 858 2509 ήμετὲρήν,
883 2424 909 2484 si
926 2421 1063 2486 Gesneri
1087 2425 1251 2507 sequimur
1273 2426 1585 2511 interpretationem:

190 2534 306 2613 ‘neque
322 2529 409 2591 enim
424 2550 482 2591 nos
503 2527 594 2609 fugit'
619 2525 815 2611 (intellegam
840 2524 957 2610 quibus
972 2526 1070 2590 rebus
1086 2530 1281 2613 perpetratis
1296 2529 1339 2593 ad
1356 2550 1407 2593 me
1422 2528 1587 2613 veniatis),

190 2633 233 2696 ad
257 2654 353 2717 quam
374 2631 602 2696 stabiliendam
618 2631 726 2694 afferri
742 2639 889 2715 possunt:
914 2629 1019 2715 Apoll.
1037 2631 1087 2694 III
1105 2632 1165 2696 737
1190 2633 1274 2721 άφρα
1288 2643 1404 2722 τοκήας
1424 2633 1428 2720 l
1448 2634 1587 2719 λήσομαι

190 2739 367 2817 ἐντύνουσα,
376 2736 402 2820 ⁵)
423 2736 501 2799 Ηεε.
519 2735 641 2819 Theog.
658 2734 719 2797 471
736 2734 912 2800 λελάθοιτο
927 2745 1072 2817 τεκοῦσα,
1089 2736 1209 2801 llerod.
1226 2736 1295 2801 IIII
1312 2737 1383 2822 106,
1403 2737 1442 2800 16
1462 2737 1590 2815 ἐδόκεις

191 2842 297 2930 λήσειν
318 2846 391 2919 τοὺς
410 2844 517 2922 θεούς,
542 2829 595 2905 οἷα
609 2841 764 2926 ἐμηχάνεο
779 2840 852 2904 τότε
875 2839 930 2924 (cf.
948 2838 1111 2924 Aristopb.
1129 2840 1190 2926 Eq.
1207 2840 1296 2926 464).
1322 2841 1380 2904 sed
1404 2862 1478 2905 cum
1493 2863 1589 2904 accu-

191 2947 314 3008 sativus
344 2943 474 3008 additus
504 2945 632 3006 nonsit
662 2943 718 3029 (cf.
735 2967 766 3008 v.
785 2942 894 3029 1035),
925 2945 1034 3007 nescio
1065 2966 1107 3007 an
1137 2952 1280 3030 praestet
1307 2945 1482 3030 simplicior
1504 2945 1590 3007 Her-

191 3050 300 3114 manni
324 3048 511 3132 explicatio:
543 3048 627 3124 ίιιοει,
658 3057 745 3131 puto,
778 3046 868 3113 obliti
892 3048 978 3129 estis,
1011 3070 1074 3132 quo
1105 3058 1290 3134 perpetrato
1314 3050 1457 3113 facinore
1481 3070 1592 3112 meam

191 3154 234 3216 ad
267 3152 405 3216 insulam
426 3203 432 3216 .
452 3203 458 3216 .
480 3151 653 3216 veneritis'.
700 3160 769 3215 tum
800 3173 878 3216 vero
908 3151 1019 3216 verbis
1049 3155 1176 3237 graecis
1207 3163 1358 3217 accurate
1389 3151 1591 3238 respondent

191 3258 287 3322 baec:
311 3264 385 3320 ‘non
408 3257 497 3322 obliti
519 3257 596 3320 estis
619 3257 767 3342 (eorum),
792 3256 909 3341 quibus
933 3259 1151 3342 perpetratis.
1170 3258 1332 3341 ‚venitis’‚
1365 3259 1410 3322 ita
1438 3266 1474 3321 ut
1495 3258 1590 3321 locus

193 3361 336 3425 eiusdem
359 3365 485 3446 generis
508 3363 558 3443 sit,
583 3362 635 3424 cui
657 3383 756 3445 supra
778 3385 809 3426 v.
828 3361 911 3425 1333
934 3361 1174 3447 adscripsimus.
1184 3363 1208 3447 ¹³)
1245 3371 1356 3427 contra
1378 3363 1590 3445 interrogatio

298 3574 316 3639 1)
336 3574 375 3623 cf.
388 3577 414 3623 E
431 3574 490 3635 601,
513 3573 534 3622 Θ
554 3572 610 3631 152,
629 3587 646 3620 ν
666 3572 724 3633 140,
742 3588 758 3638 ρ
777 3572 828 3620 248
848 3576 875 3621 et
893 3571 967 3622 locos
985 3587 1001 3622 a
1020 3572 1165 3623 Kuehnero
1183 3573 1210 3622 Π
1227 3589 1252 3638 p.
1267 3575 1317 3622 943
1336 3578 1491 3637 congestos3
1508 3574 1591 3626 ποῖος

193 3675 300 3726 quoque
318 3662 347 3709 in
365 3659 604 3710 exclamationibus
617 3654 744 3722 'usurpari
761 3658 888 3708 Karlowa
906 3674 931 3723 p.
947 3660 978 3707 15
997 3675 1022 3709 n.
1036 3665 1140 3710 monet:
1159 3679 1176 3710 α
1195 3661 1237 3722 64,
1255 3663 1273 3723 β
1291 3661 1333 3722 85,
1351 3659 1418 3709 Call.
1432 3661 1456 3709 V
1476 3659 1534 3708 107.

297 3747 319 3812 ²)
344 3747 405 3796 Vim
432 3747 652 3810 interrogativam
676 3747 840 3810 pronominis
864 3747 937 3800 ὅστις
959 3747 1047 3810 priore
1074 3753 1149 3811 parte
1173 3748 1372 3812 compositionis
1395 3752 1527 3808 constare,
1550 3763 1591 3801 τις

193 3849 340 3899 pronomen
357 3832 527 3883 indefinitum
546 3847 604 3881 esse
622 3832 748 3882 Karlowa
767 3839 794 3882 et
813 3833 970 3882 Frenzelius
990 3833 1025 3897 (p.
1040 3833 1084 3898 69)
1104 3835 1277 3883 contendunt

298 3922 319 3985 3)
343 3919 449 3969 Sitnleri
473 3921 627 3969 coniectura
650 3920 733 3971 ὅσσον
755 3917 804 3987 ὑφ)
822 3921 920 3988 ἵμερον
945 3936 1011 3985 opus
1034 3936 1088 3969 non
1111 3935 1169 3970 esse
1193 3921 1303 3986 adparet
1326 3919 1425 3970 collato
1452 3918 1593 3984 Apollonii

194 4010 263 4071 loco,
281 4009 328 4073 qui
346 4008 378 4056 de
397 4006 490 4055 eadem
508 4020 537 4055 re
556 4009 721 4071 conscriptus
739 4013 780 4057 est
797 4007 811 4055 1
829 4009 880 4056 850
899 4005 1006 4075 Κύπρις
1027 4010 1080 4075 γὰρ
1099 4007 1143 4057 ἐπὶ
1162 4007 1265 4074 γλυκὺν
1284 4009 1382 4076 ἵμερον
1401 3998 1494 4074 ὦρσεν.

298 4095 319 4159 ⁴)
337 4097 423 4162 τάπερ
441 4099 513 4143 recte
532 4094 703 4144 Hermannus
721 4110 768 4160 pro
787 4110 819 4144 eo
838 4095 910 4160 quod
929 4097 1016 4144 estin
1035 4095 1109 4144 libris
1127 4096 1196 4163 άνιερ
1215 4096 1342 4160 reposuit.

298 4182 319 4246 5)
344 4183 528 4231 Hermannum
551 4187 639 4230 ratum
661 4183 740 4230 metri
764 4197 845 4231 causa
868 4181 957 4230 locum
981 4182 1167 4246 corrigendum
1191 4197 1249 4232 esse
1273 4183 1362 4247 opinio
1386 4179 1495 4242 fefellit3
1518 4181 1593 4245 quod

195 4271 332 4337 proposuit
350 4269 443 4334 (Orph.
458 4286 483 4335 p.
498 4268 570 4333 734)
590 4267 718 4336 λήσομεν,
737 4269 770 4318 iis
788 4283 858 4332 quae
877 4275 1025 4332 sequnntur
1043 4267 1178 4334 (εἴσομαι)
1197 4285 1289 4334 parum
1310 4268 1519 4318 commendatur.

299 4355 320 4421 6)
339 4357 377 4406 Ut
389 4355 527 4421 Apollonii
544 4355 632 4405 locum
651 4356 761 4405 dubium
780 4354 906 4417 adferam,
926 4353 1025 4420 legitur
1042 4356 1149 4405 111180
1168 4355 1201 4406 οὐ
1220 4355 1253 4406 ds‘
1269 4373 1320 4422 μιν
1334 4355 1413 4418 (Δία)
1427 4352 1527 4422 ἄνδρες
1546 4353 1593 4418 λή-

196 4447 286 4508 θομεν
305 4440 427 4509 ἔμπεδον
446 4444 518 4493 οἵτε
537 4441 666 4498 θεουδέες
684 4441 749 4493 οὐδὲ
768 4440 883 4503 dicatae:
902 4442 1053 4491 Brunckius
1071 4442 1158 4493 uoluit
1175 4441 1223 4507 ήάὲ
1244 4442 1277 4506 d,
1296 4443 1458 4492 Matthiaeus
1478 4442 1507 4490 οἵ
1521 4457 1551 4491 τε
1565 4443 1593 4490 θ.

197 4530 226 4579 οἵ
241 4526 263 4580 τ’
276 4530 401 4598 άλιτηροί
417 4530 485 4596 (sive
498 4569 504 4581 .
519 4569 524 4580 .
538 4569 543 4580 .
557 4528 634 4595 sive).
