3392 5067
178 193 219 257 80

178 391 274 467 gente
300 382 396 447 Iulia
413 382 474 446 orti
504 387 605 463 erant,
634 387 718 443 sorte
743 382 859 463 agitur.
901 381 965 445 iam
1000 402 1073 445 curn
1103 383 1280 448 rectissime
1310 384 1579 450 animadverterit

178 488 320 552 studium
342 484 432 568 illud,
456 507 520 571 quo
542 484 688 549 homines
712 504 805 549 casus
828 483 913 548 illius
936 486 1041 567 gentis
1064 485 1354 572 prosequebantur,
1378 491 1443 553 iam
1466 489 1577 554 Domi-

176 594 255 657 tiani
290 600 322 655 et
354 590 487 655 Traiani
520 598 626 654 aetate
660 590 866 653 imminutum
902 587 957 651 vel
993 589 1075 653 adeo
1113 592 1310 656 exstinctum
1348 614 1433 676 esse,
1471 615 1579 658 nonne

178 717 298 782 quaeso
321 694 374 759 vel
397 716 440 759 ex
462 693 524 758 hac
545 714 581 757 re
610 692 808 777 intellegitur
829 690 1002 757 Octaviam
1029 714 1094 758 non
1116 694 1216 759 multo
1239 705 1312 781 post
1333 695 1471 761 Neronis
1498 706 1578 761 tem-

177 822 257 887 pora
280 798 443 864 conditam
467 798 561 863 esse?

282 901 347 968 Sed
371 903 523 989 quoniam
547 902 721 988 disputatio
745 900 786 965 de
807 901 953 966 Senecae
974 903 1150 991 imitatione
1174 903 1328 969 absoluta.
1345 927 1416 970 esse
1436 907 1578 992 videtur,

178 1030 265 1074 nunc
288 1028 424 1092 agamus
447 1007 488 1072 de
512 1006 619 1071 colore
643 1005 814 1088 rhetorico,
839 1008 894 1091 qui
916 1008 949 1070 in
973 1006 1113 1072 Octavia
1136 1010 1342 1095 conspicitur.

850 1196 911 1263 ΠΙ.

281 1339 352 1405 Iam
384 1360 482 1424 supra
512 1337 653 1402 diximus
681 1336 840 1401 Octaviae
869 1337 1059 1422 scriptorem
1086 1337 1223 1403 rhetoris
1250 1339 1346 1404 modo
1378 1340 1578 1425 singularum
1680 1350 1682 1397 ;

178 1466 389 1532 personarum
417 1464 523 1508 mores
555 1443 756 1527 depinxisse3
790 1451 891 1506 totam
918 1463 995 1507 vero
1026 1443 1227 1527 tragoediam
1254 1443 1450 1509 rhetoricum
1480 1445 1577 1531 plane
1680 1434 1682 1476 Ι

179 1549 319 1613 colorem
345 1545 587 1634 praeseferre
614 1568 657 1610 ex
680 1545 813 1630 singulis
836 1546 934 1610 rebus
956 1546 1102 1631 adparet,
1130 1547 1216 1632 quod
1243 1570 1330 1612 nunc
1354 1571 1517 1635 exponere
1543 1552 1579 1613 in
1680 1575 1682 1579 ’

179 1655 286 1719 animo
317 1660 374 1717 est.
416 1651 577 1738 permulta
611 1650 757 1736 quidem,
792 1671 876 1735 quae
907 1648 950 1715 ad
979 1672 1049 1715 rem
1078 1650 1218 1733 faciunt,
1253 1652 1357 1718 Smith
1388 1673 1431 1717 ex
1462 1656 1579 1718 ceteris
1680 1674 1682 1677 ’

181 1756 326 1821 Senecae
348 1755 467 1821 fabulis
491 1756 662 1839 congessit,
687 1754 844 1819 Octaviae
867 1776 944 1818 vero
967 1753 1021 1818 hic
1041 1754 1109 1819 illic
1131 1764 1256 1821 tantum
1278 1758 1438 1823 rationem
1463 1758 1580 1823 habuit

180 1883 286 1948 neque
315 1862 361 1924 ita
387 1881 439 1925 res
466 1861 632 1941 tractavit,
663 1868 699 1923 ut
726 1859 883 1942 eluceret,
914 1880 1072 1944 quaenam
1104 1860 1280 1925 similitudo
1314 1862 1399 1926 inter
1428 1862 1514 1927 hanc
1546 1872 1581 1927 et

182 1975 306 2030 ceteras
329 1963 456 2029 fabulas
483 1963 708 2028 intercederet.
747 1985 848 2048 quare
872 1962 1023 2048 equidem
1046 1964 1167 2042 ordine,
1192 1986 1287 2050 quem
1310 1965 1363 2029 ille
1386 1967 1420 2030 in
1442 1967 1581 2051 singulis

180 2069 279 2135 rebus
308 2068 489 2132 tractandis
520 2076 649 2132 secutus
679 2076 741 2150 est,
776 2076 917 2153 servato,
948 2089 1011 2153 quo
1038 2067 1165 2132 facilius
1187 2066 1326 2133 Octavia
1357 2092 1431 2135 cum
1463 2072 1580 2137 ceteris
1680 2108 1682 2122 ι

180 2174 301 2239 fabulis
331 2174 511 2258 comparari
538 2173 654 2259 possit,
685 2194 724 2236 ea
753 2193 837 2256 quae
867 2171 911 2236 ad
943 2171 1029 2236 hanc
1062 2181 1151 2237 recte
1186 2174 1420 2239 aestimandam
1455 2175 1582 2239 faciunt
1680 2227 1682 2253 ,

181 2277 325 2343 breviter
346 2278 571 2363 perstringam.
1680 2357 1681 2366 .

284 2381 396 2467 Ipsum
419 2378 575 2446 Octaviae
599 2389 840 2465 argumentum:
864 2388 1021 2465 tyrannus
1051 2380 1233 2467 philosophi
1263 2382 1391 2446 monitis
1420 2383 1580 2468 neglectis
1680 2461 1681 2464 Ἴ

181 2508 317 2551 uxorem
344 2487 377 2549 in
405 2485 537 2551 exilium
565 2486 648 2567 eicit,
679 2483 799 2549 rhetori
829 2487 949 2568 optime
977 2486 1137 2549 convenit.
1181 2488 1299 2551 scimus
1328 2488 1415 2552 enim
1424 2488 1450 2573 1)
1480 2510 1579 2573 argu-

182 2599 291 2655 menta
313 2589 356 2655 ad
379 2599 533 2675 tyrannos
557 2590 752 2675 pertinentia
774 2590 808 2652 in
831 2588 996 2653 rhetorum
1020 2588 1137 2653 scholis
1159 2590 1192 2654 in
1216 2590 1340 2655 deliciis
1363 2590 1471 2657 fuisse.

286 2693 382 2776 Quod
406 2693 524 2759 deinde
550 2694 591 2757 ad
615 2692 886 2758 declamationem
909 2692 955 2779 (Ι)
978 2691 1142 2779 adtinet2),
1171 2691 1310 2758 Octavia
1333 2715 1461 2781 quoque
1487 2696 1583 2760 huius
1680 2735 1682 2779 2

182 2800 258 2865 artis
297 2798 501 2864 exercendae
538 2797 656 2862 multas
691 2798 946 2883 opportunitates
979 2797 1142 2861 recitatori
1180 2797 1309 2862 adferre
1347 2800 1458 2884 potuit.
1503 2822 1581 2865 nam

182 2925 293 2970 omnes
320 2903 389 2968 fere
416 2924 589 2987 personae,
617 2923 700 2988 quae
728 2902 762 2966 in
790 2922 941 2965 scaenam
967 2902 1137 2986 prodeunt,
1166 2901 1384 2967 declamitant.
1422 2912 1520 2990 atque
1547 2906 1582 2967 in

181 3009 231 3073 his
258 3007 547 3073 declamationibus
575 3007 681 3072 omnia
709 3006 941 3071 sententiarum
968 3027 1090 3089 genera
1118 3006 1310 3089 invenimus,
1338 3028 1423 3093 quae
1449 3009 1484 3071 in
1510 3029 1582 3094 pro·
1680 3063 1681 3072 ,

181 3112 359 3177 nuntiando
383 3112 545 3177 auditores
568 3110 730 3175 delectare
754 3121 786 3175 et
808 3132 939 3175 movere
962 3119 1105 3195 possunt,
1131 3110 1312 3195 dequibus
1341 3110 1382 3175 of.
1407 3112 1472 3177 Sm.
1496 3134 1527 3197 p.
1548 3111 1580 3175 5.
1680 3103 1681 3178 ἶ

286 3215 351 3281 Sed
385 3217 450 3280 iam
480 3214 523 3279 ad
554 3214 733 3279 doctrinam
763 3213 957 3279 rhetoricam
980 3213 1053 3300 (ΙΙ.)
1088 3236 1146 3278 nos
1173 3223 1347 3280 vertamus.
1390 3237 1455 3301 qua
1483 3216 1517 3280 in
1544 3238 1581 3279 re
1680 3197 1681 3266 Ι

184 3343 258 3385 cum
282 3319 417 3385 Smithio
438 3318 673 3399 Quintilianum
696 3340 879 3405 sequemur,
904 3320 958 3405 qui
981 3320 1014 3382 in
1036 3319 1127 3383 libris
1141 3318 1226 3383 VIII
1241 3328 1274 3383 et
1288 3319 1390 3384 VIIII
1412 3319 1453 3385 de
1476 3320 1581 3385 elocu·
1680 3311 1681 3392 J

182 3427 279 3508 tione,
309 3447 406 3512 quam
433 3428 553 3513 φράσιν
581 3422 700 3489 Graeci
722 3422 895 3507 vocabant,
926 3424 1007 3507 egit,
1047 3426 1138 3488 cuius
1167 3433 1234 3487 tres
1268 3424 1388 3507 gradus
1419 3424 1581 3489 distinxit:

182 3530 458 3615 perspicuitatem,
486 3526 758 3613 probabilitatem,
787 3535 947 3592 ornatum.
991 3548 1065 3592 cum
1091 3537 1199 3592 autem
1223 3527 1287 3591 duo
1312 3531 1437 3613 priores
1460 3528 1581 3612 gradm

184 3636 325 3700 omnium
348 3635 539 3719 scriptorum
562 3633 634 3715 sint,
658 3634 690 3696 in
713 3632 807 3695 tertio
829 3652 908 3695 vero
930 3630 1117 3716 plusquam
1144 3632 1179 3695 io
1206 3632 1311 3695 ceteris
1337 3631 1460 3695 dicendi
1478 3634 1581 3717 parti-
1680 3647 1681 3682 ἓ

184 3739 240 3803 bas
267 3749 374 3803 orator
400 3736 459 3801 sibi
483 3735 687 3821 indulserint)
719 3738 788 3800 iure
815 3734 920 3801 Smith
947 3736 981 3799 in
1008 3744 1139 3800 ornatus
1167 3734 1240 3799 solis
1262 3735 1439 3819 generibus
1459 3735 1582 3800 indicia
1680 3747 1681 3776 ³

184 3845 260 3908 artis
283 3842 463 3907 rhetoricae
487 3841 654 3926 quaesivit.
697 3849 730 3904 et
751 3840 892 3927 primum
914 3840 1137 3925 respiciendae
1161 3848 1236 3904 sunt
1258 3839 1491 3924 descriptiones
1515 3840 1581 3927 (1),
1680 3889 1681 3904 .

184 3970 240 4011 eas
274 3948 359 4012 enim
398 3945 486 4031 apud
523 3944 669 4010 rhetores
703 3966 879 4030 eorumque
910 3944 1086 4029 discipulos
1115 3943 1212 4008 valde
1245 3945 1279 4007 in
1309 3967 1371 4009 usu
1400 3944 1499 4008 fuisse
1537 3968 1582 4011 ex

289 4139 309 4204 1)
328 4138 370 4189 Ex
389 4138 508 4189 Senecae
526 4137 639 4189 rhetoris
657 4140 855 4200 controversiis,
874 4139 906 4189 cf.
925 4138 1061 4205 Excerpta
1078 4139 1170 4189 Contr.
1188 4138 1230 4187 ΙΠ
1241 4140 1266 4201 6,
1285 4138 1309 4188 V
1327 4140 1343 4188 8
1362 4138 1454 4189 Contn
1467 4138 1547 4189 VIIII
1564 4142 1581 4189 4

184 4226 241 4292 (27)
258 4228 293 4276 Μ.
307 4226 341 4277 al.
359 4231 386 4275 et
398 4225 548 4275 Koerbneri
560 4225 784 4289 dissertationem,
803 4227 847 4275 eui
865 4226 1023 4291 inscriptum
1042 4230 1083 4275 est
1101 4226 1201 4277 ‘Ueber
1218 4226 1271 4275 den
1283 4224 1386 4275 Rhetor
1404 4225 1508 4276 Seneca
1525 4226 1581 4276 und

184 4314 228 4364 die
246 4318 311 4363 rtm.
329 4312 461 4363 Rhetorik
479 4314 568 4363 seinsr
585 4314 657 4363 Zeit'
676 4310 823 4381 (Marburgi
844 4310 923 4380 1863)
946 4330 972 4379 p.
985 4314 1026 4363 36.

288 4398 310 4465 ²)
328 4400 371 4449 De
389 4414 443 4465 qua
461 4400 493 4449 cf.
507 4400 650 4450 Smithium
668 4417 693 4466 p.
710 4401 797 4466 6sqq.;
816 4401 935 4449 numeris
952 4401 1029 4449 uncis
1047 4400 1263 4466 circumscriptis,
1282 4416 1349 4464 quos
1361 4399 1455 4463 adieci,
1473 4399 1581 4465 singula

184 4486 292 4538 Smithii
310 4487 505 4538 dissertationis
522 4488 612 4553 capita
630 4488 803 4552 capitumque
821 4491 911 4553 partes
929 4485 1086 4552 significavi.

289 4574 311 4639 3)
330 4574 398 4624 Sunt
417 4574 577 4637 Quintiliani
596 4574 678 4625 verba
696 4573 763 4624 VIII
781 4576 806 4636 3,
827 4576 848 4622 1.
