<?xml version="1.0" encoding="UTF-8"?>
<!DOCTYPE html PUBLIC "-//W3C//DTD XHTML 1.0 Transitional//EN"
    "http://www.w3.org/TR/xhtml1/DTD/xhtml1-transitional.dtd">
<html xmlns="http://www.w3.org/1999/xhtml" xml:lang="en" lang="en">
 <head>
  <title>
</title>
<meta http-equiv="Content-Type" content="text/html;charset=utf-8" />
  <meta name='ocr-system' content='tesseract 3.04.00' />
  <meta name='ocr-capabilities' content='ocr_page ocr_carea ocr_par ocr_line ocrx_word'/>
</head>
<body>
  <div class='ocr_page' id='page_1' title='image "./dissertationesp04wiengoog_0278.png"; bbox 0 0 3392 5067; ppageno 0'>
   <div class='ocr_carea' id='block_1_1' title="bbox 1456 221 1517 287">
    <p class='ocr_par' dir='ltr' id='par_1_1' title="bbox 1456 221 1517 287">
     <span class='ocr_line' id='line_1_1' title="bbox 1456 221 1517 287; baseline -0.033 0"><span class='ocrx_word' id='word_1_1' title='bbox 1456 221 1517 287; x_wconf 78' lang='lat'>267</span> 
     </span>
    </p>
   </div>
   <div class='ocr_carea' id='block_1_2' title="bbox 117 413 1519 4057">
    <p class='ocr_par' dir='ltr' id='par_1_2' title="bbox 121 413 1518 712">
     <span class='ocr_line' id='line_1_2' title="bbox 122 413 1518 501; baseline 0 -22"><span class='ocrx_word' id='word_1_2' title='bbox 122 413 195 479; x_wconf 83' lang='grc' dir='ltr'><em>ἐπεί</em></span> <span class='ocrx_word' id='word_1_3' title='bbox 218 437 344 479; x_wconf 88' lang='lat' dir='ltr'>comma</span> <span class='ocrx_word' id='word_1_4' title='bbox 366 418 469 501; x_wconf 82' lang='lat' dir='ltr'>ponit3</span> <span class='ocrx_word' id='word_1_5' title='bbox 492 437 567 480; x_wconf 90' lang='lat' dir='ltr'>cum</span> <span class='ocrx_word' id='word_1_6' title='bbox 583 419 669 480; x_wconf 92' lang='lat' dir='ltr'>enim</span> <span class='ocrx_word' id='word_1_7' title='bbox 692 417 744 482; x_wconf 93' lang='lat' dir='ltr'>hic</span> <span class='ocrx_word' id='word_1_8' title='bbox 768 417 858 482; x_wconf 88' lang='lat' dir='ltr'>locus</span> <span class='ocrx_word' id='word_1_9' title='bbox 880 417 965 482; x_wconf 90' lang='lat' dir='ltr'>bene</span> <span class='ocrx_word' id='word_1_10' title='bbox 987 420 1033 481; x_wconf 90' lang='lat' dir='ltr'>ita</span> <span class='ocrx_word' id='word_1_11' title='bbox 1047 418 1130 480; x_wconf 90' lang='lat' dir='ltr'>verti</span> <span class='ocrx_word' id='word_1_12' title='bbox 1155 418 1270 501; x_wconf 82' lang='lat' dir='ltr'>possit:</span> <span class='ocrx_word' id='word_1_13' title='bbox 1294 417 1343 479; x_wconf 80' lang='lat' dir='ltr'>‘et</span> <span class='ocrx_word' id='word_1_14' title='bbox 1358 414 1518 500; x_wconf 90' lang='lat' dir='ltr'>quomodo</span> 
     </span>
     <span class='ocr_line' id='line_1_3' title="bbox 121 519 1518 605; baseline 0 -23"><span class='ocrx_word' id='word_1_15' title='bbox 121 521 326 602; x_wconf 79' lang='lat' dir='ltr'>certaverint,</span> <span class='ocrx_word' id='word_1_16' title='bbox 358 542 433 583; x_wconf 94' lang='lat' dir='ltr'>cum</span> <span class='ocrx_word' id='word_1_17' title='bbox 464 521 576 584; x_wconf 91' lang='lat' dir='ltr'>vinum</span> <span class='ocrx_word' id='word_1_18' title='bbox 603 523 726 587; x_wconf 90' lang='lat' dir='ltr'>animos</span> <span class='ocrx_word' id='word_1_19' title='bbox 753 523 954 604; x_wconf 86' lang='lat' dir='ltr'>excitasset&#39;,</span> <span class='ocrx_word' id='word_1_20' title='bbox 985 543 1084 586; x_wconf 88' lang='lat' dir='ltr'>causa</span> <span class='ocrx_word' id='word_1_21' title='bbox 1111 542 1180 585; x_wconf 88' lang='lat' dir='ltr'>esse</span> <span class='ocrx_word' id='word_1_22' title='bbox 1208 542 1273 583; x_wconf 91' lang='lat' dir='ltr'>non</span> <span class='ocrx_word' id='word_1_23' title='bbox 1295 519 1436 605; x_wconf 88' lang='lat' dir='ltr'>videtur,</span> <span class='ocrx_word' id='word_1_24' title='bbox 1461 541 1518 583; x_wconf 92' lang='lat' dir='ltr'>cur</span> 
     </span>
     <span class='ocr_line' id='line_1_4' title="bbox 122 623 905 712; baseline 0.005 -27"><span class='ocrx_word' id='word_1_25' title='bbox 122 645 194 687; x_wconf 92' lang='lat' dir='ltr'>cum</span> <span class='ocrx_word' id='word_1_26' title='bbox 218 623 406 688; x_wconf 79' lang='lat' dir='ltr'>Hermanno</span> <span class='ocrx_word' id='word_1_27' title='bbox 429 633 461 688; x_wconf 87' lang='lat' dir='ltr'>et</span> <span class='ocrx_word' id='word_1_28' title='bbox 484 624 600 689; x_wconf 90' lang='lat' dir='ltr'>Abelio</span> <span class='ocrx_word' id='word_1_29' title='bbox 625 626 716 691; x_wconf 92' lang='lat' dir='ltr'>colon</span> <span class='ocrx_word' id='word_1_30' title='bbox 738 648 905 712; x_wconf 91' lang='lat' dir='ltr'>ponamus.</span> 
     </span>
    </p>

    <p class='ocr_par' dir='ltr' id='par_1_3' title="bbox 117 727 1519 3640">
     <span class='ocr_line' id='line_1_5' title="bbox 225 727 1517 814; baseline -0.001 -23"><span class='ocrx_word' id='word_1_31' title='bbox 225 727 399 812; x_wconf 85' lang='lat' dir='ltr'>Agendum</span> <span class='ocrx_word' id='word_1_32' title='bbox 426 751 522 814; x_wconf 88' lang='lat' dir='ltr'>porro</span> <span class='ocrx_word' id='word_1_33' title='bbox 549 739 598 794; x_wconf 90' lang='lat' dir='ltr'>est</span> <span class='ocrx_word' id='word_1_34' title='bbox 625 729 666 794; x_wconf 88' lang='lat' dir='ltr'>de</span> <span class='ocrx_word' id='word_1_35' title='bbox 688 753 741 797; x_wconf 89' lang='lat' dir='ltr'>vv.</span> <span class='ocrx_word' id='word_1_36' title='bbox 767 730 837 813; x_wconf 82' lang='lat'>184,</span> <span class='ocrx_word' id='word_1_37' title='bbox 862 730 935 814; x_wconf 91' lang='grc'><strong>677,</strong></span> <span class='ocrx_word' id='word_1_38' title='bbox 959 729 1032 794; x_wconf 81' lang='grc'>680.</span> <span class='ocrx_word' id='word_1_39' title='bbox 1078 732 1112 793; x_wconf 93' lang='lat' dir='ltr'>in</span> <span class='ocrx_word' id='word_1_40' title='bbox 1134 752 1164 793; x_wconf 86' lang='lat' dir='ltr'>v.</span> <span class='ocrx_word' id='word_1_41' title='bbox 1186 729 1247 792; x_wconf 88' lang='lat'>184</span> <span class='ocrx_word' id='word_1_42' title='bbox 1269 729 1400 811; x_wconf 84' lang='lat' dir='ltr'>RVoV,</span> <span class='ocrx_word' id='word_1_43' title='bbox 1429 731 1462 792; x_wconf 94' lang='lat' dir='ltr'>in</span> <span class='ocrx_word' id='word_1_44' title='bbox 1485 751 1517 791; x_wconf 91' lang='lat' dir='ltr'>v.</span> 
     </span>
     <span class='ocr_line' id='line_1_6' title="bbox 120 831 1518 921; baseline -0.001 -25"><span class='ocrx_word' id='word_1_45' title='bbox 120 831 182 896; x_wconf 86' lang='grc'>677</span> <span class='ocrx_word' id='word_1_46' title='bbox 215 831 366 897; x_wconf 84' lang='lat' dir='ltr'>RVoSV</span> <span class='ocrx_word' id='word_1_47' title='bbox 396 833 474 898; x_wconf 92' lang='lat' dir='ltr'>illud</span> <span class='ocrx_word' id='word_1_48' title='bbox 505 832 563 900; x_wconf 81' lang='grc' dir='ltr'>ἐπί</span> <span class='ocrx_word' id='word_1_49' title='bbox 592 835 764 920; x_wconf 82' lang='lat' dir='ltr'>praebent,</span> <span class='ocrx_word' id='word_1_50' title='bbox 796 834 883 921; x_wconf 92' lang='lat' dir='ltr'>quod</span> <span class='ocrx_word' id='word_1_51' title='bbox 914 857 973 921; x_wconf 93' lang='lat' dir='ltr'>pro</span> <span class='ocrx_word' id='word_1_52' title='bbox 1004 834 1137 918; x_wconf 88' lang='lat' dir='ltr'>vulgato</span> <span class='ocrx_word' id='word_1_53' title='bbox 1168 832 1241 900; x_wconf 79' lang='grc' dir='ltr'><em>ἐπεί</em></span> <span class='ocrx_word' id='word_1_54' title='bbox 1271 855 1305 897; x_wconf 91' lang='lat' dir='ltr'>se</span> <span class='ocrx_word' id='word_1_55' title='bbox 1336 834 1518 918; x_wconf 80' lang='lat' dir='ltr'>reposuisse</span> 
     </span>
     <span class='ocr_line' id='line_1_7' title="bbox 120 935 1519 1027; baseline 0.002 -27"><span class='ocrx_word' id='word_1_56' title='bbox 120 936 300 1002; x_wconf 83' lang='lat' dir='ltr'>Schneider</span> <span class='ocrx_word' id='word_1_57' title='bbox 324 941 463 1024; x_wconf 70' lang='lat' dir='ltr'>putavit,</span> <span class='ocrx_word' id='word_1_58' title='bbox 501 950 590 1004; x_wconf 85' lang='lat' dir='ltr'>recte</span> <span class='ocrx_word' id='word_1_59' title='bbox 618 944 704 1006; x_wconf 90' lang='lat' dir='ltr'>enim</span> <span class='ocrx_word' id='word_1_60' title='bbox 725 939 798 1007; x_wconf 82' lang='grc' dir='ltr'><em>ἐπεί</em></span> <span class='ocrx_word' id='word_1_61' title='bbox 820 964 879 1027; x_wconf 94' lang='lat' dir='ltr'>pro</span> <span class='ocrx_word' id='word_1_62' title='bbox 902 936 1016 1006; x_wconf 77' lang='grc' dir='ltr'><strong><em>ἔπειτα</em></strong></span> <span class='ocrx_word' id='word_1_63' title='bbox 1039 938 1103 1003; x_wconf 87' lang='lat' dir='ltr'>dici</span> <span class='ocrx_word' id='word_1_64' title='bbox 1132 940 1274 1024; x_wconf 89' lang='lat' dir='ltr'>potuisse</span> <span class='ocrx_word' id='word_1_65' title='bbox 1297 939 1438 1021; x_wconf 87' lang='lat' dir='ltr'>negavit.</span> <span class='ocrx_word' id='word_1_66' title='bbox 1461 935 1519 1003; x_wconf 78' lang='grc' dir='ltr'>ἐπί</span> 
     </span>
     <span class='ocr_line' id='line_1_8' title="bbox 119 1040 1518 1130; baseline 0.001 -26"><span class='ocrx_word' id='word_1_67' title='bbox 119 1041 168 1104; x_wconf 90' lang='lat' dir='ltr'>his</span> <span class='ocrx_word' id='word_1_68' title='bbox 198 1041 276 1107; x_wconf 87' lang='lat' dir='ltr'>locis</span> <span class='ocrx_word' id='word_1_69' title='bbox 307 1066 409 1128; x_wconf 88' lang='lat' dir='ltr'>aeque</span> <span class='ocrx_word' id='word_1_70' title='bbox 440 1053 538 1130; x_wconf 89' lang='lat' dir='ltr'>atque</span> <span class='ocrx_word' id='word_1_71' title='bbox 568 1046 601 1108; x_wconf 94' lang='lat' dir='ltr'>in</span> <span class='ocrx_word' id='word_1_72' title='bbox 625 1068 655 1109; x_wconf 92' lang='lat' dir='ltr'>v.</span> <span class='ocrx_word' id='word_1_73' title='bbox 678 1045 741 1111; x_wconf 79' lang='grc'>325</span> <span class='ocrx_word' id='word_1_74' title='bbox 772 1046 958 1130; x_wconf 89' lang='lat' dir='ltr'>significare</span> <span class='ocrx_word' id='word_1_75' title='bbox 988 1044 1059 1108; x_wconf 90' lang='lat' dir='ltr'>vult</span> <span class='ocrx_word' id='word_1_76' title='bbox 1087 1043 1174 1108; x_wconf 92' lang='lat' dir='ltr'>idem</span> <span class='ocrx_word' id='word_1_77' title='bbox 1197 1042 1284 1127; x_wconf 93' lang='lat' dir='ltr'>quod</span> <span class='ocrx_word' id='word_1_78' title='bbox 1314 1040 1371 1107; x_wconf 79' lang='grc' dir='ltr'>ἐπὶ</span> <span class='ocrx_word' id='word_1_79' title='bbox 1392 1045 1518 1120; x_wconf 79' lang='grc' dir='ltr'><strong><em>τούτοις</em></strong></span> 
     </span>
     <span class='ocr_line' id='line_1_9' title="bbox 120 1144 1518 1237; baseline 0.001 -29"><span class='ocrx_word' id='word_1_80' title='bbox 120 1144 323 1231; x_wconf 84' lang='lat' dir='ltr'>(ausserdem</span> <span class='ocrx_word' id='word_1_81' title='bbox 334 1147 370 1233; x_wconf 83' lang='lat'>1),</span> <span class='ocrx_word' id='word_1_82' title='bbox 401 1149 488 1234; x_wconf 94' lang='lat' dir='ltr'>quod</span> <span class='ocrx_word' id='word_1_83' title='bbox 519 1171 590 1214; x_wconf 92' lang='lat' dir='ltr'>meo</span> <span class='ocrx_word' id='word_1_84' title='bbox 622 1151 752 1237; x_wconf 91' lang='lat' dir='ltr'>quidem</span> <span class='ocrx_word' id='word_1_85' title='bbox 783 1151 904 1214; x_wconf 93' lang='lat' dir='ltr'>iudicio</span> <span class='ocrx_word' id='word_1_86' title='bbox 934 1148 1140 1234; x_wconf 90' lang='lat' dir='ltr'>probandum</span> <span class='ocrx_word' id='word_1_87' title='bbox 1168 1158 1225 1213; x_wconf 90' lang='lat' dir='ltr'>est.</span> <span class='ocrx_word' id='word_1_88' title='bbox 1271 1149 1349 1211; x_wconf 88' lang='lat' dir='ltr'>item</span> <span class='ocrx_word' id='word_1_89' title='bbox 1381 1146 1518 1210; x_wconf 88' lang='lat' dir='ltr'>Abelius</span> 
     </span>
     <span class='ocr_line' id='line_1_10' title="bbox 121 1248 1518 1340; baseline 0 -27"><span class='ocrx_word' id='word_1_90' title='bbox 121 1249 272 1315; x_wconf 92' lang='lat' dir='ltr'>codicum</span> <span class='ocrx_word' id='word_1_91' title='bbox 293 1249 466 1318; x_wconf 92' lang='lat' dir='ltr'>lectionem</span> <span class='ocrx_word' id='word_1_92' title='bbox 489 1254 640 1340; x_wconf 86' lang='lat' dir='ltr'>praetulit</span> <span class='ocrx_word' id='word_1_93' title='bbox 656 1255 835 1319; x_wconf 91' lang='lat' dir='ltr'>Hermanni</span> <span class='ocrx_word' id='word_1_94' title='bbox 860 1255 1054 1318; x_wconf 77' lang='lat' dir='ltr'>coniecturis</span> <span class='ocrx_word' id='word_1_95' title='bbox 1072 1273 1200 1337; x_wconf 89' lang='lat' dir='ltr'>semper</span> <span class='ocrx_word' id='word_1_96' title='bbox 1223 1272 1415 1336; x_wconf 87' lang='lat' dir='ltr'>semperque</span> <span class='ocrx_word' id='word_1_97' title='bbox 1438 1248 1518 1314; x_wconf 92' lang='lat' dir='ltr'>illud</span> 
     </span>
     <span class='ocr_line' id='line_1_11' title="bbox 119 1348 1519 1445; baseline 0.001 -27"><span class='ocrx_word' id='word_1_98' title='bbox 119 1348 150 1418; x_wconf 80' lang='lat' dir='ltr'>oi</span> <span class='ocrx_word' id='word_1_99' title='bbox 183 1355 358 1420; x_wconf 88' lang='lat' dir='ltr'>inferentis.</span> <span class='ocrx_word' id='word_1_100' title='bbox 405 1358 438 1421; x_wconf 90' lang='lat' dir='ltr'>in</span> <span class='ocrx_word' id='word_1_101' title='bbox 469 1382 500 1422; x_wconf 87' lang='lat' dir='ltr'>v.</span> <span class='ocrx_word' id='word_1_102' title='bbox 524 1368 634 1423; x_wconf 85' lang='lat' dir='ltr'>autem</span> <span class='ocrx_word' id='word_1_103' title='bbox 665 1358 728 1423; x_wconf 82' lang='lat'>680</span> <span class='ocrx_word' id='word_1_104' title='bbox 744 1381 812 1445; x_wconf 90' lang='lat' dir='ltr'>sqq.</span> <span class='ocrx_word' id='word_1_105' title='bbox 847 1356 941 1423; x_wconf 87' lang='lat' dir='ltr'>codd.</span> <span class='ocrx_word' id='word_1_106' title='bbox 966 1358 1079 1443; x_wconf 92' lang='lat' dir='ltr'>optimi</span> <span class='ocrx_word' id='word_1_107' title='bbox 1110 1355 1281 1421; x_wconf 82' lang='lat' dir='ltr'>exhibent:</span> <span class='ocrx_word' id='word_1_108' title='bbox 1317 1357 1415 1440; x_wconf 81' lang='grc' dir='ltr'><strong><em>αὐτὰρ</em></strong></span> <span class='ocrx_word' id='word_1_109' title='bbox 1445 1352 1519 1419; x_wconf 77' lang='grc' dir='ltr'><em>ἐπεὶ</em></span> 
     </span>
     <span class='ocr_line' id='line_1_12' title="bbox 124 1456 1516 1549; baseline 0 -26"><span class='ocrx_word' id='word_1_110' title='bbox 124 1462 240 1549; x_wconf 77' lang='grc' dir='ltr'><em>Φινῆος</em></span> <span class='ocrx_word' id='word_1_111' title='bbox 262 1456 469 1549; x_wconf 78' lang='grc' dir='ltr'><em>Ἀγηνορίδαο</em></span> <span class='ocrx_word' id='word_1_112' title='bbox 492 1463 641 1544; x_wconf 86' lang='grc' dir='ltr'><strong><em>λιπόντες</em></strong></span> <span class='ocrx_word' id='word_1_113' title='bbox 654 1464 657 1545; x_wconf 81' lang='lat' dir='ltr'>l</span> <span class='ocrx_word' id='word_1_114' title='bbox 671 1461 761 1530; x_wconf 74' lang='grc' dir='ltr'><strong><em>αὖλιν</em></strong></span> <span class='ocrx_word' id='word_1_115' title='bbox 775 1465 857 1549; x_wconf 80' lang='grc' dir='ltr'><em>ὑπὲρ</em></span> <span class='ocrx_word' id='word_1_116' title='bbox 879 1462 959 1548; x_wconf 89' lang='grc' dir='ltr'><strong><em>μέγα</em></strong></span> <span class='ocrx_word' id='word_1_117' title='bbox 974 1463 1094 1548; x_wconf 79' lang='grc' dir='ltr'><strong><em>λαῖτμα</em></strong></span> <span class='ocrx_word' id='word_1_118' title='bbox 1108 1462 1279 1548; x_wconf 73' lang='grc' dir='ltr'><strong><em>θαλάσσης</em></strong></span> <span class='ocrx_word' id='word_1_119' title='bbox 1300 1459 1496 1545; x_wconf 74' lang='grc' dir='ltr'><strong><em>έξικόμισθα</em></strong></span> <span class='ocrx_word' id='word_1_120' title='bbox 1512 1458 1516 1544; x_wconf 85' lang='grc' dir='ltr'>Ι</span> 
     </span>
     <span class='ocr_line' id='line_1_13' title="bbox 120 1560 1519 1655; baseline -0.001 -27"><span class='ocrx_word' id='word_1_121' title='bbox 120 1566 217 1647; x_wconf 80' lang='grc' dir='ltr'><em>ἀγχοῦ</em></span> <span class='ocrx_word' id='word_1_122' title='bbox 245 1564 404 1647; x_wconf 78' lang='grc' dir='ltr'><strong><em>Κυανέαις</em></strong></span> <span class='ocrx_word' id='word_1_123' title='bbox 429 1566 571 1653; x_wconf 84' lang='grc' dir='ltr'><strong><em>πέτραις,</em></strong></span> <span class='ocrx_word' id='word_1_124' title='bbox 602 1568 639 1647; x_wconf 81' lang='grc' dir='ltr'>δίς</span> <span class='ocrx_word' id='word_1_125' title='bbox 668 1566 724 1654; x_wconf 89' lang='grc' dir='ltr'>μοί</span> <span class='ocrx_word' id='word_1_126' title='bbox 752 1592 834 1634; x_wconf 84' lang='grc' dir='ltr'>ποτε</span> <span class='ocrx_word' id='word_1_127' title='bbox 865 1569 966 1655; x_wconf 88' lang='grc' dir='ltr'><strong><em>μήτηρ</em></strong></span> <span class='ocrx_word' id='word_1_128' title='bbox 994 1565 998 1651; x_wconf 93' lang='grc' dir='ltr'>Ι</span> <span class='ocrx_word' id='word_1_129' title='bbox 1024 1563 1159 1655; x_wconf 77' lang='grc' dir='ltr'><strong><em>ἡμετέρη</em></strong></span> <span class='ocrx_word' id='word_1_130' title='bbox 1185 1560 1332 1641; x_wconf 69' lang='grc' dir='ltr'><strong><em>ματέλεξε</em></strong></span> <span class='ocrx_word' id='word_1_131' title='bbox 1354 1561 1519 1649; x_wconf 78' lang='grc' dir='ltr'><em>περίφρων</em></span> 
     </span>
     <span class='ocr_line' id='line_1_14' title="bbox 120 1666 1519 1759; baseline -0.001 -26"><span class='ocrx_word' id='word_1_132' title='bbox 120 1668 333 1736; x_wconf 87' lang='grc' dir='ltr'><strong><em>Καλλιόπεια.</em></strong></span> <span class='ocrx_word' id='word_1_133' title='bbox 355 1670 359 1756; x_wconf 78' lang='lat' dir='ltr'>l</span> <span class='ocrx_word' id='word_1_134' title='bbox 380 1676 416 1737; x_wconf 83' lang='grc' dir='ltr'>οὗ</span> <span class='ocrx_word' id='word_1_135' title='bbox 431 1677 490 1758; x_wconf 83' lang='grc' dir='ltr'>γάρ</span> <span class='ocrx_word' id='word_1_136' title='bbox 506 1667 539 1740; x_wconf 75' lang='grc' dir='ltr'>οἱ</span> <span class='ocrx_word' id='word_1_137' title='bbox 560 1671 749 1752; x_wconf 82' lang='grc' dir='ltr'>έξυποίλυξις</span> <span class='ocrx_word' id='word_1_138' title='bbox 771 1673 912 1759; x_wconf 85' lang='grc' dir='ltr'><em>ὀιζυροῖο</em></span> <span class='ocrx_word' id='word_1_139' title='bbox 927 1673 1055 1738; x_wconf 78' lang='grc' dir='ltr'><em>πόνοιο·</em></span> <span class='ocrx_word' id='word_1_140' title='bbox 1077 1669 1081 1755; x_wconf 86' lang='grc' dir='ltr'>Ι</span> <span class='ocrx_word' id='word_1_141' title='bbox 1101 1671 1180 1736; x_wconf 81' lang='grc' dir='ltr'><strong><em>ἀλλὰ</em></strong></span> <span class='ocrx_word' id='word_1_142' title='bbox 1203 1669 1425 1755; x_wconf 79' lang='grc' dir='ltr'><strong><em>κατειρύμέναι</em></strong></span> <span class='ocrx_word' id='word_1_143' title='bbox 1448 1666 1519 1732; x_wconf 85' lang='grc' dir='ltr'><strong><em>ἀνέ-</em></strong></span> 
     </span>
     <span class='ocr_line' id='line_1_15' title="bbox 119 1772 1519 1866; baseline -0.001 -28"><span class='ocrx_word' id='word_1_144' title='bbox 119 1797 187 1857; x_wconf 86' lang='grc' dir='ltr'>μων</span> <span class='ocrx_word' id='word_1_145' title='bbox 209 1776 362 1862; x_wconf 82' lang='grc' dir='ltr'>δργήσσιν</span> <span class='ocrx_word' id='word_1_146' title='bbox 383 1774 511 1855; x_wconf 81' lang='grc' dir='ltr'><strong><em>ἀέλλαις</em></strong></span> <span class='ocrx_word' id='word_1_147' title='bbox 531 1777 535 1861; x_wconf 79' lang='lat' dir='ltr'>l</span> <span class='ocrx_word' id='word_1_148' title='bbox 554 1775 731 1866; x_wconf 81' lang='grc' dir='ltr'><strong><em>ξυμβλήτες</em></strong></span> <span class='ocrx_word' id='word_1_149' title='bbox 752 1776 930 1843; x_wconf 75' lang='grc' dir='ltr'><em>πίπτουσιν</em></span> <span class='ocrx_word' id='word_1_150' title='bbox 951 1772 1004 1842; x_wconf 78' lang='grc' dir='ltr'>ἐπ’</span> <span class='ocrx_word' id='word_1_151' title='bbox 1019 1776 1190 1865; x_wconf 77' lang='grc' dir='ltr'><strong><em>ἀλλήλῃσιν</em></strong></span> <span class='ocrx_word' id='word_1_152' title='bbox 1212 1773 1331 1840; x_wconf 76' lang='grc' dir='ltr'><strong><em>ἰοῦσαι·</em></strong></span> <span class='ocrx_word' id='word_1_153' title='bbox 1363 1773 1367 1851; x_wconf 93' lang='grc'>1</span> <span class='ocrx_word' id='word_1_154' title='bbox 1399 1773 1519 1851; x_wconf 79' lang='grc' dir='ltr'><em>δοῦπος</em></span> 
     </span>
     <span class='ocr_line' id='line_1_16' title="bbox 120 1870 1517 1966; baseline -0.003 -23"><span class='ocrx_word' id='word_1_155' title='bbox 120 1870 150 1943; x_wconf 77' lang='grc' dir='ltr'>δ’</span> <span class='ocrx_word' id='word_1_156' title='bbox 168 1878 213 1963; x_wconf 80' lang='grc' dir='ltr'>δμ</span> <span class='ocrx_word' id='word_1_157' title='bbox 240 1876 380 1963; x_wconf 88' lang='grc' dir='ltr'><strong><em>πέλαγός</em></strong></span> <span class='ocrx_word' id='word_1_158' title='bbox 407 1903 442 1945; x_wconf 85' lang='grc' dir='ltr'>τε</span> <span class='ocrx_word' id='word_1_159' title='bbox 469 1879 524 1946; x_wconf 87' lang='grc' dir='ltr'>καί</span> <span class='ocrx_word' id='word_1_160' title='bbox 550 1883 681 1966; x_wconf 79' lang='grc' dir='ltr'><em>οὐρανδν</em></span> <span class='ocrx_word' id='word_1_161' title='bbox 706 1884 796 1966; x_wconf 82' lang='grc' dir='ltr'><em>εὐρὺν</em></span> <span class='ocrx_word' id='word_1_162' title='bbox 821 1882 918 1947; x_wconf 80' lang='grc' dir='ltr'><strong><em>ἵκανε.</em></strong></span> <span class='ocrx_word' id='word_1_163' title='bbox 958 1879 1148 1946; x_wconf 86' lang='lat' dir='ltr'>Schneideri</span> <span class='ocrx_word' id='word_1_164' title='bbox 1174 1876 1232 1945; x_wconf 77' lang='grc' dir='ltr'>ἐπί</span> <span class='ocrx_word' id='word_1_165' title='bbox 1261 1878 1336 1943; x_wconf 89' lang='lat' dir='ltr'>huic</span> <span class='ocrx_word' id='word_1_166' title='bbox 1360 1877 1431 1941; x_wconf 93' lang='lat' dir='ltr'>loco</span> <span class='ocrx_word' id='word_1_167' title='bbox 1454 1899 1517 1941; x_wconf 91' lang='lat' dir='ltr'>non</span> 
     </span>
     <span class='ocr_line' id='line_1_17' title="bbox 120 1974 1518 2071; baseline 0.001 -27"><span class='ocrx_word' id='word_1_168' title='bbox 120 1974 293 2047; x_wconf 89' lang='lat' dir='ltr'>convenire</span> <span class='ocrx_word' id='word_1_169' title='bbox 316 1994 405 2048; x_wconf 91' lang='lat' dir='ltr'>reete</span> <span class='ocrx_word' id='word_1_170' title='bbox 422 1983 556 2049; x_wconf 90' lang='lat' dir='ltr'>Abelius</span> <span class='ocrx_word' id='word_1_171' title='bbox 579 1987 716 2050; x_wconf 87' lang='lat' dir='ltr'>sensisse</span> <span class='ocrx_word' id='word_1_172' title='bbox 737 1985 876 2068; x_wconf 85' lang='lat' dir='ltr'>videtur,</span> <span class='ocrx_word' id='word_1_173' title='bbox 902 2007 974 2050; x_wconf 86' lang='lat' dir='ltr'>oum</span> <span class='ocrx_word' id='word_1_174' title='bbox 997 1984 1168 2049; x_wconf 86' lang='lat' dir='ltr'>scriberet:</span> <span class='ocrx_word' id='word_1_175' title='bbox 1191 1979 1401 2071; x_wconf 78' lang='grc' dir='ltr'>Ἀγηνορίδαο</span> <span class='ocrx_word' id='word_1_176' title='bbox 1423 1978 1518 2047; x_wconf 83' lang='grc' dir='ltr'><strong><em>κατέ-</em></strong></span> 
     </span>
     <span class='ocr_line' id='line_1_18' title="bbox 119 2085 1517 2175; baseline 0 -26"><span class='ocrx_word' id='word_1_177' title='bbox 119 2085 240 2151; x_wconf 83' lang='grc' dir='ltr'>λειπον.</span> <span class='ocrx_word' id='word_1_178' title='bbox 287 2087 345 2151; x_wconf 90' lang='lat' dir='ltr'>sed</span> <span class='ocrx_word' id='word_1_179' title='bbox 375 2091 446 2174; x_wconf 90' lang='lat' dir='ltr'>quis</span> <span class='ocrx_word' id='word_1_180' title='bbox 474 2110 593 2175; x_wconf 89' lang='lat' dir='ltr'>quaeso</span> <span class='ocrx_word' id='word_1_181' title='bbox 624 2092 809 2155; x_wconf 91' lang='lat' dir='ltr'>coniectura</span> <span class='ocrx_word' id='word_1_182' title='bbox 838 2089 956 2153; x_wconf 87' lang='lat' dir='ltr'>inferet</span> <span class='ocrx_word' id='word_1_183' title='bbox 977 2088 1077 2152; x_wconf 88' lang='lat' dir='ltr'>talem</span> <span class='ocrx_word' id='word_1_184' title='bbox 1103 2108 1261 2174; x_wconf 84' lang='lat' dir='ltr'>personae</span> <span class='ocrx_word' id='word_1_185' title='bbox 1284 2088 1517 2171; x_wconf 83' lang='lat' dir='ltr'>grammaticae</span> 
     </span>
     <span class='ocr_line' id='line_1_19' title="bbox 120 2192 1518 2281; baseline 0.001 -28"><span class='ocrx_word' id='word_1_186' title='bbox 120 2193 424 2259; x_wconf 80' lang='lat' dir='ltr'>commutationem?</span> <span class='ocrx_word' id='word_1_187' title='bbox 460 2203 631 2280; x_wconf 88' lang='lat' dir='ltr'>praeterea</span> <span class='ocrx_word' id='word_1_188' title='bbox 653 2196 687 2259; x_wconf 91' lang='lat' dir='ltr'>in</span> <span class='ocrx_word' id='word_1_189' title='bbox 709 2204 855 2281; x_wconf 90' lang='lat' dir='ltr'>tempore</span> <span class='ocrx_word' id='word_1_190' title='bbox 876 2193 1068 2280; x_wconf 87' lang='lat' dir='ltr'>imperfecto</span> <span class='ocrx_word' id='word_1_191' title='bbox 1090 2192 1177 2256; x_wconf 87' lang='lat' dir='ltr'>haud</span> <span class='ocrx_word' id='word_1_192' title='bbox 1200 2193 1360 2256; x_wconf 87' lang='lat' dir='ltr'>immerito</span> <span class='ocrx_word' id='word_1_193' title='bbox 1383 2192 1518 2255; x_wconf 88' lang='lat' dir='ltr'>offendit</span> 
     </span>
     <span class='ocr_line' id='line_1_20' title="bbox 122 2292 1517 2385; baseline 0.002 -27"><span class='ocrx_word' id='word_1_194' title='bbox 122 2292 238 2359; x_wconf 82' lang='lat' dir='ltr'>Sitzler</span> <span class='ocrx_word' id='word_1_195' title='bbox 260 2295 295 2381; x_wconf 90' lang='lat' dir='ltr'>(l.</span> <span class='ocrx_word' id='word_1_196' title='bbox 320 2296 404 2384; x_wconf 54' lang='grc' dir='ltr'><strong><em>αλλ)</em></strong></span> <span class='ocrx_word' id='word_1_197' title='bbox 450 2300 519 2385; x_wconf 89' lang='lat' dir='ltr'>ipse</span> <span class='ocrx_word' id='word_1_198' title='bbox 550 2299 713 2364; x_wconf 84' lang='lat' dir='ltr'>obiectum</span> <span class='ocrx_word' id='word_1_199' title='bbox 738 2297 903 2363; x_wconf 87' lang='lat' dir='ltr'>desiderat</span> <span class='ocrx_word' id='word_1_200' title='bbox 933 2298 976 2362; x_wconf 90' lang='lat' dir='ltr'>ad</span> <span class='ocrx_word' id='word_1_201' title='bbox 998 2297 1137 2362; x_wconf 88' lang='lat' dir='ltr'>verbum</span> <span class='ocrx_word' id='word_1_202' title='bbox 1159 2295 1357 2382; x_wconf 72' lang='grc' dir='ltr'><strong><em>έξικόμοσδα</em></strong></span> <span class='ocrx_word' id='word_1_203' title='bbox 1380 2296 1517 2361; x_wconf 87' lang='lat' dir='ltr'>relatum</span> 
     </span>
     <span class='ocr_line' id='line_1_21' title="bbox 119 2400 1517 2483; baseline 0.001 -22"><span class='ocrx_word' id='word_1_204' title='bbox 119 2406 151 2461; x_wconf 89' lang='lat' dir='ltr'>et</span> <span class='ocrx_word' id='word_1_205' title='bbox 173 2408 266 2483; x_wconf 86' lang='lat' dir='ltr'>putat</span> <span class='ocrx_word' id='word_1_206' title='bbox 288 2423 419 2466; x_wconf 89' lang='lat' dir='ltr'>versum</span> <span class='ocrx_word' id='word_1_207' title='bbox 441 2404 643 2468; x_wconf 88' lang='lat' dir='ltr'>intercidisse</span> <span class='ocrx_word' id='word_1_208' title='bbox 668 2404 776 2469; x_wconf 89' lang='lat' dir='ltr'>scriba</span> <span class='ocrx_word' id='word_1_209' title='bbox 799 2403 900 2468; x_wconf 87' lang='lat' dir='ltr'>oculis</span> <span class='ocrx_word' id='word_1_210' title='bbox 922 2403 1105 2483; x_wconf 89' lang='lat' dir='ltr'>aberrante,</span> <span class='ocrx_word' id='word_1_211' title='bbox 1131 2424 1204 2465; x_wconf 88' lang='lat' dir='ltr'>cum</span> <span class='ocrx_word' id='word_1_212' title='bbox 1228 2401 1310 2465; x_wconf 91' lang='lat' dir='ltr'>haec</span> <span class='ocrx_word' id='word_1_213' title='bbox 1333 2400 1402 2464; x_wconf 82' lang='lat' dir='ltr'>lere</span> <span class='ocrx_word' id='word_1_214' title='bbox 1427 2409 1517 2464; x_wconf 86' lang='lat' dir='ltr'>exta·</span> 
     </span>
     <span class='ocr_line' id='line_1_22' title="bbox 119 2503 1517 2596; baseline 0.005 -32"><span class='ocrx_word' id='word_1_215' title='bbox 119 2510 192 2566; x_wconf 91' lang='lat' dir='ltr'>rent</span> <span class='ocrx_word' id='word_1_216' title='bbox 213 2504 246 2566; x_wconf 92' lang='lat' dir='ltr'>in</span> <span class='ocrx_word' id='word_1_217' title='bbox 268 2503 367 2569; x_wconf 87' lang='lat' dir='ltr'>libro:</span> <span class='ocrx_word' id='word_1_218' title='bbox 406 2508 574 2596; x_wconf 72' lang='grc' dir='ltr'><strong><em>θαλάσσης</em></strong></span> <span class='ocrx_word' id='word_1_219' title='bbox 596 2509 821 2596; x_wconf 76' lang='grc' dir='ltr'><strong><em>έκφερόμεσδα</em></strong></span> <span class='ocrx_word' id='word_1_220' title='bbox 841 2508 845 2589; x_wconf 80' lang='lat' dir='ltr'>l</span> <span class='ocrx_word' id='word_1_221' title='bbox 867 2509 906 2595; x_wconf 86' lang='grc' dir='ltr'>δή</span> <span class='ocrx_word' id='word_1_222' title='bbox 929 2509 1002 2573; x_wconf 83' lang='grc' dir='ltr'><strong><em>τότε</em></strong></span> <span class='ocrx_word' id='word_1_223' title='bbox 1025 2507 1169 2593; x_wconf 82' lang='grc' dir='ltr'><strong><em>δινήεντα</em></strong></span> <span class='ocrx_word' id='word_1_224' title='bbox 1193 2507 1294 2591; x_wconf 90' lang='grc' dir='ltr'><em>πόρου</em></span> <span class='ocrx_word' id='word_1_225' title='bbox 1317 2506 1392 2590; x_wconf 86' lang='grc' dir='ltr'><em>ῥόον</em></span> <span class='ocrx_word' id='word_1_226' title='bbox 1413 2503 1517 2581; x_wconf 79' lang='grc' dir='ltr'><strong><em>ἐξικό-</em></strong></span> 
     </span>
     <span class='ocr_line' id='line_1_23' title="bbox 118 2606 1516 2700; baseline 0.001 -29"><span class='ocrx_word' id='word_1_227' title='bbox 118 2612 228 2690; x_wconf 76' lang='grc' dir='ltr'><strong><em>μεσθα</em></strong></span> <span class='ocrx_word' id='word_1_228' title='bbox 253 2606 309 2694; x_wconf 80' lang='lat' dir='ltr'>(cs.</span> <span class='ocrx_word' id='word_1_229' title='bbox 326 2608 433 2695; x_wconf 83' lang='lat' dir='ltr'>Apoll.</span> <span class='ocrx_word' id='word_1_230' title='bbox 457 2610 491 2674; x_wconf 93' lang='grc' dir='ltr'>Π</span> <span class='ocrx_word' id='word_1_231' title='bbox 506 2610 595 2699; x_wconf 88' lang='grc'>551).</span> <span class='ocrx_word' id='word_1_232' title='bbox 620 2610 746 2677; x_wconf 88' lang='lat' dir='ltr'>addidit</span> <span class='ocrx_word' id='word_1_233' title='bbox 769 2621 877 2677; x_wconf 92' lang='lat' dir='ltr'>autem</span> <span class='ocrx_word' id='word_1_234' title='bbox 900 2610 943 2675; x_wconf 88' lang='lat' dir='ltr'>ad</span> <span class='ocrx_word' id='word_1_235' title='bbox 965 2612 1191 2700; x_wconf 78' lang='grc' dir='ltr'><strong><em>ἐκφερόμισθα</em></strong></span> <span class='ocrx_word' id='word_1_236' title='bbox 1208 2610 1270 2673; x_wconf 85' lang='lat' dir='ltr'>‘vel</span> <span class='ocrx_word' id='word_1_237' title='bbox 1292 2609 1516 2695; x_wconf 80' lang='grc' dir='ltr'>ἐκπερδωμεν’,</span> 
     </span>
     <span class='ocr_line' id='line_1_24' title="bbox 119 2714 1516 2807; baseline 0.004 -34"><span class='ocrx_word' id='word_1_238' title='bbox 119 2733 182 2796; x_wconf 93' lang='lat' dir='ltr'>quo</span> <span class='ocrx_word' id='word_1_239' title='bbox 205 2722 340 2798; x_wconf 86' lang='lat' dir='ltr'>accepto</span> <span class='ocrx_word' id='word_1_240' title='bbox 364 2724 396 2778; x_wconf 92' lang='lat' dir='ltr'>et</span> <span class='ocrx_word' id='word_1_241' title='bbox 419 2717 625 2783; x_wconf 89' lang='lat' dir='ltr'>coniecturae</span> <span class='ocrx_word' id='word_1_242' title='bbox 648 2716 860 2807; x_wconf 81' lang='lat' dir='ltr'>probabilitas</span> <span class='ocrx_word' id='word_1_243' title='bbox 890 2716 1091 2781; x_wconf 88' lang='lat' dir='ltr'>imminuitur</span> <span class='ocrx_word' id='word_1_244' title='bbox 1115 2724 1147 2778; x_wconf 91' lang='lat' dir='ltr'>et</span> <span class='ocrx_word' id='word_1_245' title='bbox 1169 2715 1396 2799; x_wconf 87' lang='lat' dir='ltr'>imperfectum</span> <span class='ocrx_word' id='word_1_246' title='bbox 1418 2714 1516 2778; x_wconf 88' lang='lat' dir='ltr'>infer·</span> 
     </span>
     <span class='ocr_line' id='line_1_25' title="bbox 119 2816 1515 2907; baseline 0.005 -31"><span class='ocrx_word' id='word_1_247' title='bbox 119 2824 180 2879; x_wconf 89' lang='lat' dir='ltr'>tur.</span> <span class='ocrx_word' id='word_1_248' title='bbox 226 2818 291 2881; x_wconf 87' lang='lat' dir='ltr'>iam</span> <span class='ocrx_word' id='word_1_249' title='bbox 314 2819 340 2880; x_wconf 95' lang='lat' dir='ltr'>si</span> <span class='ocrx_word' id='word_1_250' title='bbox 363 2818 466 2884; x_wconf 86' lang='lat' dir='ltr'>verba</span> <span class='ocrx_word' id='word_1_251' title='bbox 488 2822 587 2904; x_wconf 79' lang='grc' dir='ltr'><em>ἀγχοῦ</em></span> <span class='ocrx_word' id='word_1_252' title='bbox 609 2820 767 2901; x_wconf 85' lang='grc' dir='ltr'><strong><em>Κυανέαις</em></strong></span> <span class='ocrx_word' id='word_1_253' title='bbox 788 2820 922 2907; x_wconf 88' lang='grc' dir='ltr'><strong><em>πέτραις</em></strong></span> <span class='ocrx_word' id='word_1_254' title='bbox 947 2841 1011 2884; x_wconf 92' lang='lat' dir='ltr'>non</span> <span class='ocrx_word' id='word_1_255' title='bbox 1034 2816 1201 2883; x_wconf 85' lang='lat' dir='ltr'>sufficiunt</span> <span class='ocrx_word' id='word_1_256' title='bbox 1223 2818 1265 2883; x_wconf 93' lang='lat' dir='ltr'>ad</span> <span class='ocrx_word' id='word_1_257' title='bbox 1288 2818 1396 2883; x_wconf 90' lang='lat' dir='ltr'>locum</span> <span class='ocrx_word' id='word_1_258' title='bbox 1419 2820 1515 2904; x_wconf 90' lang='lat' dir='ltr'>signi-</span> 
     </span>
     <span class='ocr_line' id='line_1_26' title="bbox 119 2919 1515 3013; baseline 0.006 -30"><span class='ocrx_word' id='word_1_259' title='bbox 119 2919 285 2985; x_wconf 91' lang='lat' dir='ltr'>ficandum</span> <span class='ocrx_word' id='word_1_260' title='bbox 308 2962 350 2969; x_wconf 97' lang='lat'>—</span> <span class='ocrx_word' id='word_1_261' title='bbox 373 2946 438 3009; x_wconf 87' lang='lat' dir='ltr'>qua</span> <span class='ocrx_word' id='word_1_262' title='bbox 468 2924 509 2989; x_wconf 94' lang='lat' dir='ltr'>de</span> <span class='ocrx_word' id='word_1_263' title='bbox 536 2948 572 2989; x_wconf 91' lang='lat' dir='ltr'>re</span> <span class='ocrx_word' id='word_1_264' title='bbox 595 2928 746 3013; x_wconf 90' lang='lat' dir='ltr'>equidem</span> <span class='ocrx_word' id='word_1_265' title='bbox 770 2926 883 2992; x_wconf 91' lang='lat' dir='ltr'>dubito</span> <span class='ocrx_word' id='word_1_266' title='bbox 905 2964 948 2974; x_wconf 94' lang='lat'>—</span> <span class='ocrx_word' id='word_1_267' title='bbox 971 2924 1070 2989; x_wconf 91' lang='lat' dir='ltr'>scribi</span> <span class='ocrx_word' id='word_1_268' title='bbox 1093 2935 1198 3011; x_wconf 90' lang='lat' dir='ltr'>potest</span> <span class='ocrx_word' id='word_1_269' title='bbox 1220 2921 1515 3012; x_wconf 60' lang='lat' dir='ltr'>lineamentaque,</span> 
     </span>
     <span class='ocr_line' id='line_1_27' title="bbox 118 3026 1515 3119; baseline 0.005 -31"><span class='ocrx_word' id='word_1_270' title='bbox 118 3026 164 3089; x_wconf 91' lang='lat' dir='ltr'>ita</span> <span class='ocrx_word' id='word_1_271' title='bbox 186 3035 222 3090; x_wconf 88' lang='lat' dir='ltr'>ut</span> <span class='ocrx_word' id='word_1_272' title='bbox 245 3029 343 3111; x_wconf 80' lang='grc' dir='ltr'><em>ἀγχοῦ</em></span> <span class='ocrx_word' id='word_1_273' title='bbox 364 3029 511 3095; x_wconf 86' lang='lat' dir='ltr'>absolute</span> <span class='ocrx_word' id='word_1_274' title='bbox 535 3034 575 3095; x_wconf 91' lang='lat' dir='ltr'>sit</span> <span class='ocrx_word' id='word_1_275' title='bbox 597 3034 746 3119; x_wconf 85' lang='lat' dir='ltr'>positum.</span> <span class='ocrx_word' id='word_1_276' title='bbox 793 3031 881 3117; x_wconf 93' lang='lat' dir='ltr'>quod</span> <span class='ocrx_word' id='word_1_277' title='bbox 902 3039 1012 3094; x_wconf 87' lang='lat' dir='ltr'>autem</span> <span class='ocrx_word' id='word_1_278' title='bbox 1035 3029 1077 3093; x_wconf 87' lang='lat' dir='ltr'>ad</span> <span class='ocrx_word' id='word_1_279' title='bbox 1100 3029 1269 3114; x_wconf 90' lang='lat' dir='ltr'>apodosim</span> <span class='ocrx_word' id='word_1_280' title='bbox 1292 3029 1426 3113; x_wconf 85' lang='lat' dir='ltr'>adtinet,</span> <span class='ocrx_word' id='word_1_281' title='bbox 1459 3041 1515 3095; x_wconf 89' lang='lat' dir='ltr'>ant</span> 
     </span>
     <span class='ocr_line' id='line_1_28' title="bbox 117 3131 1516 3223; baseline 0.004 -29"><span class='ocrx_word' id='word_1_282' title='bbox 117 3131 324 3197; x_wconf 86' lang='lat' dir='ltr'>anacoluthia</span> <span class='ocrx_word' id='word_1_283' title='bbox 355 3136 528 3199; x_wconf 87' lang='lat' dir='ltr'>statuenda</span> <span class='ocrx_word' id='word_1_284' title='bbox 550 3145 608 3219; x_wconf 87' lang='lat' dir='ltr'>est,</span> <span class='ocrx_word' id='word_1_285' title='bbox 641 3158 723 3223; x_wconf 90' lang='lat' dir='ltr'>quae</span> <span class='ocrx_word' id='word_1_286' title='bbox 754 3137 884 3221; x_wconf 90' lang='lat' dir='ltr'>saepius</span> <span class='ocrx_word' id='word_1_287' title='bbox 907 3134 995 3221; x_wconf 91' lang='lat' dir='ltr'>apud</span> <span class='ocrx_word' id='word_1_288' title='bbox 1026 3134 1206 3198; x_wconf 91' lang='lat' dir='ltr'>Homerum</span> <span class='ocrx_word' id='word_1_289' title='bbox 1236 3133 1417 3199; x_wconf 88' lang='lat' dir='ltr'>admittitur</span> <span class='ocrx_word' id='word_1_290' title='bbox 1443 3146 1516 3221; x_wconf 91' lang='lat' dir='ltr'>post</span> 
     </span>
     <span class='ocr_line' id='line_1_29' title="bbox 117 3234 1514 3328; baseline 0.002 -27"><span class='ocrx_word' id='word_1_291' title='bbox 117 3234 191 3301; x_wconf 78' lang='grc' dir='ltr'><em>ἐπεί</em></span> <span class='ocrx_word' id='word_1_292' title='bbox 214 3235 269 3323; x_wconf 88' lang='lat' dir='ltr'>(cf.</span> <span class='ocrx_word' id='word_1_293' title='bbox 292 3259 311 3321; x_wconf 95' lang='grc' dir='ltr'><em>γ</em></span> <span class='ocrx_word' id='word_1_294' title='bbox 336 3237 407 3322; x_wconf 85' lang='grc'>103,</span> <span class='ocrx_word' id='word_1_295' title='bbox 440 3240 459 3306; x_wconf 94' lang='grc' dir='ltr'><em>δ</em></span> <span class='ocrx_word' id='word_1_296' title='bbox 482 3241 556 3327; x_wconf 80' lang='grc'><strong>204,</strong></span> <span class='ocrx_word' id='word_1_297' title='bbox 586 3246 613 3307; x_wconf 68' lang='lat' dir='ltr'>d</span> <span class='ocrx_word' id='word_1_298' title='bbox 636 3240 742 3328; x_wconf 61' lang='lat'>236),</span> <span class='ocrx_word' id='word_1_299' title='bbox 757 3250 822 3324; x_wconf 86' lang='lat' dir='ltr'>aut,</span> <span class='ocrx_word' id='word_1_300' title='bbox 847 3239 934 3326; x_wconf 91' lang='lat' dir='ltr'>quod</span> <span class='ocrx_word' id='word_1_301' title='bbox 956 3241 1061 3324; x_wconf 89' lang='lat' dir='ltr'>magis</span> <span class='ocrx_word' id='word_1_302' title='bbox 1083 3239 1203 3325; x_wconf 89' lang='lat' dir='ltr'>placet,</span> <span class='ocrx_word' id='word_1_303' title='bbox 1227 3241 1430 3303; x_wconf 91' lang='lat' dir='ltr'>enuntiatum</span> <span class='ocrx_word' id='word_1_304' title='bbox 1453 3242 1514 3326; x_wconf 92' lang='lat' dir='ltr'>pri-</span> 
     </span>
     <span class='ocr_line' id='line_1_30' title="bbox 119 3333 1514 3431; baseline 0.005 -28"><span class='ocrx_word' id='word_1_305' title='bbox 119 3333 257 3405; x_wconf 81' lang='lat' dir='ltr'>marium</span> <span class='ocrx_word' id='word_1_306' title='bbox 278 3343 393 3429; x_wconf 90' lang='lat' dir='ltr'>incipit</span> <span class='ocrx_word' id='word_1_307' title='bbox 414 3368 434 3409; x_wconf 90' lang='lat' dir='ltr'>a</span> <span class='ocrx_word' id='word_1_308' title='bbox 457 3346 566 3411; x_wconf 89' lang='lat' dir='ltr'>verbis</span> <span class='ocrx_word' id='word_1_309' title='bbox 589 3347 709 3425; x_wconf 84' lang='grc' dir='ltr'><em>δοῦπος</em></span> <span class='ocrx_word' id='word_1_310' title='bbox 732 3339 761 3412; x_wconf 83' lang='grc' dir='ltr'>δ’</span> <span class='ocrx_word' id='word_1_311' title='bbox 776 3346 821 3431; x_wconf 74' lang='lat' dir='ltr'>up</span> <span class='ocrx_word' id='word_1_312' title='bbox 843 3343 993 3429; x_wconf 86' lang='grc' dir='ltr'>πέλαγος.</span> <span class='ocrx_word' id='word_1_313' title='bbox 1016 3354 1085 3409; x_wconf 91' lang='lat' dir='ltr'>tum</span> <span class='ocrx_word' id='word_1_314' title='bbox 1107 3343 1210 3408; x_wconf 91' lang='lat' dir='ltr'>verba</span> <span class='ocrx_word' id='word_1_315' title='bbox 1232 3343 1308 3408; x_wconf 90' lang='lat' dir='ltr'>inde</span> <span class='ocrx_word' id='word_1_316' title='bbox 1331 3344 1373 3408; x_wconf 89' lang='lat' dir='ltr'>ab</span> <span class='ocrx_word' id='word_1_317' title='bbox 1397 3348 1433 3409; x_wconf 80' lang='grc' dir='ltr'>οὐ</span> <span class='ocrx_word' id='word_1_318' title='bbox 1455 3349 1514 3431; x_wconf 78' lang='grc' dir='ltr'>γάρ</span> 
     </span>
     <span class='ocr_line' id='line_1_31' title="bbox 118 3438 1515 3537; baseline 0.004 -29"><span class='ocrx_word' id='word_1_319' title='bbox 118 3438 150 3509; x_wconf 75' lang='grc' dir='ltr'>οἱ</span> <span class='ocrx_word' id='word_1_320' title='bbox 172 3447 332 3530; x_wconf 89' lang='lat' dir='ltr'>usquead</span> <span class='ocrx_word' id='word_1_321' title='bbox 355 3448 461 3515; x_wconf 78' lang='grc' dir='ltr'><strong><em>ἰοῦσαι</em></strong></span> <span class='ocrx_word' id='word_1_322' title='bbox 477 3450 652 3537; x_wconf 86' lang='lat' dir='ltr'>explicatio</span> <span class='ocrx_word' id='word_1_323' title='bbox 667 3459 742 3514; x_wconf 86' lang='lat' dir='ltr'>sunt</span> <span class='ocrx_word' id='word_1_324' title='bbox 764 3451 953 3531; x_wconf 89' lang='lat' dir='ltr'>sentcntiae,</span> <span class='ocrx_word' id='word_1_325' title='bbox 979 3470 1062 3535; x_wconf 92' lang='lat' dir='ltr'>quae</span> <span class='ocrx_word' id='word_1_326' title='bbox 1085 3451 1168 3513; x_wconf 91' lang='lat' dir='ltr'>inest</span> <span class='ocrx_word' id='word_1_327' title='bbox 1191 3450 1224 3512; x_wconf 94' lang='lat' dir='ltr'>in</span> <span class='ocrx_word' id='word_1_328' title='bbox 1247 3450 1413 3513; x_wconf 87' lang='lat' dir='ltr'>enuntiato</span> <span class='ocrx_word' id='word_1_329' title='bbox 1435 3449 1515 3513; x_wconf 89' lang='lat' dir='ltr'>rela-</span> 
     </span>
     <span class='ocr_line' id='line_1_32' title="bbox 119 3550 1142 3640; baseline 0.007 -30"><span class='ocrx_word' id='word_1_330' title='bbox 119 3550 183 3613; x_wconf 91' lang='lat' dir='ltr'>tivo</span> <span class='ocrx_word' id='word_1_331' title='bbox 207 3552 267 3629; x_wconf 82' lang='grc' dir='ltr'>δίς.</span> <span class='ocrx_word' id='word_1_332' title='bbox 287 3602 293 3615; x_wconf 95' lang='grc'><strong><em>.</em></strong></span> <span class='ocrx_word' id='word_1_333' title='bbox 314 3551 496 3631; x_wconf 77' lang='grc' dir='ltr'><strong><em>,ιιατέλεξεε</em></strong></span> <span class='ocrx_word' id='word_1_334' title='bbox 523 3558 630 3640; x_wconf 89' lang='lat' dir='ltr'>‘rupes</span> <span class='ocrx_word' id='word_1_335' title='bbox 654 3554 805 3640; x_wconf 77' lang='lat' dir='ltr'>Cyaneas</span> <span class='ocrx_word' id='word_1_336' title='bbox 828 3554 1027 3639; x_wconf 88' lang='lat' dir='ltr'>periculosas</span> <span class='ocrx_word' id='word_1_337' title='bbox 1050 3553 1142 3618; x_wconf 89' lang='lat' dir='ltr'>esse&#39;.</span> 
     </span>
    </p>

    <p class='ocr_par' dir='ltr' id='par_1_4' title="bbox 117 3654 1516 4057">
     <span class='ocr_line' id='line_1_33' title="bbox 221 3654 1516 3745; baseline 0.002 -24"><span class='ocrx_word' id='word_1_338' title='bbox 221 3659 337 3742; x_wconf 83' lang='grc' dir='ltr'><em>Αδτδιρ</em></span> <span class='ocrx_word' id='word_1_339' title='bbox 360 3655 434 3721; x_wconf 81' lang='grc' dir='ltr'><em>ἐπεί</em></span> <span class='ocrx_word' id='word_1_340' title='bbox 455 3654 483 3745; x_wconf 76' lang='grc' dir='ltr'>ρ&gt;</span> <span class='ocrx_word' id='word_1_341' title='bbox 506 3658 623 3741; x_wconf 89' lang='lat' dir='ltr'>legitur</span> <span class='ocrx_word' id='word_1_342' title='bbox 645 3658 719 3742; x_wconf 85' lang='grc'>355,</span> <span class='ocrx_word' id='word_1_343' title='bbox 736 3659 814 3740; x_wconf 80' lang='grc'><strong>629;</strong></span> <span class='ocrx_word' id='word_1_344' title='bbox 839 3660 1026 3723; x_wconf 78' lang='lat' dir='ltr'>coniectina</span> <span class='ocrx_word' id='word_1_345' title='bbox 1048 3658 1172 3724; x_wconf 90' lang='lat' dir='ltr'>illatum</span> <span class='ocrx_word' id='word_1_346' title='bbox 1195 3659 1300 3721; x_wconf 92' lang='lat' dir='ltr'>estin</span> <span class='ocrx_word' id='word_1_347' title='bbox 1324 3680 1377 3720; x_wconf 88' lang='lat' dir='ltr'>vv.</span> <span class='ocrx_word' id='word_1_348' title='bbox 1394 3657 1459 3722; x_wconf 90' lang='grc'>455</span> <span class='ocrx_word' id='word_1_349' title='bbox 1482 3669 1516 3723; x_wconf 91' lang='lat' dir='ltr'>et</span> 
     </span>
     <span class='ocr_line' id='line_1_34' title="bbox 120 3758 1513 3848; baseline 0.006 -28"><span class='ocrx_word' id='word_1_350' title='bbox 120 3758 203 3821; x_wconf 86' lang='grc'><strong>1178</strong></span> <span class='ocrx_word' id='word_1_351' title='bbox 226 3760 268 3824; x_wconf 92' lang='lat' dir='ltr'>ab</span> <span class='ocrx_word' id='word_1_352' title='bbox 291 3761 481 3825; x_wconf 90' lang='lat' dir='ltr'>Hermanno</span> <span class='ocrx_word' id='word_1_353' title='bbox 503 3785 562 3848; x_wconf 88' lang='lat' dir='ltr'>pro</span> <span class='ocrx_word' id='word_1_354' title='bbox 587 3763 736 3828; x_wconf 88' lang='lat' dir='ltr'>codicum</span> <span class='ocrx_word' id='word_1_355' title='bbox 759 3766 919 3848; x_wconf 88' lang='lat' dir='ltr'>scriptura</span> <span class='ocrx_word' id='word_1_356' title='bbox 941 3760 1015 3828; x_wconf 76' lang='grc' dir='ltr'><em>ἐπεί</em></span> <span class='ocrx_word' id='word_1_357' title='bbox 1035 3758 1075 3828; x_wconf 88' lang='grc' dir='ltr'>τ’.</span> <span class='ocrx_word' id='word_1_358' title='bbox 1124 3761 1179 3826; x_wconf 90' lang='lat' dir='ltr'>sed</span> <span class='ocrx_word' id='word_1_359' title='bbox 1204 3785 1262 3826; x_wconf 91' lang='lat' dir='ltr'>our</span> <span class='ocrx_word' id='word_1_360' title='bbox 1283 3761 1363 3825; x_wconf 91' lang='lat' dir='ltr'>illud</span> <span class='ocrx_word' id='word_1_361' title='bbox 1385 3760 1458 3827; x_wconf 82' lang='grc' dir='ltr'><em>ἐπεί</em></span> <span class='ocrx_word' id='word_1_362' title='bbox 1478 3786 1513 3828; x_wconf 86' lang='grc' dir='ltr'>τε</span> 
     </span>
     <span class='ocr_line' id='line_1_35' title="bbox 117 3862 1513 3953; baseline 0.003 -28"><span class='ocrx_word' id='word_1_363' title='bbox 117 3862 239 3928; x_wconf 92' lang='lat' dir='ltr'>idcirco</span> <span class='ocrx_word' id='word_1_364' title='bbox 263 3874 432 3948; x_wconf 85' lang='lat' dir='ltr'>mutemus,</span> <span class='ocrx_word' id='word_1_365' title='bbox 457 3867 541 3952; x_wconf 92' lang='lat' dir='ltr'>quod</span> <span class='ocrx_word' id='word_1_366' title='bbox 565 3877 614 3933; x_wconf 92' lang='lat' dir='ltr'>ter</span> <span class='ocrx_word' id='word_1_367' title='bbox 635 3877 762 3933; x_wconf 86' lang='lat' dir='ltr'>tantum</span> <span class='ocrx_word' id='word_1_368' title='bbox 785 3867 873 3953; x_wconf 88' lang='lat' dir='ltr'>apud</span> <span class='ocrx_word' id='word_1_369' title='bbox 896 3867 1075 3931; x_wconf 91' lang='lat' dir='ltr'>Homerum</span> <span class='ocrx_word' id='word_1_370' title='bbox 1097 3867 1274 3931; x_wconf 88' lang='lat' dir='ltr'>invenitur:</span> <span class='ocrx_word' id='word_1_371' title='bbox 1302 3871 1341 3932; x_wconf 89' lang='lat' dir='ltr'><em>A</em></span> <span class='ocrx_word' id='word_1_372' title='bbox 1364 3866 1415 3950; x_wconf 86' lang='grc'>87,</span> <span class='ocrx_word' id='word_1_373' title='bbox 1439 3865 1513 3952; x_wconf 79' lang='grc'>562,</span> 
     </span>
     <span class='ocr_line' id='line_1_36' title="bbox 118 3968 1514 4057; baseline 0.003 -25"><span class='ocrx_word' id='word_1_374' title='bbox 118 3972 160 4032; x_wconf 88' lang='grc' dir='ltr'><strong><em>Μ</em></strong></span> <span class='ocrx_word' id='word_1_375' title='bbox 187 3968 250 4032; x_wconf 91' lang='grc'>393</span> <span class='ocrx_word' id='word_1_376' title='bbox 283 4006 326 4017; x_wconf 93' lang='grc'><strong>-</strong></span> <span class='ocrx_word' id='word_1_377' title='bbox 357 3970 522 4036; x_wconf 90' lang='lat' dir='ltr'>Herodoto</span> <span class='ocrx_word' id='word_1_378' title='bbox 553 3974 630 4036; x_wconf 88' lang='lat' dir='ltr'>satis</span> <span class='ocrx_word' id='word_1_379' title='bbox 660 3974 771 4037; x_wconf 89' lang='lat' dir='ltr'>tritum</span> <span class='ocrx_word' id='word_1_380' title='bbox 801 3982 864 4054; x_wconf 82' lang='lat' dir='ltr'>est3</span> <span class='ocrx_word' id='word_1_381' title='bbox 896 3972 937 4037; x_wconf 86' lang='lat' dir='ltr'>ef.</span> <span class='ocrx_word' id='word_1_382' title='bbox 971 3971 1128 4036; x_wconf 87' lang='lat' dir='ltr'>Kuehner</span> <span class='ocrx_word' id='word_1_383' title='bbox 1158 3970 1192 4033; x_wconf 92' lang='lat' dir='ltr'>Il</span> <span class='ocrx_word' id='word_1_384' title='bbox 1222 3994 1254 4057; x_wconf 91' lang='lat' dir='ltr'>p.</span> <span class='ocrx_word' id='word_1_385' title='bbox 1280 3972 1343 4037; x_wconf 76' lang='lat'>702</span> <span class='ocrx_word' id='word_1_386' title='bbox 1375 4011 1413 4019; x_wconf 93' lang='lat'>—</span> <span class='ocrx_word' id='word_1_387' title='bbox 1449 3994 1514 4047; x_wconf 84' lang='lat' dir='ltr'>pon</span> 
     </span>
    </p>
   </div>
   <div class='ocr_carea' id='block_1_3' title="bbox 117 4110 323 4119">
    <p class='ocr_par' dir='ltr' id='par_1_5' title="bbox 117 4110 323 4119">
     <span class='ocr_line' id='line_1_37' title="bbox 117 4110 323 4119; baseline 0.015 -3"><span class='ocrx_word' id='word_1_388' title='bbox 117 4110 127 4116; x_wconf 75' lang='grc'><em>.</em></span> <span class='ocrx_word' id='word_1_389' title='bbox 135 4112 323 4119; x_wconf 72' lang='lat'>---.—-...,</span> 
     </span>
    </p>
   </div>
   <div class='ocr_carea' id='block_1_4' title="bbox 116 4179 1513 4681">
    <p class='ocr_par' dir='ltr' id='par_1_6' title="bbox 117 4179 1513 4509">
     <span class='ocr_line' id='line_1_38' title="bbox 222 4179 1512 4247; baseline 0.003 -18"><span class='ocrx_word' id='word_1_390' title='bbox 222 4179 241 4245; x_wconf 88' lang='lat'>¹)</span> <span class='ocrx_word' id='word_1_391' title='bbox 261 4180 300 4230; x_wconf 78' lang='lat' dir='ltr'>Of.</span> <span class='ocrx_word' id='word_1_392' title='bbox 320 4181 452 4247; x_wconf 88' lang='lat' dir='ltr'>Kruegeri</span> <span class='ocrx_word' id='word_1_393' title='bbox 474 4187 566 4231; x_wconf 87' lang='lat' dir='ltr'>notam</span> <span class='ocrx_word' id='word_1_394' title='bbox 590 4182 624 4231; x_wconf 90' lang='lat' dir='ltr'>ad</span> <span class='ocrx_word' id='word_1_395' title='bbox 647 4182 753 4232; x_wconf 85' lang='lat' dir='ltr'>Arriani</span> <span class='ocrx_word' id='word_1_396' title='bbox 770 4182 916 4233; x_wconf 84' lang='lat' dir='ltr'>Anabasim</span> <span class='ocrx_word' id='word_1_397' title='bbox 937 4184 1041 4243; x_wconf 79' lang='lat'>13‚2:</span> <span class='ocrx_word' id='word_1_398' title='bbox 1064 4180 1118 4231; x_wconf 76' lang='lat' dir='ltr'>‘lul</span> <span class='ocrx_word' id='word_1_399' title='bbox 1136 4180 1167 4232; x_wconf 78' lang='grc' dir='ltr'>δὲ</span> <span class='ocrx_word' id='word_1_400' title='bbox 1188 4183 1268 4237; x_wconf 81' lang='grc' dir='ltr'><strong><em>Γέτας</em></strong></span> <span class='ocrx_word' id='word_1_401' title='bbox 1285 4182 1455 4246; x_wconf 85' lang='lat' dir='ltr'>‘ausserdsm,</span> <span class='ocrx_word' id='word_1_402' title='bbox 1473 4200 1512 4233; x_wconf 89' lang='lat' dir='ltr'>so·</span> 
     </span>
     <span class='ocr_line' id='line_1_39' title="bbox 117 4265 1513 4336; baseline 0.005 -22"><span class='ocrx_word' id='word_1_403' title='bbox 117 4265 201 4315; x_wconf 86' lang='lat' dir='ltr'>dann’</span> <span class='ocrx_word' id='word_1_404' title='bbox 225 4266 296 4316; x_wconf 89' lang='lat' dir='ltr'>ohne</span> <span class='ocrx_word' id='word_1_405' title='bbox 315 4266 399 4317; x_wconf 85' lang='lat' dir='ltr'>Casus</span> <span class='ocrx_word' id='word_1_406' title='bbox 417 4270 452 4319; x_wconf 87' lang='lat' dir='ltr'>ist</span> <span class='ocrx_word' id='word_1_407' title='bbox 474 4268 692 4320; x_wconf 88' lang='lat' dir='ltr'>herodoteischer</span> <span class='ocrx_word' id='word_1_408' title='bbox 710 4269 956 4336; x_wconf 83' lang='lat' dir='ltr'>Sprachgebraueh‚</span> <span class='ocrx_word' id='word_1_409' title='bbox 980 4270 1027 4318; x_wconf 88' lang='lat' dir='ltr'>der</span> <span class='ocrx_word' id='word_1_410' title='bbox 1045 4268 1114 4318; x_wconf 87' lang='lat' dir='ltr'>auch</span> <span class='ocrx_word' id='word_1_411' title='bbox 1133 4268 1247 4318; x_wconf 88' lang='lat' dir='ltr'>beiden</span> <span class='ocrx_word' id='word_1_412' title='bbox 1266 4268 1408 4335; x_wconf 77' lang='lat' dir='ltr'>Spittesten</span> <span class='ocrx_word' id='word_1_413' title='bbox 1427 4269 1513 4321; x_wconf 88' lang='lat' dir='ltr'>selten</span> 
     </span>
     <span class='ocr_line' id='line_1_40' title="bbox 117 4353 1513 4422; baseline 0.005 -21"><span class='ocrx_word' id='word_1_414' title='bbox 117 4353 163 4413; x_wconf 68' lang='grc' dir='ltr'>ἱείς</span> <span class='ocrx_word' id='word_1_415' title='bbox 183 4353 250 4403; x_wconf 75' lang='lat' dir='ltr'>oster</span> <span class='ocrx_word' id='word_1_416' title='bbox 268 4355 313 4404; x_wconf 91' lang='lat' dir='ltr'>bei</span> <span class='ocrx_word' id='word_1_417' title='bbox 330 4355 434 4417; x_wconf 75' lang='lat' dir='ltr'>Anien,</span> <span class='ocrx_word' id='word_1_418' title='bbox 453 4357 503 4405; x_wconf 86' lang='lat' dir='ltr'>wie</span> <span class='ocrx_word' id='word_1_419' title='bbox 521 4356 534 4404; x_wconf 97' lang='grc' dir='ltr'><strong>Ι</strong></span> <span class='ocrx_word' id='word_1_420' title='bbox 554 4358 593 4417; x_wconf 90' lang='grc'>14,</span> <span class='ocrx_word' id='word_1_421' title='bbox 607 4359 631 4419; x_wconf 79' lang='lat'>2,</span> <span class='ocrx_word' id='word_1_422' title='bbox 650 4358 678 4406; x_wconf 95' lang='lat' dir='ltr'>II</span> <span class='ocrx_word' id='word_1_423' title='bbox 697 4359 721 4420; x_wconf 84' lang='grc'>7,</span> <span class='ocrx_word' id='word_1_424' title='bbox 734 4359 763 4421; x_wconf 77' lang='lat'>53</span> <span class='ocrx_word' id='word_1_425' title='bbox 783 4359 807 4420; x_wconf 89' lang='lat'>8,</span> <span class='ocrx_word' id='word_1_426' title='bbox 821 4360 845 4420; x_wconf 77' lang='grc'>4,</span> <span class='ocrx_word' id='word_1_427' title='bbox 864 4357 905 4405; x_wconf 92' lang='grc' dir='ltr'>ΠΙ</span> <span class='ocrx_word' id='word_1_428' title='bbox 917 4358 959 4418; x_wconf 79' lang='lat'>22,</span> <span class='ocrx_word' id='word_1_429' title='bbox 971 4358 996 4418; x_wconf 84' lang='lat'>4,</span> <span class='ocrx_word' id='word_1_430' title='bbox 1014 4355 1039 4404; x_wconf 87' lang='lat' dir='ltr'>V</span> <span class='ocrx_word' id='word_1_431' title='bbox 1058 4356 1129 4419; x_wconf 79' lang='lat'>5,1&#39;.</span> <span class='ocrx_word' id='word_1_432' title='bbox 1148 4355 1181 4405; x_wconf 87' lang='lat' dir='ltr'>de</span> <span class='ocrx_word' id='word_1_433' title='bbox 1200 4356 1374 4421; x_wconf 88' lang='lat' dir='ltr'>productione</span> <span class='ocrx_word' id='word_1_434' title='bbox 1392 4356 1513 4422; x_wconf 82' lang='lat' dir='ltr'>syllabae</span> 
     </span>
     <span class='ocr_line' id='line_1_41' title="bbox 117 4438 627 4509; baseline 0.012 -22"><span class='ocrx_word' id='word_1_435' title='bbox 117 4438 204 4490; x_wconf 87' lang='lat' dir='ltr'>finalis</span> <span class='ocrx_word' id='word_1_436' title='bbox 222 4440 337 4509; x_wconf 80' lang='lat' dir='ltr'>voculae</span> <span class='ocrx_word' id='word_1_437' title='bbox 355 4440 404 4491; x_wconf 76' lang='grc' dir='ltr'>ἐπί</span> <span class='ocrx_word' id='word_1_438' title='bbox 419 4443 463 4508; x_wconf 85' lang='lat' dir='ltr'>egi</span> <span class='ocrx_word' id='word_1_439' title='bbox 480 4460 505 4509; x_wconf 87' lang='lat' dir='ltr'>p.</span> <span class='ocrx_word' id='word_1_440' title='bbox 520 4444 576 4493; x_wconf 74' lang='lat'>245</span> <span class='ocrx_word' id='word_1_441' title='bbox 588 4460 627 4509; x_wconf 87' lang='lat' dir='ltr'>sq.</span> 
     </span>
    </p>

    <p class='ocr_par' dir='ltr' id='par_1_7' title="bbox 116 4526 1512 4681">
     <span class='ocr_line' id='line_1_42' title="bbox 221 4526 1512 4597; baseline 0.005 -21"><span class='ocrx_word' id='word_1_442' title='bbox 221 4526 242 4592; x_wconf 82' lang='lat'>²)</span> <span class='ocrx_word' id='word_1_443' title='bbox 261 4528 363 4577; x_wconf 87' lang='lat' dir='ltr'>Eadem</span> <span class='ocrx_word' id='word_1_444' title='bbox 381 4528 437 4579; x_wconf 84' lang='lat' dir='ltr'>fers</span> <span class='ocrx_word' id='word_1_445' title='bbox 456 4528 544 4580; x_wconf 81' lang='lat' dir='ltr'>Abelii</span> <span class='ocrx_word' id='word_1_446' title='bbox 562 4532 734 4582; x_wconf 87' lang='lat' dir='ltr'>coniecturae</span> <span class='ocrx_word' id='word_1_447' title='bbox 746 4530 936 4581; x_wconf 83' lang='lat' dir='ltr'>Weizsaecker</span> <span class='ocrx_word' id='word_1_448' title='bbox 955 4530 984 4596; x_wconf 86' lang='lat' dir='ltr'>(l.</span> <span class='ocrx_word' id='word_1_449' title='bbox 997 4546 1017 4580; x_wconf 86' lang='lat' dir='ltr'>s.</span> <span class='ocrx_word' id='word_1_450' title='bbox 1031 4530 1064 4596; x_wconf 91' lang='lat' dir='ltr'>c.)</span> <span class='ocrx_word' id='word_1_451' title='bbox 1084 4532 1203 4597; x_wconf 88' lang='lat' dir='ltr'>opponit,</span> <span class='ocrx_word' id='word_1_452' title='bbox 1222 4532 1268 4595; x_wconf 92' lang='lat' dir='ltr'>qui</span> <span class='ocrx_word' id='word_1_453' title='bbox 1287 4532 1465 4597; x_wconf 83' lang='lat' dir='ltr'>corruptelam</span> <span class='ocrx_word' id='word_1_454' title='bbox 1484 4535 1512 4583; x_wconf 89' lang='lat' dir='ltr'>in</span> 
     </span>
     <span class='ocr_line' id='line_1_43' title="bbox 116 4611 380 4681; baseline 0.011 -18"><span class='ocrx_word' id='word_1_455' title='bbox 116 4611 177 4663; x_wconf 77' lang='grc' dir='ltr'>ἐπεί</span> <span class='ocrx_word' id='word_1_456' title='bbox 193 4612 276 4665; x_wconf 86' lang='lat' dir='ltr'>latere</span> <span class='ocrx_word' id='word_1_457' title='bbox 295 4620 380 4681; x_wconf 84' lang='lat' dir='ltr'>putat.</span> 
     </span>
    </p>
   </div>
   <div class='ocr_carea' id='block_1_5' title="bbox 0 0 1700 5067">
    <p class='ocr_par' dir='ltr' id='par_1_8' title="bbox 0 0 1700 5067">
     <span class='ocr_line' id='line_1_44' title="bbox 0 0 1700 5067; baseline 0 1"><span class='ocrx_word' id='word_1_458' title='bbox 0 0 1700 5067; x_wconf 95' lang='lat' dir='ltr'> </span> 
     </span>
    </p>
   </div>
  </div>
 </body>
</html>
