3392 5067
1437 223 1501 288 313

106 406 275 470 statuenda
305 407 408 471 estin
432 430 462 471 v.
482 407 532 488 19,
563 409 589 470 si
620 430 695 471 cum
723 410 913 473 Hermanno
944 418 976 474 et
999 409 1116 474 Abelio
1147 410 1333 476 scribimus:
1363 407 1416 499 ηδ’
1439 408 1502 498 ἔργ’

104 507 244 596 ἀίδηλα)
265 507 433 597 Γηγενέων,
457 509 491 576 οἲ
510 511 621 596 λυγρδν
643 507 703 576 ἀπ>
721 514 864 597 Οὐρανοῦ
885 512 1063 597 tapetam
1082 513 1085 600 )
1103 513 1231 600 σπέρμα
1253 523 1353 603 γονῆς,
1376 517 1414 580 τό
1436 519 1500 602 (τε)

104 615 249 697 πρόσθεν
271 614 351 679 δθεν
372 612 460 698 γένος
480 612 659 698 ἐξεγένοντο
676 614 680 701 l
698 619 836 703 θνητῶν.
868 617 954 701 quod
975 617 1183 683 Hermannus
1208 619 1254 682 sio
1278 617 1434 704 explicat:
1459 617 1502 683 ‘et

106 739 188 801 quae
210 719 315 802 prima
337 718 450 782 fuisset
472 718 638 783 hominurn
661 721 749 803 origo
773 721 963 805 exposuisse
987 743 1021 785 se
1045 722 1145 786 dicit'.
1170 722 1316 787 Vhabet
1337 722 1501 805 ἐτάξαντο,

105 821 219 906 reliqui
240 820 414 898 ἐστάξαντο
437 821 513 908 (nisi
536 821 621 906 quod
645 824 678 886 in
694 823 744 887 Vo
759 823 793 887 id
817 833 999 889 correctum
1021 835 1071 889 est
1094 848 1136 889 ex
1160 825 1338 911 ἐτάξαντο),
1360 830 1398 892 τὸ
1420 830 1502 914 πρό

106 929 187 990 σθεν
210 933 301 988 extat
315 927 348 988 in
364 924 455 989 libris
472 926 632 990 omnibus.
671 926 800 990 accedit
822 927 865 991 ad
889 927 1097 994 difficultates
1120 929 1215 993 huius
1238 929 1301 994 loci
1325 930 1501 1014 augendas,

106 1027 191 1112 quod
223 1030 369 1114 quaestio
400 1028 441 1092 de
472 1031 613 1114 genuina
643 1032 805 1117 scriptura
829 1030 970 1117 quodam
993 1033 1088 1096 modo
1113 1033 1263 1098 cohaeret
1291 1057 1363 1098 cum
1387 1032 1501 1118 Orphi-

107 1155 217 1198 corum
239 1132 396 1198 doctrina.
434 1135 643 1198 Hermannus
674 1135 759 1200 enim
789 1144 826 1200 ut
848 1138 1010 1200 coniceret
1031 1139 1069 1203 τό
1091 1161 1125 1203 τε
1148 1140 1296 1222 πρόσθεν
1323 1149 1502 1205 commotus

106 1245 154 1301 est
176 1237 291 1321 fragm.
307 1237 429 1302 inedito
452 1237 504 1323 20,
517 1237 539 1322 ¹)
571 1262 634 1324 quo
657 1261 675 1303 e
699 1239 834 1324 fuligine
866 1239 1106 1306 combustorum
1131 1241 1291 1323 Titanum,
1319 1265 1384 1307 non
1408 1266 1425 1307 e
1449 1242 1502 1308 Gi-

106 1341 257 1424 gantibus
286 1342 431 1406 homines
461 1350 547 1407 ortos
578 1365 648 1408 esse
671 1342 833 1409 docemur.
874 1365 974 1429 quare
997 1343 1104 1409 locum
1127 1347 1160 1409 in
1183 1345 1290 1410 medio
1320 1345 1502 1433 relinquere

104 1446 202 1508 tutius
226 1444 321 1526 duxi3
345 1445 483 1511 Wielius
505 1446 541 1509 H
555 1447 595 1509 21
614 1469 659 1532 sq.
684 1449 865 1532 proposuit:
888 1446 922 1514 οἳ
942 1449 1053 1535 λυγρὸν
1074 1445 1128 1514 ἐπ’
1147 1445 1319 1535 Οὐρανίοσς
1345 1450 1498 1538 τάξαντα)

106 1546 233 1634 σπέρμα
253 1558 354 1638 γονῆς,
377 1553 416 1614 τδ
437 1551 593 1636 πρόσθεν.
658 1566 660 1570 ·

321 1732 363 1787 X.
387 1733 437 1788 De
459 1732 718 1799 pronominibus
741 1737 776 1789 et
797 1732 973 1802 particulis
995 1734 1252 1802 interrogativis.
1263 1729 1290 1815 ²)

209 1863 386 1928 Enuntiata
415 1866 646 1949 interrogativa
676 1864 921 1950 pronominibus
951 1863 1094 1945 inducta,
1127 1887 1210 1950 quae
1237 1889 1302 1932 non
1330 1890 1372 1931 ex
1400 1868 1500 1932 altero

106 1969 270 2032 enuntiato
293 1968 447 2053 pendent,
470 1969 629 2034 habemus
644 1971 677 2032 in
693 1991 746 2032 vu.
764 1969 804 2031 97
823 1966 898 2054 (τό),
921 1967 1030 2055 4783)
1056 1970 1139 2033 1226
1158 1969 1205 2054 (τί
1219 1972 1279 2057 νυ),
1306 1971 1387 2035 1347
1406 1968 1503 2056 (ἔνθα

106 2069 196 2158 τί),4)
220 2094 303 2157 quae
326 2073 469 2157 pendent
491 2095 534 2137 ex
556 2072 670 2138 altero:
695 2073 759 2136 820
780 2072 947 2159 φράζετον,
971 2071 1087 2152 οἵτινές
1108 2075 1190 2152 ἐστε,
1214 2072 1247 2139 τί
1270 2076 1305 2140 δὲ
1320 2073 1412 2160 χρέος
1425 2073 1501 2163 ὔμμ’

105 2176 202 2257 ἵκανε,
229 2176 312 2239 1186
327 2172 416 2260 ἔγνω,
439 2174 569 2254 ὁππόθ’
586 2177 647 2264 (sio
662 2177 858 2263 Stephanus,
883 2176 976 2243 codd.
994 2173 1031 2244 οὗ
1054 2177 1105 2242 vel
1125 2183 1161 2244 οὐ
1177 2175 1275 2265 ποθ’)
1299 2176 1348 2266 δι’ρ)
1364 2178 1467 2264 ἐσμέν.
1478 2181 1503 2266 ⁵)

105 2290 234 2364 praeter
257 2280 414 2347 eiusmodi
437 2284 603 2346 enuntiata
618 2304 719 2346 unum
736 2281 837 2345 habes
853 2282 1043 2366 primarium
1058 2283 1336 2366 interrogativum,
1359 2286 1392 2347 in
1410 2286 1501 2348 cuius

103 2386 194 2450 initio
225 2385 383 2471 particula
412 2384 433 2468 ι)
463 2388 567 2472 posita
597 2396 656 2468 est,
687 2386 867 2451 Hermanui
898 2387 1085 2451 coniectura
1110 2385 1131 2475 ἦ
1158 2382 1296 2454 ἔλπεσθ’
1322 2390 1355 2452 in
1385 2411 1417 2451 v.
1438 2388 1502 2452 846

104 2488 251 2573 probata,
276 2490 317 2553 de
340 2513 408 2575 qua
427 2514 458 2576 p.
476 2490 540 2555 252
563 2491 736 2577 disputavi.
771 2490 850 2555 mihi
873 2501 940 2556 tam
966 2498 1044 2575 apta
1067 2491 1196 2556 videtur
1220 2513 1258 2555 ea
1279 2493 1500 2577 interrogatio,

105 2604 140 2657 ut
163 2596 190 2657 si
213 2595 284 2680 quis
307 2593 441 2658 haereat
464 2597 496 2658 in
519 2596 669 2680 synizesi,
694 2595 785 2658 cuius
809 2594 898 2659 aliud
921 2594 1107 2680 exemplum
1131 2617 1173 2659 ex
1195 2596 1257 2660 hoc
1281 2600 1424 2660 carmine
1447 2595 1499 2661 ad-

105 2698 190 2761 ferre
213 2721 349 2783 nequeo,
358 2697 383 2784 6)
414 2698 458 2762 ad
488 2699 661 2763 violentam
693 2699 912 2764 coniecturam
942 2693 1131 2788 ἦέ11πεσθ’,
1164 2702 1207 2778 ὡς
1229 2696 1332 2765 ἔσσετ’
1352 2700 1502 2788 ἀδήριτον

105 2799 197 2888 γέρας
217 2806 291 2888 ὑμῖν
314 2802 488 2886 confugere
513 2803 624 2868 malim
647 2826 746 2889 quam
769 2826 841 2868 eam
865 2803 1004 2868 abicere.

210 3031 230 3093 1)
249 3031 322 3081 Edit.
334 3032 499 3095 Hermanni3
518 3033 589 3098 apud
603 3032 729 3082 Abelinm
748 3032 776 3081 id
794 3047 883 3098 neque
901 3034 972 3081 inter
990 3036 1064 3081 certa
1082 3046 1170 3097 neque
1189 3033 1259 3082 inter
1277 3032 1358 3082 dubia
1377 3037 1423 3082 aut
1436 3032 1504 3082 falsa

104 3124 243 3183 receptum
262 3120 362 3168 inveni.

210 3204 454 3269 2)(11.Η.Ιοιδιιιι,
473 3208 515 3257 De
534 3207 757 3273 pronominalium
777 3223 802 3270 q.
816 3207 840 3255 d.
860 3207 1101 3271 interrogationum
1120 3221 1170 3255 usu
1188 3207 1268 3256 Hom.
1288 3206 1365 3256 Halis
1384 3206 1501 3256 81879.

105 3291 154 3341 Ch.
167 3293 329 3354 Praetorius,
356 3294 412 3343 Der
430 3294 502 3343 hom.
516 3294 657 3344 Gebrauch
681 3311 733 3343 von
751 3293 767 3357 ἦ
787 3292 841 3357 (ἦε)
859 3295 888 3342 in
904 3294 1108 3358 Fragesaetaen.
1132 3309 1218 3358 progr.
1236 3309 1325 3358 gymn.
1343 3293 1502 3344 Frid-Guil.

106 3378 206 3429 Caesel.
222 3381 296 3441 1873,
314 3381 364 3430 Th.
378 3381 500 3446 Ludwig,
518 3382 561 3430 De
579 3387 670 3430 enunt.
684 3382 810 3445 interrog.
824 3380 896 3445 apud
916 3379 1049 3445 Aristoph.
1067 3395 1125 3430 usu.
1145 3381 1327 3446 Regiomontii
1348 3381 1423 3430 1882.

210 3466 231 3531 ³)
255 3466 322 3517 ἀλλὰ
346 3470 376 3518 τί
395 3482 439 3519 σοι
457 3469 520 3535 περὶ
537 3467 623 3518 τῶνδε
642 3468 730 3518 πολὺν
749 3466 834 3534 λόγον
853 3465 968 3533 (χρόνον
986 3466 1037 3532 Vo)
1056 3465 1193 3533 ἀμφαδὸν
1215 3469 1314 3531 εἰπεῖν,
1338 3467 1503 3518 desideratur

106 3551 154 3603 δεῖ
167 3552 211 3603 vel
224 3553 288 3622 χρή,
307 3569 323 3602 e
341 3554 444 3604 duobus
463 3554 592 3620 exemplis
608 3553 737 3603 infinitivi
749 3570 796 3619 pro
809 3555 975 3603 coniunctivi
987 3554 1117 3618 usurpati,
1137 3568 1205 3618 quae
1218 3553 1346 3603 Kuebner
1358 3553 1385 3602 11
1397 3555 1412 3616 ξ
1425 3555 1503 3604 4746

105 3627 200 3703 adfert,
219 3640 333 3691 alterum
352 3641 461 3691 dubium
481 3647 531 3705 est,
550 3643 609 3692 dico
623 3641 746 3691 Herodl
765 3642 807 3704 88,
825 3640 940 3690 alterum
959 3657 974 3688 ιι
986 3642 1036 3690 431
1056 3656 1111 3691 non
1130 3641 1182 3690 huc
1200 3641 1329 3704 pertinet3
1348 3640 1412 3707 ἴμεν
1431 3643 1502 3691 enim

105 3727 267 3778 indicativus
290 3735 331 3779 est
354 3728 413 3786 (illo
437 3728 496 3778 loco
515 3731 537 3778 B
555 3729 637 3779 habet
659 3728 771 3796 κότερον
790 3729 882 3796 λέγειν
904 3727 972 3796 πρός
998 3743 1029 3779 σε
1043 3767 1048 3778 .
1064 3767 1068 3778 .
1084 3726 1114 3778 ἐν
1132 3731 1169 3795 τῷ
1196 3727 1327 3794 παρεόντι
1346 3726 1453 3795 χρόνῳς
1480 3727 1503 3776 Α

105 3815 181 3864 addit
193 3816 258 3882 χρή,
278 3817 349 3880 quod
366 3820 384 3878 β
402 3832 449 3881 pro
463 3816 558 3883 χρόνῳ
577 3816 691 3866 exhibet.
722 3816 824 3865 Holder
838 3815 975 3866 Schaeferi
994 3816 1174 3866 coniecturam
1188 3813 1217 3865 δν
1230 3819 1266 3880 τῷ
1279 3813 1410 3882 παρεόντι
1417 3813 1504 3882 χρεόν

105 3902 246 3967 amplexus
264 3903 324 3967 est).
343 3904 514 3953 coniecturae
533 3902 600 3954 asta
619 3906 649 3953 τί
663 3900 710 3953 δεῖ
723 3903 750 3952 id
768 3903 865 3963 obstat,
885 3902 956 3967 quod
974 3900 1072 3952 vocula
1089 3916 1134 3951 σοι
1151 3914 1232 3965 aegre
1251 3916 1381 3953 caremus.

212 3989 232 4051 4)
251 3991 403 4040 Pronomen
415 3989 592 4051 indefinitum,
611 3996 641 4038 ut
654 4005 711 4039 eam
725 4005 781 4039 rem
794 3990 912 4039 breviter
924 3988 1070 4050 absolvam,
1090 3989 1248 4054 plerumque
1260 3994 1319 4054 post
1331 3989 1503 4054 negationem

104 4075 216 4140 legitur:
239 4077 289 4125 829
308 4073 382 4138 (οὔτε
401 4092 428 4126 τι
440 4116 446 4126 .
460 4116 466 4126 .
480 4073 541 4126 οὔτε
561 4072 612 4126 τιν’
629 4076 733 4140 ἄλλην),
752 4078 810 4136 836,
824 4077 875 4125 838
894 4073 974 4137 (οὐδέ
990 4077 1036 4137 τι),
1055 4075 1113 4134 880,
1127 4076 1187 4136 883,
1200 4076 1248 4124 891
1272 4075 1352 4138 (οὐδέ
1369 4078 1428 4138 τις),
1452 4078 1503 4126 904

106 4164 143 4222 (εἰ
160 4160 201 4227 μή
219 4165 279 4224 τις),
299 4164 528 4225 907,1186,1199
547 4159 592 4225 (οδ
610 4165 671 4226 τις),
691 4165 758 4212 1206
777 4162 828 4228 (μή
847 4165 899 4225 τι),
916 4167 1056 4227 praeterea
1075 4163 1141 4210 1212
1161 4161 1199 4223 (εἴ
1215 4163 1276 4224 τις).

212 4248 232 4311 ⁵)
250 4248 282 4298 In
301 4265 326 4299 v.
341 4251 408 4298 1349
426 4250 514 4300 Vossii
532 4247 575 4315 ἠδ’
589 4251 623 4306 ὡς
640 4250 737 4300 melius
755 4256 796 4300 est
815 4265 895 4315 quum
914 4249 984 4314 quod
997 4248 1170 4298 Hermannus
1188 4249 1286 4298 inferre
1304 4249 1392 4299 voluit
1409 4249 1503 4306 ὅππως

104 4331 136 4387 τ’.
156 4334 231 4384 codd.
250 4336 380 4400 praebent
397 4337 413 4400 ἢ
431 4342 493 4392 πῶς.
1031 4389 1035 4396 ,

211 4421 233 4486 6)
251 4422 383 4488 Exempla
395 4423 531 4474 homerica
544 4451 575 4460 -
589 4424 741 4489 quindecim
754 4423 810 4473 fere
822 4427 887 4472 sunt
904 4450 938 4458 -
956 4422 976 4472 I.
989 4421 1145 4471 Menradius
1157 4423 1293 4488 congessit
1309 4422 1361 4489 (De
1373 4427 1502 4474 contract.

107 4515 135 4558 et
153 4510 236 4573 syniz.
250 4524 300 4558 usu
318 4509 388 4559 hom.
401 4511 525 4560 Monach.
541 4512 615 4573 1886,
627 4527 652 4576 p.
669 4507 737 4578 177),
756 4511 802 4576 qui
819 4524 961 4559 numerum
980 4524 1070 4559 eorum
1084 4509 1236 4559 Nauckium
1256 4509 1376 4574 aliosque
1394 4515 1502 4560 secutus

106 4596 267 4647 imminuere
283 4595 385 4660 studet3
403 4597 558 4663 obloquitur
576 4597 737 4663 Vogrinzius
754 4613 779 4662 p.
793 4598 826 4647 56
839 4613 879 4662 sq.
