3392 5067
1477 148 1540 209 279

143 338 318 400 adnotans:
343 338 467 400 ‘duram
485 339 660 400 orationem
676 338 709 399 in
725 346 822 420 pocta
838 336 1060 401 semibarbaro
1082 358 1147 399 non
1163 359 1260 419 aegre
1283 338 1389 401 feres'.
1429 347 1541 401 eontra

145 442 361 521 Hermannus‚
386 442 441 525 qui
466 442 594 525 scripsit
615 444 751 522 κεάσσαι,
776 462 833 503 suo
856 443 939 504 iure:
964 445 1007 506 ‘at
1028 440 1110 521 ista',
1134 442 1247 525 inquit,
1272 443 1375 505 ‘nimis
1397 442 1564 521 barbara·

144 545 242 608 sunt'.
267 545 442 630 simplicior
465 553 514 608 est
530 544 639 608 Wielii
663 544 791 609 medela
812 549 949 609 κεάσσαι
965 544 1018 609 ‘ad
1040 544 1180 631 φάλαγγι
1196 546 1381 631 pertinens'.
1406 546 1539 612 Schnei-

143 650 210 713 deri
235 657 344 713 autem
367 651 584 714 coniecturam
615 648 751 736 ἡμέτερα
780 650 853 713 τότε
883 658 942 737 νῆα
959 704 964 713 .
984 648 1119 726 ,κεάξαι
1148 672 1212 713 non
1243 659 1291 712 est
1314 672 1371 713 eur
1401 650 1540 735 amplius

142 755 288 818 refutem.
323 752 449 818 duobus
472 755 569 837 igitur
591 753 669 817 locis
693 754 857 839 optativus
880 752 1041 817 nonnullis
1066 752 1232 817 codicibus
1254 753 1402 817 firmatus
1425 754 1539 818 melius

143 858 303 943 quadrare
334 859 422 922 visus
453 866 502 921 est
533 880 631 943 quam
662 859 897 921 coniunctivus.
942 860 976 921 in
1005 881 1036 922 v.
1061 856 1126 922 850
1159 860 1383 922 coniunctivus
1414 881 1472 944 per
1504 881 1538 921 se

143 961 299 1046 explicari
322 971 429 1047 potest
450 984 490 1025 ac
506 961 619 1026 dubito
643 984 729 1045 sane,
753 983 830 1025 num
855 985 918 1026 uno
935 962 1004 1026 cod.
1024 962 1150 1045 Snisis‚
1173 972 1210 1026 ut
1232 971 1281 1027 ter
1304 962 1419 1025 eadem
1442 985 1538 1026 enun-

142 1068 211 1129 tiati
235 1065 463 1129 condicionalis
486 1065 590 1129 forma
612 1074 788 1151 repetatur,
812 1065 905 1129 nobis
928 1068 1092 1151 optativus
1115 1064 1299 1132 αείδοισδε
1321 1066 1539 1130 restituendus

143 1172 192 1232 sit.
218 1170 275 1233 sed
291 1192 375 1255 quae
391 1178 439 1233 est
454 1169 626 1254 apodosis?
648 1170 862 1235 Schubertius
878 1171 1008 1254 quidem
1025 1172 1095 1233 iure
1112 1172 1301 1261 exposuisse
1316 1171 1394 1234 mihi
1409 1169 1539 1233 videtur

141 1274 244 1339 verba
266 1277 303 1339 τὸ
325 1272 381 1339 καὶ
402 1274 485 1339 πολὺ
507 1271 633 1359 κέρδιον
655 1272 714 1339 οἴω
744 1272 806 1356 (sio
831 1274 943 1338 scribit
966 1297 983 1337 e
1008 1273 1078 1338 cod.
1104 1274 1126 1339 S
1150 1276 1310 1359 scriptura
1333 1267 1438 1360 οἶμαι)
1470 1276 1538 1337 eius

142 1382 213 1443 vice
230 1401 293 1442 non
316 1378 422 1460 fungi3
446 1386 515 1442 tum
537 1379 621 1441 enim
638 1377 740 1441 verba
762 1378 838 1442 inde
860 1402 879 1441 a
901 1376 1062 1464 κρίναντες
1083 1387 1157 1464 post
1179 1379 1346 1465 apodosim
1367 1379 1473 1463 posita
1495 1378 1537 1442 ad

142 1483 342 1547 enuntiatum
373 1481 601 1546 secundarium
624 1484 786 1567 pertinere
809 1492 974 1569 nequeunt
1002 1491 1034 1546 et
1056 1484 1115 1545 vix
1145 1484 1190 1545 ita
1213 1482 1369 1568 explicari
1392 1492 1536 1567 possunt,

141 1598 176 1652 ut
204 1587 429 1673 praedicatum
461 1586 678 1671 supplendum
709 1608 780 1651 esse
811 1586 1000 1671 dicamus.¹)
1046 1586 1238 1650 Schneideri
1262 1589 1447 1650 coniectura
1467 1584 1536 1672 κρί-

139 1716 213 1757 νατε
235 1702 289 1757 νῦν
311 1692 478 1755 minimam
508 1690 608 1754 habet
638 1689 909 1775 probabilitatem.
956 1713 1025 1754 meo
1049 1691 1180 1776 quidem
1210 1691 1327 1754 iudicio
1350 1689 1440 1755 locus
1464 1712 1536 1753 con-

139 1797 294 1861 formatus
318 1795 431 1858 estad
455 1793 642 1879 exemplum
663 1794 726 1858 loei
748 1794 904 1858 homerici
926 1799 965 1859 A
980 1792 1054 1875 581,
1078 1794 1135 1858 ubi
1158 1794 1272 1858 eodem
1296 1793 1389 1857 modo
1413 1796 1443 1857 in
1468 1816 1535 1857 ora-

139 1902 226 1966 tione
250 1908 409 1965 commota
440 1898 499 1985 (in
529 1897 694 1981 bewegter
724 1898 1042 1963 leidenschaftlicher
1065 1898 1165 1963 Rede’
1190 1898 1347 1962 Kuehner
1368 1898 1403 1962 II
1425 1897 1534 1980 ssit,

141 2004 212 2091 310)
236 2005 385 2090 apodosis
402 2005 559 2069 omittitur
574 2005 706 2089 eiusque
722 2004 791 2068 loeo
807 2008 913 2091 posita
928 2014 1003 2068 sunt
1025 2004 1128 2068 verba
1151 2003 1169 2069 ὃ
1191 2008 1249 2090 γὰρ
1272 2005 1355 2070 πολὺ
1378 2003 1536 2092 φέρτατός

138 2110 233 2190 ἐστιν,
259 2107 451 2193 quibuscum
468 2110 649 2193 comparari
665 2118 811 2193 possunt:
837 2107 925 2174 ὃκαὶ
939 2109 1031 2193 γέρας
1046 2103 1176 2175 έσσεται
1198 2110 1280 2194 ὑμῖν.
1319 2118 1421 2173 totum
1437 2110 1535 2193 igitur

138 2213 245 2277 locum
262 2214 403 2298 quinque
420 2213 587 2277 vocabulis
603 2214 734 2277 mutatis
750 2234 878 2297 unoque
895 2213 1004 2277 addito
1021 2215 1068 2276 sic
1085 2213 1293 2278 scribendum
1309 2236 1380 2277 esse
1404 2235 1533 2277 censeo:

345 2371 375 2435 εἰ
396 2372 453 2454 μέν
476 2371 514 2455 δὴ
539 2369 713 2449 Κόλχοισιν
735 2372 961 2456 άρηιφάτοισιν
982 2370 1100 2436 ἐσάντα

261 2474 324 2539 845
347 2472 559 2560 μαρναμένοις
580 2474 790 2553 ἑαιδεῖσδον,
814 2472 999 2559 accedisse
1020 2472 1113 2557 μένος
1136 2475 1262 2559 άνδρας.

343 2577 363 2665 ἦ
386 2572 533 2656 ἔλπεσθ’,
558 2579 601 2655 ὡς
622 2575 677 2642 καὶ
700 2577 850 2663 ἀδήριτον
871 2576 962 2661 γέρας
984 2574 1113 2643 ἔσσεται
1135 2579 1209 2661 ὑμῖν

344 2690 429 2762 κῶας
450 2680 651 2766 ἀειραμένους
675 2678 755 2747 ἰέναι
777 2682 824 2760 εἰς
845 2680 988 2766 πατρίδα
1010 2688 1117 2766 γαῖαν,
1142 2722 1180 2728 -

343 2788 373 2851 εἰ
395 2783 432 2851 δέ
453 2810 488 2849 νο
511 2794 629 2869 τιαῦροι
651 2786 756 2863 ἐόντες
778 2783 980 2851 ὑποκλίνοιτε
1003 2787 1141 2872 φάλαγγι

344 2887 487 2979 ἡμετέρῃ,
510 2892 583 2955 τότε
605 2898 663 2975 νῆα
685 2889 958 2977 καταφάιμένοισι
980 2893 1110 2955 κεάσσει
1132 2927 1174 2935 -

258 2994 323 3058 850
344 2996 374 3059 εἰ
396 2993 432 3060 δέ
454 2992 489 3059 κέ
511 3018 568 3077 μοι
589 2992 821 3079 waldersidi)
845 3032 888 3040 —-
910 2995 948 3059 τὸ
970 2991 1024 3058 καὶ
1046 2994 1129 3058 πολὺ
1151 2991 1275 3079 κέρδιόν
1297 2994 1368 3058 ἐστι
1387 3032 1430 3039 -

343 3097 503 3184 κρίναντες
525 3101 582 3164 τδν
603 3099 734 3183 ἄριστον
756 3100 776 3185 ἢ
798 3098 834 3177 ὃς
855 3098 1078 3184 βασιλεύτερός
1099 3098 1197 3178 ἐστιν,

345 3204 430 3290 δ’φρα
452 3228 487 3269 κε
510 3201 678 3291 πειραθεὶς
700 3200 838 3283 άέδλων,
863 3202 916 3281 ote
938 3205 1033 3281 αὐτὸς
1054 3200 1185 3282 ἐνίσπω,

343 3316 428 3387 κῶας
449 3306 504 3398 ἕλῃ
527 3312 690 3392 χρύσειον·
707 3306 725 3372 ὃ
747 3306 802 3372 καὶ
824 3304 917 3393 γέρας
938 3303 1067 3373 ἔσσεται
1087 3309 1169 3391 ὑμῖν.

135 3476 175 3543 et,
210 3488 407 3551 quamquam
437 3465 478 3530 de
503 3465 647 3549 singulis,
679 3466 846 3549 inprimis
870 3465 1030 3528 demodo
1054 3467 1087 3528 in
1110 3488 1142 3528 v.
1161 3463 1224 3529 850
1252 3464 1394 3528 dubitari
1418 3473 1532 3549 potest,

137 3581 244 3635 cetera
267 3580 376 3634 tamen
399 3581 488 3634 recte
512 3569 714 3634 constituisse
738 3568 831 3632 nobis
856 3569 1044 3653 videmur.²)

240 3673 378 3739 Omnino
394 3674 652 3760 quattuordecim
670 3676 835 3737 enuntiata
853 3673 1089 3737 condicionalis
1105 3673 1266 3757 leguntur,
1287 3696 1305 3736 e
1321 3694 1385 3758 quo
1400 3695 1534 3737 numero

134 3780 196 3841 tria
219 3778 261 3841 ad
286 3780 433 3862 primam,
466 3800 524 3841 sex
552 3773 596 3842 'ad
626 3777 773 3859 alteram,
797 3778 862 3841 duo
892 3778 945 3841 vel
967 3779 1029 3841 tria
1051 3778 1094 3841 ad
1125 3780 1263 3858 tertiam,
1291 3780 1369 3841 item
1392 3776 1456 3839 duo
1479 3776 1533 3839 vel

135 3884 196 3945 tria
220 3881 261 3945 ad
280 3890 427 3966 quartam
445 3881 582 3945 formam
605 3882 779 3947 referenda
802 3892 886 3946 sunt.
910 3882 950 3947 άν
973 3893 1005 3945 ct
1026 3880 1106 3946 ε’ίκε
1122 3881 1257 3964 singulis
1279 3882 1358 3946 locis
1372 3881 1532 3946 habemus

237 4089 257 4156 ¹)
277 4091 316 4142 cf.
330 4098 478 4159 praetcrea,
498 4107 567 4157 quae
585 4092 705 4158 Longius
723 4110 747 4158 p.
762 4094 812 4141 358
826 4108 864 4156 sq.
883 4092 917 4141 de
935 4097 967 4141 Η
982 4071 1015 4140 aa
1034 4097 1062 4141 et
1079 4108 1096 4141 α
1115 4093 1164 4140 381
1186 4092 1312 4157 disputat.

236 4176 258 4242 ²)
278 4178 385 4230 Sitzleri
404 4182 582 4241 coniecturae,
601 4195 667 4244 quas
686 4180 804 4229 nondum
824 4180 970 4245 tetigimus,
990 4181 1027 4227 ita
1045 4184 1109 4229 sunt
1126 4185 1305 4245 comparatae,
1323 4186 1354 4228 ut
1369 4181 1532 4231 refutatione

132 4281 198 4329 opus
217 4280 271 4314 non
291 4281 348 4315 esse
366 4272 467 4331 putem.
503 4268 628 4331 proponit
646 4266 693 4316 ille
716 4266 795 4317 haee:
820 4267 844 4317 εὶ
863 4264 895 4317 δέ
912 4283 946 4316 να
965 4268 1067 4334 σαῦροι
1086 4263 1177 4322 ἐόντες
1196 4265 1367 4317 δαοκλίνοιτε
1386 4266 1529 4335 φάλαγγιλ

132 4353 258 4422 ἡμετέρῃ,
278 4352 308 4402 τό
323 4353 368 4416 (sc.
382 4354 413 4402 τὸ
427 4352 596 4417 ὑποκλίνειν)
610 4369 638 4404 κε
651 4356 703 4417 νῆα
717 4355 953 4420 καταφθιμένοισι
965 4357 1089 4404 κεάσσαι·
1106 4350 1109 4421 l
1125 4355 1149 4403 εἰ
1168 4350 1194 4403 δ’
1208 4352 1255 4404 ἐντί
1263 4372 1315 4420 μοι
1332 4357 1479 4405 welderode
1499 4384 1528 4391 -

131 4439 161 4487 τὸ
175 4437 425 4507 καλκολὺκέρδιόν
439 4438 539 4490 ἔστι-
556 4437 559 4507 l
574 4444 715 4507 κρίναντες
726 4442 775 4491 τὸν
794 4440 906 4509 ἄριστον
925 4442 940 4504 ἢ
960 4440 988 4497 ὃς
1006 4440 1196 4509 βασιλεύτερός
1214 4440 1296 4504 ἐστιν,
1317 4440 1320 4508 l
1336 4443 1410 4508 ὄφρα
1429 4458 1457 4492 κε
1471 4458 1529 4492 κει-

132 4526 226 4591 ρηθεὶς
245 4526 362 4587 ἀέθλων,
382 4524 428 4582 οὓς
447 4526 528 4582 αὐτὸς
547 4525 656 4587 ἐνίσπω,
672 4528 676 4591 Ι
693 4532 762 4581 κῶας
781 4525 827 4597 ἕλῃ
840 4527 974 4595 χρύσεον
993 4532 1029 4593 τῷ
1047 4529 1093 4577 καὶ
1112 4529 1194 4595 γέρας
1212 4525 1319 4579 ἔσσεται
1336 4527 1412 4595 ὑμῖν.
