3392 5067
2989 209 3065 273 15

269 410 602 487 tamquam
660 392 906 468 fontem
966 401 1340 467 adhibuisse
1387 403 1732 487 omniaque
1780 422 1897 465 sua
1942 422 2029 465 ex
2090 399 2345 465 illorum
2406 397 2708 485 operibus
2768 397 3062 481 alo-sump-

271 507 449 569 sisse.
543 528 673 592 qua
718 507 786 571 in
832 509 1208 592 quaestione
1268 505 1609 570 tractanda
1654 504 2012 571 videndum
2058 506 2198 587 erit,
2256 526 2381 589 quo
2435 505 2572 569 iure
2620 505 2908 565 manuni
2952 505 3065 569 arl-

270 610 676 675 firmaverint
720 633 940 677 omnes
985 634 1090 675 res
1133 613 1201 676 in
1243 609 1521 676 Octavia
1569 619 2107 675 commemoratas
2151 631 2269 675 nos
2301 630 2387 673 ex
2430 631 2648 673 rerum
2684 613 3069 693 scriptorum

271 714 577 801 operibus
633 737 888 801 quoque
945 724 1310 801 compertas
1364 713 1688 801 habere.1)
1780 724 1846 779 et
1899 717 1952 779 si
2011 735 2141 799 qua
2191 736 2262 778 re
2316 712 2736 793 adducemur,
2796 725 2868 777 ut
2924 733 3069 777 caru

268 828 414 906 post
459 819 674 883 Taciti
727 818 998 885 annales
1041 819 1150 883 vel
1209 819 1373 884 alius
1435 820 1769 905 scriptoris
1802 803 1991 906 vopus
2053 817 2382 903 quoddam
2443 821 2868 905 compositam
2932 841 3069 881 esse

272 934 650 999 statuamus,
709 926 800 989 ita
845 932 917 989 ut
970 946 1234 1010 prorsus
1279 923 1654 1009 negandum
1702 925 1784 988 sit
1838 946 1981 988 eam
2025 923 2241 1009 paullo
2286 931 2433 1009 post
2475 921 2752 986 Neronis
2800 933 3073 985 mortem

273 1030 582 1115 scriptam
614 1051 776 1105 esse,
823 1038 963 1093 tum
997 1028 1650 1114 circumspiciendum
1681 1029 1821 1114 erit,
1870 1049 1994 1113 quo
2038 1037 2332 1112 tempore
2375 1029 2545 1091 intra
2576 1049 2744 1089 succ.
2780 1029 3073 1089 11—-1111

269 1134 440 1198 hanc
485 1133 890 1219 tragoediam
938 1134 1228 1197 extitisse
1275 1134 1415 1197 veri
1463 1132 1670 1197 simile
1729 1134 1838 1215 sit3
1896 1134 1994 1197 sin
2049 1131 2207 1196 nihil
2259 1132 2539 1196 inveniri
2592 1133 2848 1217 poterit,
2900 1133 3069 1213 quod

270 1260 388 1302 nos
435 1247 648 1321 cogat,
696 1247 768 1302 ut
814 1260 1144 1302 sumamus
1192 1236 1510 1303 Octaviae
1558 1239 1939 1323 scriptorem
1986 1235 2156 1300 hanc
2204 1234 2493 1299 fabulam
2540 1249 2684 1320 post
2724 1237 2932 1297 Taciti
2968 1237 3077 1297 vel

270 1343 704 1428 posteriorum
749 1343 1141 1428 scriptorum
1186 1351 1480 1427 tempora
1512 1342 1974 1426 composuisse,
2021 1342 2387 1425 inquiratur
2431 1362 2696 1405 necesse
2736 1345 2872 1421 crit,
2920 1361 3069 1405 num

273 1447 431 1533 quid
478 1470 566 1511 ex
612 1446 874 1511 dicendi
921 1468 1159 1531 genere
1204 1446 1312 1510 vel
1356 1468 1427 1509 re
1475 1448 1749 1512 metrica
1793 1444 2069 1531 proferri
2114 1445 2316 1531 possit
2362 1454 2588 1510 contra
2632 1469 2772 1509 eam
2824 1457 3073 1509 senteu-

272 1553 451 1637 tiam,
503 1573 668 1637 quae
712 1562 785 1617 ut
828 1554 1190 1639 accipiatur
1234 1554 1364 1615 iam
1408 1553 1624 1637 ipsum
1667 1550 2039 1635 tragoediae
2086 1558 2539 1634 argumentum
2584 1549 2856 1613 stira-dere
2904 1549 3073 1613 vids*

270 1666 397 1742 tur,
431 1656 779 1721 Octaviam
826 1656 1041 1742 paullo
1088 1665 1234 1741 post
1261 1656 1539 1721 Neronis
1585 1658 1831 1720 exitum
1862 1656 1941 1720 iis
1989 1654 2393 1741 temporibus
2440 1659 2880 1737 conscriptam
2912 1677 3073 1729 esso,

278 1762 520 1847 quibus
565 1761 738 1825 mala
783 1760 1014 1827 do'mus
1067 1761 1273 1826 Iuliae
1327 1760 1588 1826 fortuna
1640 1760 1974 1825 hominum
2027 1762 2277 1824 animos
2324 1782 2520 1845 quam
2576 1761 2856 1821 maxime
2908 1781 3073 1823 *mam⁸

271 1865 586 1941 movebat
629 1866 1037 1951 Neronisque
1080 1888 1317 1932 nomen
1363 1887 1611 1930 summo
1657 1867 1723 1929 in
1770 1865 1917 1929 odio
1964 1874 2121 1929 erat.
2184 1866 2468 1951 primum
2510 1865 2704 1948 igitur
2752 1865 2832 1929 de
2880 1865 3077 1929 rebus

272 1973 473 2057 gestis
521 1972 587 2036 in
632 1970 757 2037 hac
808 1971 1033 2037 fabula
1079 1973 1594 2038 commemoratis
1639 1972 1829 2037 nobis
1874 1970 2200 2056 agendum
2246 1972 2386 2036 erit.

484 2286 628 2350 Iam
673 2308 872 2371 supra
919 2285 1202 2352 diximus
1248 2310 1287 2351 a
1319 2286 1563 2353 Vatero
1611 2295 1676 2351 et
1720 2286 2073 2373 Braunio2)
2119 2287 2188 2350 in
2232 2287 2458 2371 primis
2504 2285 2584 2349 de
2620 2289 2824 2349 'l'aciti
2880 2289 3073 2349 imita-

279 2392 474 2473 tione,
539 2411 734 2474 quam
787 2392 854 2455 in
900 2389 1180 2456 Octavia
1243 2391 1569 2456 detexisse
1608 2391 1755 2477 ⁴sibi
1808 2390 2222 2473 videbantur,
2287 2389 2680 2476 disputatum.
2744 2413 2904 2453 esse.
3001 2417 3077 2453 aa:

280 2495 487 2560 Vater
531 2493 870 2559 nonnullas
914 2504 1168 2559 tantum
1212 2518 1317 2559 res
1350 2505 1526 2560 certo
1558 2495 1784 2560 ordine
1830 2518 1958 2559 non
2006 2503 2262 2560 servato
2308 2495 2536 2577 tetigit,
2584 2497 2808 2557 Braun
2856 2509 3081 2557 contra

282 2620 732 2684 quaecumque
777 2601 988 2683 potuit
1034 2601 1378 2683 congessit,
1435 2609 1508 2664 ut
1553 2600 2025 2665 demonstraret
2071 2597 2415 2664 Octaviam
2470 2605 2888 2681 composita-utu
2940 2625 3077 2661 esse

281 2703 366 2768 ab
415 2702 695 2788 homine,
753 2706 864 2789 qui
909 2703 1122 2768 Taciti
1167 2703 1436 2768 annales
1489 2703 1758 2795 legisset
1801 2715 1994 2789 atque
2047 2706 2113 2768 in
2160 2726 2350 2768 usum
2396 2725 2584 2768 suum
2632 2709 3073 2769 wimer-tisset„

279 2811 336 2871 is
389 2808 607 2891 igitur,
665 2818 1011 2894 postquam
1067 2830 1401 2894 perpauca
1457 2807 1539 2872 de
1595 2809 2045 2894 discrepantiis
2104 2808 2479 2895 disputavit,
2538 2831 2700 2893 quac
2764 2813 2924 2871 inter
2985 2833 3077 2877 wa,

281 2933 450 2997 quae
497 2911 675 2997 apud
709 2912 1010 2977 Tacitum
1057 2922 1122 2976 et
1166 2914 1232 2977 in
1277 2912 1556 2978 Octavia
1602 2912 1685 2977 de
1731 2913 1964 2977 iisdem
2008 2912 2204 2979 rebus
2249 2921 2612 2989 narrantur,
2668 2913 2764 2974 Ιιῑι·
2820 2913 2944 2973 illia.-
2997 2917 3077 2976 iu-

279 3016 643 3101 tercedunt‚
690 3017 758 3080 in
804 3018 1181 3080 universum
1226 3016 1533 3082 nonnulla
1580 3018 1662 3081 de
1710 3020 1957 3082 ratione
2004 3017 2347 3102 protulit,³)
2389 3038 2604 3101 -quam
2656 3021 2712 3081 iu
2768 3041 2828 3081 rt?
2880 3017 3077 3101 mpli-

283 3122 495 3186 canda
550 3128 812 3185 secutus
869 3130 1054 3185 esset.
1148 3123 1385 3187 etenim
1442 3132 1637 3207 negat
1690 3125 1759 3185 in
1810 3122 1937 3186 hac
1989 3121 2216 3187 fabula
2271 3123 2616 3208 quicquam
2672 3125 2852 3185 nohis
2912 3121 3077 3185 liudi

281 3228 406 3290 nisi
453 3247 532 3289 ea
576 3247 741 3310 quae
788 3223 1050 3289 aliunde
1099 3227 1358 3309 cognita
1403 3226 1783 3311 habeamus,
1842 3224 2077 3291 deinde
2130 3228 2297 3290 inter
2352 3248 2459 3307 ea,
2517 3247 2680 3311 quae
2740 3229 2912 3309 apud
2964 3229 3081 3289 'sa-i>-

282 3333 483 3396 citum
538 3338 782 3415 extent,
843 3351 1138 3415 quaeque
1199 3332 1266 3393 i'n
1312 3329 1592 3395 Octavia
1638 3330 1721 3395 de
1780 3331 2011 3396 iisdem
2072 3331 2269 3394 rebus
2330 3329 2756 3415 proferantur,
2842 3345 3081 3393 tantam

283 3434 769 3500 similitudinem
830 3434 1238 3499 intercedere
1299 3434 1476 3517 dicit,
1541 3444 1611 3498 ut
1668 3437 2109 3520 unusquisque
2172 3438 2387 3500 statim
2448 3437 2676 3498 sentiat
2748 3437 2864 3497 hoe·
2928 3461 3077 3497 mm*

281 3540 529 3605 factum
576 3561 717 3603 esse
763 3560 893 3603 non
948 3561 1157 3624 posse.
1223 3541 1526 3624 quoniam
1572 3549 1790 3605 autem
1837 3542 2105 3625 cogitari
2147 3550 2431 3625 nequeat
2474 3540 2776 3605 Tacitum
2824 3565 2904 3601 m:
2952 3557 3081 3601 tram

280 3644 545 3709 turbido
593 3642 786 3726 fonte,
835 3643 1043 3727 qualis
1076 3641 1356 3708 Octavia
1388 3647 1488 3727 sit,
1537 3668 1654 3709 sua
1700 3646 2014 3728 hausisse,
2064 3644 2481 3709 statuendum
2530 3665 2668 3708 esst:
2724 3645 2892 3709 iiiam
2948 3645 3081 3705 fmwf

285 3758 487 3813 totam
532 3770 620 3811 ex
665 3747 892 3812 Tacito
946 3748 1234 3812 fluxisse.
1328 3770 1523 3834 quam
1583 3772 1722 3813 rem
1769 3750 1989 3814 Braun
2050 3772 2124 3815 eo
2180 3749 2371 3814 modo
2425 3748 2608 3813 nobis
2660 3749 3081 3833 cuins-1·oh:1r=÷

285 3862 574 3930 conatur,
624 3861 696 3916 ut
740 3852 1140 3917 demonstret
1187 3853 1471 3937 singulas
1517 3876 1622 3917 res
1668 3864 1734 3917 et
1774 3854 1952 3941 apud
1983 3855 2283 3918 Tacitum
2324 3863 2387 3917 et
2433 3856 2500 3918 in
2533 3852 2808 3917 (teutria
2860 3857 3077 3913 tantvm

285 3957 509 4022 ordine
556 3958 808 4021 narrari
854 3956 1208 4043 (interdum
1258 3960 1452 4022 etiam
1499 3958 1729 4023 eadem
1776 3958 1981 4023 verba
2027 3959 2108 4022 de
2163 3957 2394 4022 iisdem
2438 3958 2632 4022 rebus
2684 3961 2760 4021 :ih
2816 3974 3085 4041 uti-mim}

284 4064 595 4147 scriptore
642 4060 938 4126 adhibita
985 4061 1155 4149 esse)
1202 4071 1399 4147 atque
1445 4063 1677 4127 eodem
1723 4064 1915 4127 modo
1959 4065 2127 4127 inter
2159 4084 2228 4127 se
2276 4085 2559 4127 conexas
2608 4089 2768 4125 osso.
2868 4069 3077 4145 itaque.

493 4256 534 4320 ¹)
573 4254 654 4305 Cf.
681 4269 822 4320 quae
860 4256 1042 4303 Braun
1080 4271 1128 4320 p.
1155 4258 1223 4305 23
1263 4256 1422 4305 dixit:
1461 4257 1596 4306 ‘Wir
1618 4257 1929 4323 behaupten
1966 4258 2277 4323 gegem'iber
2314 4257 2434 4307 dem
2462 4256 3081 4313 Satzfldfu'÷·1·E}.[iw':=]IHn

282 4342 547 4405 Berichte‚
585 4342 711 4392 dass
731 4341 871 4391 auch
909 4342 965 4390 in
991 4341 1085 4391 der
1120 4358 1333 4407 ganzen
1360 4341 1589 4393 Octavia
1624 4343 1777 4393 nicht
1802 4346 1891 4393 ein
1917 4346 2156 4409 einziges
2192 4343 2534 4394 historisches
2559 4345 2780 4393 Psi-:mm
2828 4349 3085 4401 miztia-rt„

282 4444 391 4479 was
409 4431 504 4478 wir
528 4429 679 4479 nicht
696 4429 753 4478 in
774 4428 878 4479 den
899 4428 1167 4479 Schriften
1194 4430 1288 4480 der
1307 4430 1616 4482 Historiker
1635 4432 1768 4481 iiber
1789 4432 1875 4480 die
1896 4431 2167 4497 damalige
2188 4434 2308 4481 Zeit
2328 4431 2466 4481 auch
2490 4433 2724 4481 erwiihnt
2755 4433 2968 4481 {iamim
2985 4445 3065 4481 utu:

491 4516 532 4581 2)
569 4518 630 4567 L.
671 4533 719 4566 c.
756 4533 806 4581 p.
846 4517 1072 4566 22—47.

490 4602 532 4667 3)
571 4605 632 4654 L.
674 4620 717 4654 c.
758 4620 809 4669 p.
848 4606 931 4653 23.
