3392 5067
184 229 227 293 22

185 418 311 485 Claudii
336 417 486 483 cubiculo
510 424 645 481 necatus
675 415 725 477 sit.
773 413 981 497 ‘quicumque
1004 410 1111 493 enim’,
1141 412 1187 474 sic
1213 415 1330 498 pergit,
1355 417 1435 480 ‘rem
1458 427 1588 502 gestam

185 525 415 609 ignoraverint,
439 544 503 586 non
521 520 726 596 dubitabunt,
751 518 829 603 quin
849 517 875 581 I.
892 515 1022 583 Silanus
1038 515 1205 580 confossus
1228 518 1269 581 sit
1287 519 1322 582 in
1337 520 1408 604 ipsa
1430 523 1589 607 principis

185 630 270 711 aula,
295 628 351 693 ubi
374 628 498 713 patrios
521 634 655 710 penates
672 622 774 688 caede
790 644 848 685 sua
864 621 1030 685 maculare
1053 622 1167 707 potuit,
1191 624 1268 707 quia
1283 622 1428 709 abnepos
1445 625 1589 711 Augusti

185 734 246 797 fuit
273 742 305 797 et
336 731 506 796 adfinitate
540 730 731 794 coniunctus
765 748 839 790 cum
872 725 967 790 domo
1001 723 1182 789 Caesarea'
1227 736 1262 790 at
1289 726 1371 792 haec
1403 727 1487 793 falsa
1514 752 1588 793 esse

187 840 294 901 statim
321 834 504 920 adparebit.
550 855 626 897 nam
655 835 796 918 primum
824 830 983 896 Octaviae
1011 831 1149 915 scriptor
1175 830 1262 895 hanc
1293 833 1494 915 tragoediam
1521 856 1589 899 non

188 965 226 1005 ea
250 942 290 1006 de
307 963 406 1004 causa
422 940 612 1024 composuit,
636 948 671 1001 ut
693 936 840 1002 homines
863 937 1030 1020 imperitos
1046 934 1087 998 de
1110 934 1209 999 rebus
1224 935 1363 1001 Neronis
1386 938 1589 1023 temporibus

186 1048 285 1130 gestis
315 1044 475 1108 edoceret.
522 1052 611 1106 certe
642 1043 668 1105 si
699 1042 856 1122 homines,
884 1042 940 1124 qui
963 1037 1135 1107 Octaviam
1162 1039 1328 1125 legebant,
1358 1043 1523 1107 sciverunt
1547 1043 1587 1107 L.

187 1150 331 1215 Silanum
359 1149 499 1232 Augusti
527 1147 722 1232 abnepotem
753 1146 854 1210 fuisse
884 1154 916 1208 et
949 1144 1118 1211 adfinitate
1148 1148 1355 1210 coniunctum
1387 1169 1461 1211 cum
1491 1148 1588 1212 domo

187 1254 359 1335 Caesarea,
392 1252 542 1317 dubitare
565 1275 630 1317 non
660 1260 844 1337 potuerunt,
877 1251 955 1336 quin
977 1272 1091 1313 versus
1122 1250 1168 1314 illi
1198 1250 1241 1315 ad
1269 1251 1418 1334 Lucium,
1450 1275 1514 1317 non
1545 1253 1588 1316 ad

186 1360 331 1444 Appium
354 1359 564 1443 pertinerent,
593 1358 668 1442 quia
691 1378 856 1420 sumamus
880 1376 1016 1419 necesse
1039 1364 1088 1418 est
1109 1354 1257 1420 homines
1280 1355 1322 1420 de
1346 1355 1384 1421 L.
1409 1355 1519 1421 Silano
1542 1358 1589 1420 ita

187 1463 317 1528 edoctos
341 1465 439 1526 etiam
463 1464 606 1546 scivisse,
630 1462 687 1525 ubi
710 1470 743 1525 et
765 1484 829 1546 quo
854 1460 950 1526 modo
973 1460 1027 1524 ille
1049 1461 1208 1545 periisset.
1240 1460 1356 1545 quodsi
1380 1461 1483 1524 Vater
1504 1459 1588 1523 haec

186 1567 291 1631 addit:
319 1574 434 1631 ‘nonne
459 1565 615 1631 credibile
631 1575 680 1630 est
702 1566 863 1650 tragicum
879 1587 1007 1650 quoque
1031 1564 1072 1629 de
1087 1565 1242 1650 Appiana
1265 1565 1366 1629 caede
1389 1564 1588 1629 inaudivisse

187 1682 219 1735 et
242 1672 326 1736 banc
355 1673 460 1756 ipsam
483 1671 524 1736 ob
549 1693 681 1735 oausam
704 1680 883 1735 mactatum
905 1672 938 1734 in
962 1669 1090 1735 Claudii
1112 1668 1263 1734 thalamis
1287 1669 1425 1733 Lucium
1448 1670 1587 1752 offerre’,

186 1778 264 1841 satis
300 1776 406 1841 habeo
437 1776 480 1839 ad
510 1776 616 1839 Taciti
646 1775 749 1840 verba
782 1776 869 1839 Anu.
901 1773 969 1837 XII
996 1773 1132 1837 81‘die
1163 1776 1351 1859 nuptiarum
1381 1771 1523 1859 (Claudii
1555 1782 1588 1837 et

186 1881 403 1966 Agrippinae)
426 1889 561 1944 mortem
588 1880 649 1945 sibi
673 1881 839 1945 conscivit'
865 1879 918 1965 (L.
933 1878 1076 1964 Silanus)
1099 1878 1257 1962 relegare,
1281 1902 1323 1943 ex
1347 1880 1464 1963 quibus
1487 1879 1587 1943 mani-

186 1985 304 2048 festum
331 1996 380 2048 est
406 1985 485 2050 illud
513 1984 683 2050 ‘thalamis'
708 1985 795 2069 (Oct.
821 2008 851 2048 v.
872 1985 948 2067 145)
971 2007 1035 2048 non
1052 1983 1093 2048 de
1116 1983 1197 2062 loco,
1222 2006 1285 2069 quo
1308 1984 1347 2048 L.
1365 1984 1492 2048 Silanus
1515 2005 1586 2068 per-

186 2090 268 2170 ierit,
294 2089 351 2153 sed
375 2089 416 2153 ds
439 2098 585 2175 tempore
609 2092 628 2153 i.
647 2112 674 2153 e.
692 2089 733 2153 do
756 2090 877 2174 nuptiis
900 2089 1028 2155 Claudii
1052 2097 1084 2152 et
1107 2089 1309 2174 Agrippinae
1333 2087 1587 2172 intellegendum

187 2214 268 2257 esse.
314 2192 401 2278 quod
428 2202 538 2258 autem
565 2195 598 2256 in
621 2192 780 2258 Octaviae
807 2192 918 2257 fabula
945 2192 1082 2276 legimus
1106 2192 1259 2257 ‘foedavit
1286 2194 1407 2279 patrios
1430 2192 1586 2277 penates',

187 2318 251 2360 nou
274 2296 316 2361 de
338 2299 409 2382 ipsa
432 2298 588 2384 principis
612 2298 685 2362 aula
710 2297 919 2382 cogitandum
943 2306 1005 2376 est,
1029 2299 1128 2362 immo
1142 2297 1253 2362 verbis
1276 2299 1406 2383 ‘patrios
1429 2297 1586 2383 penates',

187 2400 305 2485 quibus
331 2403 432 2487 ipsius
460 2401 562 2467 Silani
589 2412 723 2487 penates
750 2401 828 2466 mihi
858 2402 1034 2485 significari
1061 2403 1223 2487 videntur,
1251 2402 1402 2467 adfinitas
1430 2399 1494 2484 illa,
1522 2424 1587 2486 qua

186 2505 225 2569 L.
250 2506 379 2570 Silanus
407 2528 481 2571 cum
504 2508 646 2591 Augusti
670 2506 764 2572 domo
789 2509 980 2573 coniunctus
1003 2516 1082 2589 erat,
1111 2508 1264 2591 tangitur.
1311 2528 1350 2570 ea
1371 2508 1480 2590 igitur,
1503 2528 1587 2591 quae

185 2612 218 2673 in
246 2608 386 2674 Octavia
412 2611 453 2676 de
482 2611 520 2675 L.
543 2612 654 2678 Silano
683 2613 849 2695 dicuntur,
880 2634 946 2676 non
974 2613 1167 2697 scriptorem
1199 2613 1341 2697 produnt
1367 2614 1474 2676 minus
1501 2612 1587 2677 bene

187 2716 348 2798 edoctum,
377 2717 463 2801 quod
487 2717 589 2781 Vater
617 2720 766 2804 opinatus
790 2728 848 2800 est,
877 2720 932 2802 qui
959 2717 1078 2782 talibus
1105 2716 1185 2782 Iocis
1209 2726 1389 2781 commotus
1417 2716 1502 2780 hanc
1524 2726 1586 2780 tra-

186 2820 335 2905 goediam
358 2822 482 2886 incerta
505 2832 578 2907 post
600 2823 776 2886 Traianum
801 2832 908 2886 aetate
926 2825 1136 2909 compositam
1159 2845 1229 2886 esse
1252 2825 1373 2904 statuit,
1397 2821 1455 2886 sed
1479 2823 1586 2907 potius

185 2948 304 3010 rerum,
329 2948 409 3011 quas
434 2938 673 3011 commemorat,
697 2927 971 3013 peritissimum.¹)

289 3028 361 3093 Oet.
387 3030 449 3094 150
465 3053 545 3116 sqq.:
571 3031 705 3093 intravit
728 3032 831 3108 bostis,
856 3034 884 3095 ei
905 3032 988 3109 milti,
1017 3043 1142 3116 captam
1164 3033 1290 3095 domum
1310 3032 1314 3118 1
1334 3032 1415 3095 dolis
1438 3054 1586 3095 novercae

180 3134 337 3218 principis
352 3134 465 3218 fuctus
488 3158 579 3218 perier
599 3134 604 3220 Ι
623 3135 763 3219 idemque
785 3146 878 3197 uatus
902 3151 934 3199 et
957 3136 1034 3199 Tae.
1061 3137 1146 3199 Anu.
1168 3135 1271 3200 XIIS
1296 3158 1373 3201 sane
1396 3136 1510 3200 eadem
1532 3158 1585 3199 res

186 3238 368 3323 exponitur,
394 3238 536 3303 Domitio
560 3238 682 3303 Neroni
706 3238 879 3304 Octaviam
904 3241 1098 3325 desponsam
1121 3263 1207 3322 esse,
1236 3240 1294 3304 sed
1321 3241 1508 3305 imitationis
1531 3262 1584 3301 ve-

186 3345 280 3425 stigia
308 3343 428 3406 frustra
456 3364 601 3427 quaeres.
648 3365 753 3428 neque
780 3344 875 3408 aliter
901 3367 953 3407 res
981 3367 1014 3407 se
1042 3344 1142 3409 habet
1169 3368 1206 3410 eo
1233 3345 1313 3429 Ioco,
1342 3365 1439 3430 quem
1467 3343 1584 3407 deinde

185 3446 296 3510 Braun
319 3447 433 3518 adfert,
459 3447 530 3509 dico
554 3446 626 3510 Oct.
649 3469 703 3510 vv.
727 3448 790 3511 164
799 3470 881 3534 sqq,
912 3449 1030 3533 quibus
1061 3450 1171 3513 caedis
1202 3449 1339 3531 Claudii,
1372 3449 1583 3534 Agrippinae,

184 3551 363 3615 Britannici
393 3553 512 3615 mentio
545 3553 736 3615 continetur.
795 3574 857 3637 quo
888 3575 963 3616 cum
992 3553 1062 3618 Ioco
1096 3556 1235 3618 conferri
1265 3563 1400 3639 possunt
1431 3576 1469 3615 ea
1501 3572 1583 3636 quae

184 3655 316 3719 Tacitus
348 3655 434 3720 Ann.
467 3655 534 3719 XII
557 3656 598 3719 66
617 3677 679 3740 sq.,
721 3656 806 3721 XIII
841 3658 890 3720 16.
924 3656 971 3720 18.
1004 3658 1043 3721 19
1078 3660 1221 3744 exponit.
1284 3658 1318 3721 id
1348 3668 1456 3721 tamen
1487 3656 1584 3721 adno-

184 3759 320 3823 tandum
342 3760 473 3823 videtur
495 3759 606 3844 verba,
639 3761 757 3844 quibus
781 3763 813 3823 in
838 3761 977 3825 Octavia
1001 3761 1130 3827 Claudii
1160 3763 1277 3828 caedes
1301 3762 1503 3847 significatur
1526 3762 1582 3847 (cf.

184 3884 237 3926 vv.
259 3863 310 3927 25.
335 3864 459 3927 4165.
485 3864 556 3928 102.
580 3863 723 3951 164sq.)‚
758 3866 791 3929 in
814 3867 1003 3931 uniuersum
1026 3868 1123 3952 plane
1146 3868 1234 3932 dicta
1257 3890 1326 3933 esse
1356 3890 1463 3954 neque
1485 3867 1583 3932 diser-

185 3968 225 4029 tis
256 3968 366 4031 verbis
394 3967 609 4054 significari,2)
642 3977 749 4034 utrum
779 3970 965 4055 Agrippina
994 3974 1067 4057 ipsa
1097 3971 1234 4036 Claudio
1266 3994 1427 4036 venenum
1458 3972 1584 4036 dederit

290 4163 310 4227 l)
331 4163 370 4212 Cf.
385 4164 474 4225 etiarn,
497 4179 567 4227 quae
581 4162 725 4214 Suetonius
744 4165 777 4214 de
790 4166 819 4214 L.
834 4165 925 4213 Silano
945 4166 1046 4231 profert
1064 4166 1157 4217 Claud.
1172 4184 1193 4217 c.
1207 4169 1240 4216 27
1259 4169 1409 4218 ‘Octaviam
1423 4167 1542 4217 Neroni.
1557 4206 1561 4216 .
1576 4207 1582 4217 .

185 4250 331 4301 collocavit
351 4249 442 4299 SiIano
466 4256 530 4299 ante
553 4251 712 4315 desponsam
732 4290 737 4300 .
763 4291 767 4302 .
791 4290 797 4301 .
818 4269 832 4301 e
851 4254 958 4317 generis
976 4254 1110 4303 Neronem
1128 4255 1276 4320 adoptavit,
1294 4256 1453 4320 Pompeium
1472 4260 1500 4304 et
1517 4254 1581 4303 Sila·

184 4354 248 4387 num
267 4354 322 4386 non
340 4339 476 4386 recusavit
495 4338 582 4399 modo,
600 4339 647 4388 sed
666 4344 693 4387 et
710 4340 865 4400 interemit',
884 4356 906 4389 c.
927 4343 959 4389 ‘29
978 4343 992 4388 ‘.
1012 4380 1017 4389 .
1039 4379 1044 4389 .
1063 4341 1160 4390 occidit
1179 4342 1343 4407 (Claudius),
1361 4345 1426 4392 item
1440 4382 1445 4391 .
1460 4384 1467 4396 .
1481 4382 1486 4391 .
1501 4342 1532 4391 L.
1545 4342 1582 4391 Si·

183 4425 275 4475 lanum
289 4425 399 4474 minoris
417 4423 509 4489 (filiae)
530 4441 664 4490 sponsum.
686 4466 690 4475 .
705 4465 710 4475 .
726 4466 730 4475 .
745 4426 853 4475 Silanus
873 4427 997 4477 abdicare
1015 4443 1044 4477 se
1062 4435 1188 4492 praetura
1200 4445 1223 4479 a.
1237 4431 1291 4480 IIII
1304 4430 1365 4479 Kal.
1384 4430 1443 4479 Iun.
1462 4430 1582 4494 morique
1663 4411 1664 4502 l

183 4514 261 4560 initio
281 4513 345 4560 anni
366 4519 482 4574 coactus,
503 4513 546 4563 die
564 4514 622 4578 ipso
641 4512 749 4563 Claudii
768 4519 795 4563 et
813 4514 978 4580 Agrippinae
997 4517 1168 4580 nuptiarum'.

288 4599 310 4665 2)
329 4598 368 4649 cf.
390 4598 450 4650 Oct.
466 4602 515 4649 164
523 4617 560 4665 sq.
581 4602 679 4651 miscuit
697 4604 807 4651 corilione
826 4604 881 4651 viro
898 4604 901 4666 l
917 4619 1015 4652 venata
1032 4621 1116 4654 saeco.
