3392 5067
151 213 212 275 278

152 404 238 489 quod
261 405 288 467 si
311 406 382 488 quis
406 400 524 466 obiciat
560 410 629 465 tum
652 400 825 465 dicendum
857 400 956 465 fuisse
987 405 1077 487 ὑμᾶς,
1108 423 1172 464 non
1202 403 1328 488 ἀνδρας,
1363 405 1546 469 meminerit

152 508 249 572 velim
272 508 375 573 verba
398 506 440 571 ab
463 508 579 570 Iasone
603 506 643 569 de
666 504 805 591 ἑταίροις
826 506 914 571 facta
936 529 1017 571 csse.
1054 506 1155 569 dativi
1177 506 1388 593 μαρναμένοις
1410 510 1443 572 in
1464 534 1545 594 μαρ-

151 617 279 696 νάμενοι
310 633 384 675 cum
414 611 600 674 Hermanno
632 611 778 674 mutandi
809 632 907 675 causa
938 629 1008 674 esse
1040 633 1103 675 non
1130 610 1270 675 videtur.
1317 612 1401 697 quod
1431 612 1545 676 Sitzler

151 718 319 801 proposuit
333 719 525 802 ἀποφθῖσαι
548 714 640 798 μένος
662 715 783 800 ἀνδρῶν
799 714 841 777 ad
856 716 1057 781 ἐπιθεῖσθον
1079 714 1288 779 referendum
1312 715 1384 802 (‘als
1400 716 1545 781 Infinitiv

151 820 208 883 des
231 819 387 883 chclres
418 820 497 884 oder
524 819 582 882 der
605 818 767 903 Absicht')
798 819 992 882 refutatione
1022 841 1087 883 non
1118 828 1201 903 eget.
1246 827 1335 883 recte
1362 830 1470 884 autem
1492 820 1545 884 ille

151 944 254 1008 aeque
284 933 380 1009 atque
407 924 623 1003 Hermannus,
655 924 710 1007 qui
736 920 756 1011 ol
779 918 917 988 ἔλπεσθ’
940 925 1082 1008 scripsit,
1113 919 1256 989 ἓλπεσθε
1285 925 1545 1007 interrogationis

151 1030 257 1091 vicem
281 1027 425 1091 obtinere
448 1026 616 1090 intellexit.
641 1026 682 1089 de
705 1027 866 1111 particula
886 1025 907 1115 ἦ
929 1036 961 1090 et
984 1026 1024 1091 de
1048 1029 1189 1112 synizesi
1212 1028 1307 1112 paulo
1330 1027 1415 1091 infra
1438 1028 1545 1113 dispu-

151 1132 241 1213 tabo,
273 1132 436 1216 adponam
465 1139 591 1195 tantum
618 1130 723 1195 locum
752 1130 952 1196 homericum
974 1154 1132 1217 perquam
1155 1131 1304 1195 similem:
1347 1131 1459 1197 0502
1493 1142 1547 1197 νῦν

152 1238 260 1321 ἀρκιον
282 1238 302 1325 ἢ
325 1234 510 1301 ἀπολέσθαι
530 1235 534 1319 l
561 1237 596 1322 ἠὲ
619 1240 786 1324 σαωθῆναι
810 1234 863 1300 καὶ
886 1237 1088 1302 ἀπώσασθαι
1110 1240 1191 1301 κακὰ
1213 1246 1303 1321 νηῶν.
1325 1237 1329 1320 Ι
1355 1234 1375 1325 ἦ
1398 1232 1545 1317 ἔλπεσθ’,

152 1342 189 1426 ἢν
211 1349 287 1429 νῆας
309 1338 363 1430 ἕλῃ
385 1338 601 1425 κορυθαίολος
622 1334 759 1423 Ἕκτωρ,
784 1342 788 1420 l
815 1341 959 1423 ἐμβαδὸν
979 1340 1111 1417 ἵξεσθαι
1134 1340 1171 1428 ἢν
1193 1338 1335 1422 πατρίδα
1357 1346 1450 1424 γαῖαν
1472 1338 1546 1405 ἕκα-

151 1465 241 1525 στος,·
257 1444 396 1509 Wielius
417 1444 547 1529 quidem
568 1443 650 1507 hacc
674 1444 820 1528 opponit:
845 1446 961 1529 ‘neque
978 1467 1054 1509 vero
1079 1466 1163 1530 quae
1187 1446 1233 1510 sic
1254 1445 1364 1508 existit
1387 1446 1546 1508 sententia

152 1570 211 1633 per
234 1570 267 1610 se
291 1548 421 1632 quidem
444 1549 610 1633 aptissima
633 1547 694 1611 hoc
718 1548 787 1612 loco
811 1554 889 1611 satis
912 1558 988 1632 apta
1010 1547 1176 1612 videbitur
1196 1549 1356 1633 cuiquam,
1381 1551 1436 1634 qui
1459 1558 1545 1613 ante·

154 1651 300 1715 cedentia
324 1660 355 1715 et
379 1650 608 1737 subsequentia
631 1660 782 1715 accurate
807 1652 1064 1735 comparaverit’
1089 1650 1206 1735 quibus
1221 1651 1332 1715 verbis
1355 1660 1547 1737 argumenta

152 1778 216 1820 non
249 1757 462 1838 continentur,
494 1757 590 1819 immo
614 1754 794 1819 ostenditur
821 1764 1012 1838 argumenta
1036 1755 1155 1820 Wielio
1179 1755 1332 1819 defuisse.
1379 1756 1436 1820 sed
1459 1766 1547 1820 ante·

154 1882 251 1944 quam
279 1860 321 1923 ad
345 1858 455 1923 Wielii
486 1861 586 1944 ipsius
610 1861 829 1925 coniecturam
859 1858 1066 1941 accedamus,
1098 1861 1270 1923 conveniat
1299 1862 1383 1923 inter
1412 1882 1470 1924 nos
1492 1882 1546 1925 ne-

153 1984 243 2027 cesse
276 1973 337 2048 est,
370 1963 446 2048 quid
477 1986 535 2049 pro
566 1987 619 2028 κεν
648 1984 853 2049 reponamus
899 1962 1106 2027 Hermannus
1138 1985 1194 2028 suo
1225 1985 1314 2028 more
1345 1958 1378 2029 oi
1408 1966 1546 2050 scripsit,

153 2066 268 2131 Sitzler
288 2062 360 2149 τάχ’
375 2067 549 2152 legendum
572 2089 642 2131 esse
666 2077 786 2149 censet,
810 2076 846 2131 ut
869 2067 944 2130 inde
967 2066 1047 2130 illud
1070 2067 1222 2155 ἀδήριτον
1245 2068 1435 2152 explicetur.
1469 2070 1547 2133 mihi

153 2171 281 2256 quidem
306 2171 394 2235 locos
418 2171 644 2253 consideranti,
669 2170 787 2257 quibus
809 2195 862 2235 κεν
885 2192 927 2233 ex
948 2169 1005 2235 καί
1027 2181 1215 2255 corruptum
1237 2181 1287 2235 est
1309 2171 1365 2255 (cf.
1382 2194 1413 2235 v.
1431 2172 1495 2237 824
1514 2182 1548 2237 et

155 2274 317 2359 Apollonii
340 2275 427 2339 locos
450 2298 469 2338 a
492 2275 678 2340 Wellauero
709 2276 742 2338 in
764 2283 840 2339 nota
863 2273 905 2338 ad
933 2274 1036 2338 1663
1068 2274 1243 2362 collectos),
1274 2276 1548 2361 simplicissimum

154 2401 224 2442 esse
246 2378 391 2443 videtur:
414 2380 458 2457 ὡς
479 2376 543 2459 καί,
567 2378 652 2463 quod
676 2377 866 2442 Huschkius
890 2379 1065 2463 proposuit.
1105 2380 1148 2457 ὡς
1170 2379 1212 2443 ab
1237 2374 1381 2445 ἐλπεσθε
1403 2382 1548 2465 pendere

153 2506 247 2570 posse
271 2506 369 2568 supra
391 2484 664 2549 demonstrabam.
704 2505 817 2548 versus
839 2484 916 2548 inde
939 2507 958 2547 a
981 2483 1044 2547 846
1068 2484 1234 2568 usquead
1259 2483 1322 2547 849
1346 2486 1548 2570 parenthesis

153 2590 223 2653 loco
247 2587 455 2673 accipiendos
478 2610 549 2652 esse
573 2589 671 2669 duco3
696 2598 784 2651 recte
809 2590 895 2653 enim
911 2587 1124 2652 Schubertius
1146 2590 1231 2653 inter
1254 2610 1288 2653 se
1312 2591 1431 2675 opponi
1455 2589 1547 2653 dicit:

153 2694 254 2776 εἰμὲν
270 2693 309 2779 δὴ
324 2693 498 2773 Κόλχοισιν
516 2744 523 2757 .
541 2744 548 2757 .
567 2740 573 2755 .
590 2694 789 2759 ἐπιθεῖσθον
806 2703 838 2756 et
854 2695 883 2757 εἰ
899 2692 935 2759 δέ
949 2691 985 2758 κέ
999 2716 1055 2777 μοι
1071 2691 1261 2759 πείθοισθε.
1291 2714 1373 2777 quae
1390 2695 1548 2779 oppositio

154 2797 347 2873 turbaretur,
379 2798 405 2860 si
427 2820 458 2861 v.
484 2795 547 2859 846
568 2818 614 2881 sq.
641 2792 958 2883 (ἔλπεσθ’-γαῖαν)
991 2807 1063 2881 post
1095 2796 1158 2860 850
1189 2794 1328 2882 (κέρδιόν
1357 2797 1441 2880 ἐστι)
1474 2820 1548 2862 cum

156 2899 273 2965 Wielio
296 2910 588 2986 transponeremus,
621 2903 732 2987 quiin
756 2924 785 2964 v.
809 2898 1079 2989 catamerica
1102 2900 1227 2985 probat.
1272 2924 1347 2965 nam
1370 2903 1432 2965 nisi
1454 2924 1547 2986 prae-

155 3006 242 3070 cedit
264 3007 480 3069 enuntiatum:
527 3006 640 3069 ‘nolite
672 3028 804 3091 sperare
827 3028 887 3069 vos
910 3007 978 3069 sine
1002 3007 1177 3069 certamine
1205 3006 1344 3090 pretium
1368 3027 1438 3069 csse
1461 3005 1548 3069 abla-

154 3110 264 3195 turos',
295 3109 374 3173 illud
403 3110 434 3173 el
457 3109 493 3175 δέ
515 3135 550 3174 νο
577 3120 696 3195 παῦροι
726 3112 831 3188 ἐόντες
860 3106 1065 3175 ὑποκλίνοιτε
1095 3110 1234 3198 φάλαγγι
1263 3131 1326 3173 non
1358 3108 1457 3174 habet
1486 3132 1550 3195 quo

155 3213 322 3278 referatur.
369 3235 468 3298 quare
496 3214 661 3279 reicienda
684 3224 733 3277 est
763 3214 968 3298 transpositio
992 3212 1055 3294 illa,
1085 3233 1167 3298 quae
1190 3214 1293 3298 primo
1317 3213 1431 3277 obtutu
1453 3214 1550 3279 valde

156 3318 273 3403 placet,
298 3340 372 3381 cum
395 3340 434 3381 ea
456 3318 594 3402 probata
616 3319 767 3404 apodosis
791 3317 835 3404 (v.
854 3317 943 3405 850),
975 3339 1058 3402 quae
1080 3340 1166 3381 nunc
1190 3318 1290 3399 deest,
1322 3319 1440 3381 existat
1464 3340 1550 3381 com-

155 3422 351 3488 modissima.
390 3422 517 3486 accedit
540 3422 625 3507 quod
651 3422 752 3486 verba
773 3422 804 3488 εἰ
826 3420 862 3489 δέ
883 3423 920 3489 κε’
941 3446 997 3506 μοι
1019 3417 1213 3504 πείθοισθε,
1236 3427 1275 3488 τὸ
1297 3421 1351 3487 καί
1373 3423 1457 3487 πολὺ
1479 3420 1550 3507 κε’ρ-

156 3527 224 3592 διόν
245 3526 324 3606 ἐστι,
346 3526 350 3610 l
371 3520 517 3607 ἔλπεσθ’,
542 3528 584 3604 ὡς
603 3524 658 3591 καὶ
677 3526 826 3612 ἀδήριτον
848 3524 940 3612 γέρας
962 3522 1091 3591 ἔσσεται
1111 3528 1185 3611 ὑμῖν
1212 3526 1216 3609 Ι
1242 3535 1327 3605 κῶας
1348 3525 1551 3613 ἀειραμένους

156 3628 235 3695 ἰέναι
259 3633 340 3714 πρὸς
362 3627 504 3716 πατρίδα
526 3634 619 3713 γαῖαν
645 3630 733 3693 haud
757 3640 831 3715 apte
855 3631 1063 3715 excipiuntur
1085 3630 1135 3693 his
1163 3627 1322 3716 κρίναντες
1343 3633 1399 3696 τὸν
1420 3632 1551 3716 ἄριστον

154 3734 174 3819 ἢ
196 3732 230 3813 ὃς
252 3734 475 3817 βασιλεύτερός
497 3734 585 3798 ἐστιν
609 3732 679 3815 (τὸν
702 3736 831 3819 ἄριστον
853 3736 937 3799 enim
953 3757 1024 3799 esse
1047 3733 1272 3819 reponendum
1292 3734 1402 3798 iudea
1418 3733 1549 3798 Schnei-

156 3838 233 3902 dero
257 3860 367 3903 omnes
392 3838 617 3923 consentiunt).
663 3841 696 3902 in
719 3862 750 3904 v.
772 3838 835 3903 848
866 3862 931 3903 non
961 3847 1019 3924 est,
1052 3862 1111 3903 cur
1142 3861 1216 3902 cum
1238 3838 1426 3902 Hermanno
1457 3844 1492 3903 νύ
1513 3864 1549 3903 κε

154 3965 212 4027 pro
230 3942 265 4009 δέ
280 3968 315 4007 νο
332 3941 526 4025 scribamus3
550 3964 657 4027 neque
676 3946 860 4008 necessaria
876 3954 924 4007 est
944 3944 1089 4007 eiusdem
1114 3946 1301 4016 coniectura
1322 3944 1547 4031 ὑποκλινθῆτε,

155 4070 228 4111 cum
258 4056 339 4109 teste
364 4046 482 4110 Wielio
507 4048 626 4111 ‘activa
649 4047 742 4111 huius
765 4048 859 4112 verbi
889 4048 993 4112 forma
1016 4047 1251 4131 significatione
1274 4070 1338 4110 non
1361 4070 1435 4112 rara
1458 4046 1549 4130 sit'.¹)

155 4150 273 4215 deinde
296 4151 337 4213 ad
353 4151 492 4216 verbum
513 4154 650 4216 κεάσσαι
666 4150 845 4216 Schneider
860 4152 1077 4237 supplendum
1093 4174 1173 4216 esse¹
1187 4161 1279 4237 putat
1301 4147 1445 4217 ὲλπεσθε
1468 4152 1549 4215 haec

260 4325 280 4392 1)
299 4327 331 4375 In
350 4341 381 4377 eo
402 4329 482 4390 onim,
507 4327 578 4392 quod
596 4342 685 4393 neque
702 4328 818 4378 Wielius
837 4328 989 4395 exemplum
1009 4329 1095 4378 adfert
1113 4343 1201 4393 neque
1220 4329 1285 4377 mihi
1304 4328 1359 4378 tale
1377 4332 1482 4393 praesto
1500 4332 1549 4392 cst,

154 4413 342 4464 offendendum
366 4431 420 4465 uon
444 4430 502 4464 esse
524 4420 598 4480 puto.
635 4430 697 4465 nam
721 4418 896 4481 compositum
921 4431 1057 4481 perrarum
1082 4422 1134 4478 est3
1162 4416 1195 4464 de
1217 4416 1332 4481 simplici
1354 4420 1445 4465 autem
1468 4413 1549 4462 verbo

154 4500 285 4549 dubitatio
304 4502 428 4551 eximitur
444 4502 485 4551 his
499 4502 640 4568 exemplis:
660 4503 728 4553 Xon.
742 4502 843 4555 Comm.
857 4503 934 4565 1115,
949 4504 989 4562 13,
1002 4502 1090 4569 Apoll.
1103 4503 1192 4564 14533
1211 4517 1243 4552 ex
1256 4502 1399 4553 Aristotele
1411 4502 1549 4551 Bonitzius

155 4586 240 4635 adfert
261 4590 288 4637 Φ
307 4589 329 4647 6,
344 4586 412 4636 812b
429 4591 457 4652 33
476 4591 581 4655 saepius
600 4588 627 4637 id
646 4592 759 4639 recurrit
777 4590 848 4655 apud
867 4590 1024 4654 Polybium:
1043 4591 1083 4639 III
1102 4591 1143 4651 03,
1158 4592 1185 4651 ῖς
1207 4592 1263 4653 115,
1277 4591 1301 4652 9,
1320 4590 1357 4639 VI
1375 4590 1470 4651 40,12.
