3392 5067
224 220 287 283 174

224 412 332 498 cipiat.
371 410 486 497 quodsi
502 409 699 474 adiectivum
719 409 990 494 praepositionem
1010 409 1162 494 sequitur,
1187 406 1424 473 substantivum
1440 409 1618 493 praecedit,

223 539 288 581 non
311 514 414 579 solum
441 514 619 599 particulae
643 511 703 598 (δέ,
727 511 774 587 τέ)
797 515 1055 597 interponuntur,
1087 514 1144 577 scd
1167 517 1265 578 etiam
1287 512 1350 576 alia
1373 513 1488 577 verba:
1512 518 1617 597 Κύρνε

223 621 369 704 Theogn.
391 619 462 699 176,
486 617 640 705 άμίαντον
660 617 734 700 447,
757 616 905 706 παρέσσῃ
928 616 1001 700 239,
1024 616 1105 706 ἦσαν
1129 617 1230 704 (ἄνευ)
1254 616 1404 702 Xenoph.
1429 618 1459 703 3,
1476 617 1506 700 2,
1530 618 1622 696 ὅστις

224 727 300 814 άνήρ
325 725 447 808 (ἐκτός)
471 723 616 807 Theogn.
634 721 706 785 744.

292 852 296 867 ⁴
326 828 537 913 Praepositio‚
562 828 687 891 etiamsi
712 825 915 891 substantivo
937 827 1113 912 praecedit,
1142 829 1187 891 ita
1210 826 1361 892 collocari
1384 827 1473 904 solet,
1500 836 1536 891 ut
1550 826 1620 889 nul-

224 932 291 998 lum
315 931 452 996 verbum
475 930 664 995 intercedat.
709 953 773 995 non
796 952 868 993 raro
890 940 1000 995 tamen
1023 932 1211 1017 particulae,
1234 954 1254 995 a
1277 931 1393 1015 quibus
1417 934 1618 996 enuntiatum

223 1040 368 1121 incipere
396 1059 458 1101 non
488 1044 603 1122 potest,
631 1038 888 1121 interponuntur,
919 1036 1107 1119 saepissime
1135 1033 1180 1115 δέ,
1208 1058 1304 1121 saepe
1326 1034 1371 1117 τά,
1399 1038 1511 1121 paucis
1539 1036 1620 1099 locis

224 1140 282 1226 μέν
305 1150 336 1204 et
358 1145 427 1228 γάρ,
450 1138 486 1224 γέ
508 1138 571 1204 Sol.
588 1139 619 1221 2,
642 1139 673 1221 2,
696 1137 748 1205 σοι’
769 1138 1027 1223 Theogn1372,
1051 1143 1110 1225 γάρ
1125 1163 1176 1205 τοι
1191 1139 1294 1225 2811)
1334 1140 1525 1226 compluries
1541 1162 1619 1203 vero

225 1246 360 1312 eaedem
389 1244 568 1331 particulae
602 1243 842 1307 substantivum
878 1252 1031 1308 secuntur
1064 1244 1164 1329 idque
1183 1266 1262 1313 ¹non
1294 1244 1415 1325 solum,
1450 1266 1526 1309 cum
1560 1265 1621 1328 per

225 1359 363 1413 metrum
387 1349 449 1414 alio
472 1348 541 1413 loco
564 1349 639 1432 poni
667 1370 730 1412 non
753 1357 897 1433 possunt,
920 1347 1010 1412 velut
1032 1347 1251 1432 Theogn4ll
1272 1348 1305 1426 ἐς
1326 1353 1468 1433 βάσανον
1491 1347 1536 1429 δέ,
1561 1348 1620 1411 sed

225 1458 323 1520 etiam
354 1454 440 1519 alibi.
487 1452 550 1516 alia
576 1451 738 1516 vocabula
764 1473 829 1516 non
852 1452 1072 1531 intercedunt3
1100 1474 1176 1516 nam
1204 1453 1289 1537 quod
1316 1452 1460 1537 Theogn.
1477 1452 1541 1517 512
1564 1448 1620 1516 ἐπ’

226 1560 317 1626 οὐδὲν
332 1558 445 1641 ἔχοντα
467 1556 595 1640 legitur,
619 1579 658 1620 ea
679 1556 784 1620 verba
806 1556 893 1620 idem
915 1555 983 1620 fere
1007 1556 1191 1640 significant
1213 1566 1310 1641 atquc
1334 1558 1486 1640 ‘egenus'.
1525 1556 1620 1620 aliter

226 1675 334 1728 autern
356 1684 408 1726 res
432 1683 466 1725 se
488 1660 598 1745 habet,
626 1663 653 1722 si
681 1659 724 1723 ad
747 1658 988 1724 substantivum
1015 1660 1216 1725 adtributum
1243 1660 1380 1725 accedit.
1436 1670 1505 1725 tum
1532 1663 1618 1724 enim

225 1768 271 1849 fit,
295 1777 330 1832 ut
349 1766 587 1831 substantivum
603 1764 729 1848 longius
745 1787 764 1826 a
779 1766 1017 1850 praepositione
1039 1774 1252 1846 removeatur,
1277 1766 1303 1829 si
1318 1763 1404 1829 hanc
1420 1763 1620 1829 adtributum

226 1874 356 1956 excipit.
393 1870 539 1935 conferas
563 1893 682 1956 quaeso
702 1869 848 1953 Theogn.
864 1869 977 1956 401sq.
1002 1871 1100 1956 μηδὲν
1118 1872 1196 1954 άγαν
1211 1872 1374 1936 σπεύδειν·
1397 1874 1508 1956 καιρὸς
1523 1864 1553 1936 δ’
1561 1869 1619 1935 ἐπὶ

224 1988 325 2043 πᾶσιν
347 1976 477 2063 άριστος
496 1975 500 2061 Ι
520 1971 670 2061 ἔργμασιν
696 1976 889 2059 ἀνθρώπων,
918 1977 969 2039 cui
996 1974 1066 2038 loco
1095 1975 1273 2040 simillimus
1303 1985 1352 2038 est
1379 1974 1456 2039 Hes.
1474 1974 1536 2059 Op.
1555 1974 1619 2037 694

224 2080 324 2166 με’τρα
354 2081 596 2168 φυλάσσεσθαι·
622 2082 732 2165 καιρὸς
761 2076 791 2144 δ’
806 2077 863 2143 ἐπὶ
892 2086 994 2145 πάσιν
1020 2080 1158 2163 άριστος,
1191 2080 1252 2142 nisi
1282 2078 1368 2163 quod
1398 2078 1451 2143 hic
1481 2078 1618 2142 verbum

225 2188 356 2272 άριστος
378 2184 465 2248 aliud
488 2206 551 2247 non
568 2185 723 2267 sequitur,
747 2182 811 2248 Sol.
826 2182 858 2267 4,
884 2183 923 2246 18
939 2184 986 2262 εἷς
1002 2182 1037 2249 δὲ
1052 2189 1151 2270 κακὴν
1165 2182 1285 2265 ταχέως
1300 2184 1400 2270 ἤλυθε
1417 2184 1617 2269 δουλοσύνην,

226 2290 336 2353 Mimn.
356 2290 404 2371 11,
429 2290 450 2352 4
472 2284 526 2353 ἐπ’
537 2282 686 2353 Ὠκεανοῦ
707 2287 805 2353 καλὸν
823 2286 931 2353 ἵκοντο
947 2290 1030 2371 ῥόον,
1054 2287 1254 2371 Sol.4‚1sq.
1277 2291 1361 2353 κατά
1383 2289 1440 2373 μὲν
1463 2290 1542 2365 Διὸς
1564 2287 1619 2352 ού·

225 2391 300 2459 ποτ’
313 2395 434 2460 ὀλεῖται
454 2396 458 2470 Ι
478 2384 582 2459 αἶσαν.
1601 2381 1605 2387 ’

330 2499 430 2563 Porro
453 2497 635 2581 proverbe
658 2496 860 2561 substantivo
886 2518 960 2561 cum
983 2498 1221 2582 praepositione
1245 2497 1414 2560 coniuncto
1436 2505 1503 2560 tres
1526 2518 1618 2581 prae-

226 2603 399 2686 positiones
419 2600 629 2666 adhibentur:
653 2595 710 2680 tls,
732 2598 797 2681 ἔπι,
820 2605 920 2685 πάρα.
944 2596 989 2665 ἔνι
1009 2600 1153 2683 Theogn.
1167 2599 1231 2664 530
1253 2600 1379 2683 legitur,
1403 2596 1458 2666 ἔπι
1475 2600 1527 2681 66,
1544 2599 1620 2679 464,

227 2706 300 2787 601,
331 2705 423 2786 1212,
454 2705 577 2791 12143)
608 2704 651 2768 ad
674 2725 753 2788 quos
780 2703 868 2769 locos
896 2704 1038 2788 Theogn.
1066 2704 1124 2767 171
1156 2710 1281 2771 θεοῖσιν
1307 2700 1362 2770 ἔπι
1389 2709 1504 2789 κράτος
1526 2726 1620 2767 accc-

228 2810 288 2891 dit,
313 2809 472 2895 siquidem
494 2819 583 2873 recte
607 2808 647 2872 de
670 2831 767 2872 versu
789 2830 827 2872 eo
850 2808 1002 2891 iudicavi,
1025 2814 1114 2895 πάρα
1138 2808 1200 2873 Sol.
1217 2807 1305 2893 38‚5
1326 2807 1450 2894 (tum),
1474 2809 1620 2892 Theogn.

227 2915 301 2995 281,
328 2913 419 2977 1063.

794 3095 836 3151 V.
859 3094 908 3149 De
931 3094 1051 3151 verbis.

623 3226 660 3311 a)
692 3228 749 3291 De
772 3225 982 3311 generibus
1006 3225 1217 3293 verborum.

330 3366 368 3429 ln
389 3364 508 3449 elegeis
527 3365 699 3430 nonnullae
719 3365 842 3429 formae
862 3368 1013 3429 activae
1036 3366 1198 3451 leguntur,
1218 3390 1277 3453 pro
1297 3368 1415 3453 quibus
1439 3366 1527 3452 apud
1549 3366 1626 3429 reli-

228 3493 308 3555 quos
329 3472 501 3556 scriptores
521 3468 644 3534 formae
665 3469 792 3535 mediae
815 3469 878 3553 legi
900 3468 1011 3535 solent.
1054 3479 1150 3557 atque
1173 3471 1316 3555 Theogn.
1333 3471 1396 3535 995
1419 3472 1625 3560 δηρισάντοιν

226 3575 374 3658 traditur,
392 3596 474 3660 quae
495 3573 600 3638 forma
614 3575 778 3638 rarissime
795 3574 965 3656 invenitur,
986 3574 1076 3638 velut
1092 3574 1228 3640 Theocr.
1246 3573 1346 3640 XXV
1356 3575 1407 3661 82,
1424 3574 1525 3659 Orph.
1539 3574 1623 3659 Arg.

226 3678 305 3761 4103
329 3702 404 3742 nam
420 3676 593 3765 δηρίεσθαι
607 3678 800 3764 praefertur,
825 3700 890 3764 qua
905 3678 1008 3743 forma
1025 3678 1092 3744 sola
1107 3679 1278 3761 Homerus,
1299 3680 1387 3766 apud
1403 3702 1499 3766 quem
1522 3680 1624 3744 otiam

228 3784 405 3870 δηριάσθαι
427 3784 599 3865 invenitur,
622 3803 699 3845 usus
723 3791 780 3848 est.
808 3781 896 3845 idcm
918 3781 959 3845 de
978 3782 1088 3847 verbis
1108 3784 1182 3868 ἐρᾶν
1205 3792 1237 3847 et
1259 3790 1368 3850 πονεῖν
1391 3784 1486 3849 valct.
1511 3792 1543 3846 et
1558 3782 1625 3847 Ho-

175 3900 178 3907 '
228 3910 334 3951 merus
356 3888 443 3950 enim
467 3894 499 3949 et
518 3885 681 3950 Hesiodus
705 3908 833 3971 semper
855 3881 996 3970 ἕρασθαι
1017 3896 1048 3950 ct
1070 3892 1248 3953 πονεῖσθαι
1271 3888 1392 3967 dicunt,
1416 3888 1505 3973 apud
1520 3887 1625 3953 Theo-

227 3991 359 4077 gnidem
382 4012 479 4076 saepe
503 3998 535 4053 et
555 3989 630 4074 ἐράν
652 4000 684 4054 et
706 3985 858 4075 ἕρασθαι,
885 3996 996 4056 πονεῖν
1019 3990 1091 4074 919,
1119 3996 1297 4057 πονεῖσθαι
1322 3991 1404 4055 1359
1434 4001 1533 4055 extat.
1581 3993 1625 4056 ad

228 4118 307 4180 quos
329 4094 427 4179 locos,
451 4096 478 4157 si
493 4094 606 4179 Bergk
621 4094 732 4159 Mimn.
746 4094 777 4176 2,
800 4094 876 4180 lsq.
900 4105 989 4159 recte
1011 4099 1101 4185 ἡμεῖς
1116 4092 1146 4160 δ’
1158 4085 1212 4162 οἷά
1227 4119 1262 4162 τε
1277 4097 1380 4185 φύλλα
1395 4097 1469 4185 φύει
1483 4097 1626 4187 πολυαν-

333 4336 353 4407 1)
372 4340 521 4389 Particulas
540 4342 656 4406 quaein
674 4341 785 4391 Homeri
804 4340 966 4390 carminibus
985 4341 1142 4392 interiectae
1161 4348 1234 4402 sunt,
1263 4342 1391 4393 Kuehner
1419 4342 1462 4394 Gr.
1487 4356 1525 4407 gr.
1544 4344 1626 4404 §445

227 4426 317 4475 adnot.
330 4428 373 4475 4a
392 4428 534 4491 congessit.

332 4513 353 4577 ²)
372 4513 404 4562 In
422 4514 531 4579 Bergkii
550 4513 668 4563 editione
686 4512 732 4564 ἔπι
751 4516 830 4565 etiam
852 4513 971 4579 Theogn.
986 4516 1036 4563 609
1056 4511 1115 4564 οὐδ’
1128 4512 1173 4565 lm
1188 4515 1273 4567 καλόν
1292 4521 1319 4565 et
1339 4518 1403 4565 1329
1422 4518 1469 4566 σοί
1478 4532 1506 4566 τε
1525 4514 1573 4565 διδ
1575 4522 1628 4569 οῦν

227 4597 273 4649 ἔπι
290 4599 375 4650 καλόν
393 4616 425 4650 ex
443 4602 527 4665 ipsius
546 4603 709 4664 coniectura,
726 4598 769 4653 ἔνι
781 4603 832 4651 631
846 4592 940 4665 ᾧτ’ἕνι
952 4616 984 4652 ex
997 4600 1117 4667 Emperii
1129 4604 1283 4653 coniectura
1299 4602 1406 4669 legitur,
1425 4603 1471 4655 sed
1484 4605 1528 4653 vix
1541 4610 1627 4654 recte.
