3392 5067
382 212 466 276 94

387 405 807 490 compositam
864 423 1005 465 esse
1060 409 1324 486 propter
1379 399 1536 465 alias
1588 421 1843 485 quoque
1901 423 2128 465 causas
2183 423 2510 467 sumamus
2563 426 2830 469 necesse
2885 415 3001 471 est.
3095 427 3230 470 res

384 518 607 593 gestae
655 510 825 572 enim
874 529 912 571 a
957 514 1149 592 poe'ta
1193 508 1283 569 ita
1329 514 1932 585 commemorantur,
1983 515 2053 569 ut
2099 528 2247 570 eum
2292 507 2568 572 Neronis
2613 517 2908 594 tempora
2951 510 3226 574 vidisse

385 618 524 679 veri
584 611 977 677 simillimum
1035 612 1136 674 sit.
1234 611 1472 675 scimus
1527 609 1763 673 deinde
1813 609 2187 675 Flaviorum
2245 621 2457 676 aetate
2513 613 2766 677 fabulas
2822 624 3223 699 praetextas

388 714 718 780 confectas
775 737 945 796 esse,
1007 714 1074 779 id
1131 714 1304 800 quod
1360 713 1441 777 de
1495 714 1961 800 posterioribus
2020 715 2422 801 temporibus
2477 739 2606 781 non
2663 728 2934 783 constat.
3028 741 3220 784 com-

384 822 673 905 perimus
715 818 1002 884 Senecae
1050 819 1293 903 scripta
1340 820 1475 881 eius
1521 819 1724 903 ipsius
1772 827 1985 882 aetate
2031 828 2096 883 et
2139 819 2355 905 paullo
2399 830 2546 905 post
2590 820 2957 887 hominibus
3002 823 3220 887 valde

383 922 727 1008 placuisse.
820 945 971 986 eum
1031 924 1200 986 enim
1262 922 1712 987 adulescentes
1766 924 1835 985 in
1887 922 2218 988 rhetorum
2279 925 2514 990 scholis
2573 925 2978 1003 lectitabant,
3046 950 3216 992 eum

385 1028 712 1107 amabant,
762 1052 908 1093 eum
952 1028 1389 1093 imitabantur.
1436 1036 1643 1091 totum
1684 1028 1962 1112 denique
2009 1028 2270 1093 dicendi
2316 1051 2540 1114 genus,
2588 1031 2760 1115 quod
2806 1032 2871 1094 in
2913 1031 3214 1096 Octavia

358 1120 800 1219 conspicitur,
847 1155 965 1197 nos
1013 1134 1204 1217 cogit,
1249 1142 1322 1197 ut
1368 1141 1724 1198 statuamus
1772 1155 1916 1198 eam
1962 1155 2087 1198 non
2134 1134 2393 1199 diversa
2438 1143 2649 1200 aetate
2697 1138 3005 1221 scriptam
3052 1159 3209 1200 esse

386 1262 425 1303 a
472 1238 760 1303 Senecae
809 1237 1067 1320 fabulis,
1120 1237 1507 1321 quibuscum
1554 1238 1619 1300 in
1668 1237 2001 1302 codicibus
2049 1239 2392 1303 coniuncta
2438 1247 2552 1305 est.
2641 1249 2887 1304 certum
2933 1241 3209 1327 quidem

386 1365 645 1423 annum,
698 1364 822 1429 quo
870 1365 947 1407 ea
994 1341 1255 1406 condita
1301 1342 1400 1423 sit,
1460 1340 1728 1405 definire
1775 1343 1918 1426 quis
1964 1364 2201 1427 quaeso
2247 1344 2457 1407 ausit?
2532 1343 2744 1408 nullus
2789 1346 2960 1408 enim
3006 1347 3072 1409 in
3119 1368 3211 1409 ea

389 1456 571 1510 extat
628 1447 835 1529 locus,
900 1448 1008 1531 qui
1073 1448 1139 1509 in
1199 1445 1324 1511 hac
1376 1467 1448 1508 re
1502 1444 1774 1509 alicuius
1821 1447 1902 1509 sit
1957 1450 2280 1511 momenti.
2375 1457 2549 1512 certe
2597 1448 2854 1531 Meiser‚
2911 1452 3020 1533 qui
3041 1449 3088 1533 ι)
3136 1473 3203 1511 a.

388 1551 717 1615 LXVIIII
763 1549 865 1615 vel
911 1551 1108 1615 LXX
1198 1571 1341 1614 eam
1400 1550 1761 1614 confectam
1820 1571 1959 1615 esse
2024 1552 2267 1633 statuit,
2324 1550 2524 1615 falsus
2571 1560 2687 1634 est,
2734 1562 2807 1615 ut
2858 1553 3015 1615 mihi
3062 1556 3204 1637 qui-

387 1656 536 1719 dem
603 1655 879 1719 videtur.
982 1656 1277 1740 opinatus
1356 1656 1528 1717 enim
1604 1662 1703 1717 est
1777 1653 2091 1718 Octaviae
2169 1656 2546 1740 scriptorem
2624 1664 2887 1741 propter
2960 1678 3065 1720 res
3134 1680 3199 1720 a.

386 1759 744 1842 LXVIIIIJ
755 1759 950 1823 LXX
1004 1768 1221 1843 gestas
1266 1757 1593 1822 Neronem
1647 1757 1820 1823 bella
1875 1757 2092 1821 civilia
2145 1769 2290 1846 post
2337 1757 2634 1824 Caesaris
2692 1769 2964 1824 mortem
3019 1743 3204 1824 facta

388 1863 867 1928 describentem
913 1872 1106 1947 atque
1154 1860 1468 1925 Senecam
1514 1859 1886 1944 Augustum
1931 1872 2004 1926 ut
2047 1864 2226 1947 pacis
2270 1872 2598 1927 auctorem
2644 1863 2947 1929 laudibus
2994 1864 3202 1929 extol-

387 1967 627 2032 lentem
681 1967 932 2032 fecisse.
1023 1988 1235 2052 neque
1283 1988 1440 2029 casu
1484 1964 1733 2029 factum
1778 1988 1940 2047 esse,
1996 1975 2066 2030 ut
2118 1967 2455 2051 tragoedia
2499 1966 2720 2032 verbis
2775 1969 2920 2031 civis
2963 1970 3196 2053 qaudet

386 2072 591 2135 Roma
636 2094 853 2135 cruore
897 2072 1207 2135 finiretur.
1288 2070 1403 2134 sed
1447 2079 1519 2133 ut
1560 2070 1844 2153 Augusti
1889 2073 2131 2135 mentio
2176 2071 2383 2156 fieret,
2433 2094 2529 2157 ea,
2579 2093 2743 2157 quae
2791 2073 3044 2138 Seneca
3089 2074 3198 2136 De

386 2174 589 2240 Clem.
644 2175 678 2239 I
736 2175 811 2238 11
878 2175 1169 2261 protulit,
1233 2176 1298 2238 in
1362 2196 1560 2238 causa
1619 2173 1880 2239 fuerunt
1943 2185 2007 2238 et
2067 2174 2295 2241 ultima
2354 2175 2730 2260 tragoediae
2787 2178 2992 2242 verba
3050 2180 3202 2240 civis

386 2282 611 2368 gaudet
656 2281 857 2344 Roma
902 2302 1119 2343 cruore
1173 2279 1489 2345 rhetorice
1545 2281 1840 2367 opposita
1897 2289 2046 2345 sunt
2100 2282 2218 2363 eis,
2282 2303 2450 2368 quae
2507 2282 2901 2347 antecedunt
2946 2284 3202 2368 hospitis

386 2386 517 2449 illic
570 2386 753 2449 caede
808 2384 1080 2472 litatur}
1127 2408 1353 2449 numen
1406 2407 1714 2471 superum.
1805 2406 2016 2470 neque
2081 2387 2131 2449 si
2189 2387 2604 2452 concedimus
2658 2396 2917 2473 poetam
2971 2387 3199 2451 ultima

387 2489 759 2575 tragoediae
813 2491 1019 2555 verba
1078 2489 1470 2554 scribentem
1530 2511 1733 2553 annos
1780 2488 2113 2554 LXVIIII
2158 2490 2265 2555 vel
2309 2490 2503 2556 LXX
2559 2494 2953 2579 respexisse,
3010 2491 3197 2556 fabu-

387 2594 516 2659 lam
570 2593 675 2658 illo
729 2596 868 2681 ipso
922 2602 1211 2680 tempore
1268 2594 1630 2658 confectam
1687 2614 1828 2656 esse
1884 2602 2165 2658 statuere
2219 2595 2399 2673 licet,
2453 2597 2835 2680 praesertim
2885 2616 3032 2660 cum
3076 2618 3200 2680 per

390 2722 458 2763 se
513 2721 744 2784 parum
788 2701 928 2763 veri
983 2698 1186 2762 simile
1244 2700 1322 2762 sit
1382 2696 1771 2762 turbulentis
1832 2696 1955 2761 illis
2016 2700 2200 2762 annis
2259 2698 2455 2762 talem
2516 2699 2916 2782 tragoediam
2973 2720 3197 2785 quem—

390 2828 605 2890 quam·
644 2805 995 2888 scripsisse.
1090 2804 1232 2888 quis
1287 2810 1503 2867 autem
1557 2801 1727 2865 hanc
1774 2811 2184 2886 praetextam
2232 2806 2681 2888 composuerit,
2739 2803 3039 2889 equidem
3086 2802 3198 2865 de-

391 2931 653 2975 cernere
713 2907 927 2973 nolim.
1019 2908 1230 2971 Ritter
1289 2906 1550 2990 quidem
1620 2927 1763 2969 eam
1823 2905 2108 2971 Curiatio
2171 2906 2493 2993 Materno,
2564 2929 2758 2993 quem
2819 2908 3198 2972 Flaviorum

389 3012 787 3099 temporibus
846 3012 1103 3077 fabulas
1163 3020 1533 3097 praetextas
1596 3011 2032 3094 composuisse
2097 3012 2364 3094 seimUS,
2433 3010 2770 3094 adtribuit,
2839 3012 2956 3076 sed
3021 3010 3198 3075 hanc

392 3120 778 3182 sententiam
823 3118 1013 3180 certis
1060 3117 1455 3199 argumentis
1501 3113 1780 3200 probare
1826 3136 1954 3179 non
2000 3116 2225 3200 potuit.
2310 3124 2597 3181 ceterum
2642 3116 3010 3181 Maternum
3057 3117 3198 3180 eius

391 3223 563 3287 modi
619 3219 1030 3301 carminibus,
1086 3219 1293 3305 qualis
1340 3228 1437 3283 est
1483 3218 1839 3303 Octavia,2)
1893 3218 2165 3303 gloriam
2212 3219 2387 3284 illam
2435 3229 2928 3285 consecuturum
2975 3219 3194 3300 fuisse,

391 3349 584 3411 quam
629 3348 778 3391 eum
824 3325 1135 3411 adeptum
1183 3346 1322 3389 esse
1368 3346 1454 3387 ex
1500 3325 1591 3387 eis
1636 3323 1955 3408 adparere
1995 3324 2272 3408 videtur,
2322 3346 2488 3410 quae
2528 3324 2794 3389 Tacitus
2834 3327 2900 3389 in
2943 3324 3196 3408 dialogo

393 3432 474 3497 de
520 3438 678 3496 orat.
732 3429 817 3517 (c.
870 3429 977 3515 11)
1035 3452 1183 3493 eum
1236 3431 1447 3515 ipsum
1502 3428 1827 3494 dicentem
1871 3427 2054 3492 fecit:
2110 3439 2165 3491 et
2207 3430 2385 3493 hodie
2429 3429 2486 3491 si
2527 3429 2677 3514 quid
2720 3428 2889 3493 nobis
2936 3429 3196 3493 notitiae

393 3560 468 3599 ac
512 3537 779 3599 nominis
825 3546 926 3616 est,
970 3536 1166 3618 maqis
1207 3533 1482 3597 arbitror
1536 3533 1941 3597 carminum
1993 3554 2177 3618 quam
2221 3535 2573 3597 orationum
2615 3534 2869 3621 yloria
2916 3544 3195 3619 partum,

391 3639 547 3703 mihi
605 3639 866 3724 quidem
922 3640 1061 3703 veri
1124 3637 1327 3702 simile
1391 3659 1528 3701 esse
1587 3660 1717 3702 non
1771 3636 2050 3702 videtur.
2142 3637 2210 3701 id
2269 3639 2483 3723 potius
2542 3660 2922 3723 persuasum
2982 3637 3192 3701 habeo

389 3744 792 3827 tragoediam
852 3744 935 3808 ab
995 3741 1254 3807 homine
1317 3739 1639 3806 rhetorica
1700 3750 1839 3805 arte
1898 3740 2145 3805 imbuto
2210 3744 2642 3827 conscriptam
2695 3765 2856 3807 esse.
2949 3751 3014 3807 et
3073 3743 3196 3806 for-

390 3856 581 3926 tasse,
628 3847 697 3911 id
743 3848 915 3932 quod
960 3848 1088 3913 iam
1134 3868 1329 3932 supra
1372 3846 1903 3929 significavimus,
1951 3848 2017 3910 in
2064 3848 2338 3912 rhetoris
2385 3848 2720 3912 cuiusdam
2768 3848 2988 3914 schola
3031 3848 3194 3914 haec

602 4075 641 4140 1)
681 4074 760 4125 Cf.
800 4092 849 4141 p.
892 4077 971 4125 18.

598 4160 644 4227 ²)
682 4160 878 4228 Saepe,
931 4166 992 4211 ut
1043 4177 1211 4212 unum
1259 4162 1552 4228 proferam,
1609 4163 1798 4213 eadem
1850 4167 2191 4229 repetuntur,
2249 4164 2403 4214 velut
2453 4164 2667 4213 Claudii
2701 4162 3029 4230 Agrippinae
3075 4164 3194 4214 Bri-

391 4250 597 4299 tannici
652 4250 867 4314 caedes,
930 4266 1051 4300 cum
1104 4251 1314 4300 Iunone
1369 4250 1598 4301 Octavia
1661 4256 1998 4316 comparatur
2051 4265 2140 4301 vv,
2185 4253 2286 4301 219
2307 4267 2405 4316 sq.,
2459 4252 2588 4315 283,
2643 4251 2769 4313 5353
2847 4252 3062 4317 ingrata
3115 4257 3197 4302 est

391 4336 683 4387 eorundem
719 4336 1001 4387 verborum
1049 4339 1189 4388 intra
1234 4353 1432 4404 paucos
1467 4353 1652 4388 versus
1697 4340 1938 4401 iterati0,
1994 4338 2060 4387 cf.
2086 4354 2171 4387 vv.
2200 4339 2283 4402 33,
2322 4340 2388 4386 34
2435 4344 2586 4403 capta
2611 4366 2676 4374 —
2701 4345 2892 4403 captus,
2942 4341 3058 4403 159,
3100 4341 3196 4388 160

386 4423 602 4490 yradus,
640 4426 723 4488 86,
748 4426 813 4474 87
850 4441 1036 4487 εαευοε,
1072 4427 1225 4491 saevi,
1264 4426 1382 4489 602,
1420 4426 1522 4474 604
1559 4424 1750 4488 deflevi,
1789 4425 1981 4488 deflere,
2020 4427 2138 4489 603,
2183 4427 2284 4475 605
2320 4427 2490 4490 nefas,
2527 4427 2644 4489 691,
2681 4427 2779 4475 693
2811 4428 2960 4492 petis,
2989 4429 3196 4493 petitus,

390 4512 460 4563 al.
500 4528 823 4578 quamquam
861 4514 977 4562 eius
1014 4512 1158 4563 modi
1202 4511 1459 4563 molestae
1495 4514 1848 4578 repetitiones
1892 4512 2036 4578 apud
2071 4512 2206 4563 alios
2240 4528 2456 4578 quoque
2492 4518 2692 4578 poetae„
2741 4512 2914 4562 veluti
2951 4514 3197 4577 Statium,

392 4601 877 4667 deprehenduntur.
