<?xml version="1.0" encoding="UTF-8"?>
<!DOCTYPE html PUBLIC "-//W3C//DTD XHTML 1.0 Transitional//EN"
    "http://www.w3.org/TR/xhtml1/DTD/xhtml1-transitional.dtd">
<html xmlns="http://www.w3.org/1999/xhtml" xml:lang="en" lang="en">
 <head>
  <title>
</title>
<meta http-equiv="Content-Type" content="text/html;charset=utf-8" />
  <meta name='ocr-system' content='tesseract 3.04.00' />
  <meta name='ocr-capabilities' content='ocr_page ocr_carea ocr_par ocr_line ocrx_word'/>
</head>
<body>
  <div class='ocr_page' id='page_1' title='image "./dissertationesp04wiengoog_0244.png"; bbox 0 0 3392 5067; ppageno 0'>
   <div class='ocr_carea' id='block_1_1' title="bbox 1424 246 1489 309">
    <p class='ocr_par' dir='ltr' id='par_1_1' title="bbox 1424 246 1489 309">
     <span class='ocr_line' id='line_1_1' title="bbox 1424 246 1489 309; baseline 0 0"><span class='ocrx_word' id='word_1_1' title='bbox 1424 246 1489 309; x_wconf 91' lang='grc'>233</span> 
     </span>
    </p>
   </div>
   <div class='ocr_carea' id='block_1_2' title="bbox 89 436 1494 4501">
    <p class='ocr_par' dir='ltr' id='par_1_2' title="bbox 89 436 1494 4501">
     <span class='ocr_line' id='line_1_2' title="bbox 93 436 1488 529; baseline -0.003 -24"><span class='ocrx_word' id='word_1_2' title='bbox 93 445 195 529; x_wconf 86' lang='grc' dir='ltr'><strong><em>φόνου</em></strong></span> <span class='ocrx_word' id='word_1_3' title='bbox 207 441 229 525; x_wconf 81' lang='lat'>¹)</span> <span class='ocrx_word' id='word_1_4' title='bbox 245 439 435 529; x_wconf 72' lang='grc' dir='ltr'><strong><em>Κυθερείης,</em></strong></span> <span class='ocrx_word' id='word_1_5' title='bbox 460 438 523 505; x_wconf 83' lang='lat' dir='ltr'>Sol.</span> <span class='ocrx_word' id='word_1_6' title='bbox 543 439 592 522; x_wconf 83' lang='lat'>19,</span> <span class='ocrx_word' id='word_1_7' title='bbox 606 440 627 503; x_wconf 90' lang='grc'>4</span> <span class='ocrx_word' id='word_1_8' title='bbox 642 444 769 525; x_wconf 88' lang='grc' dir='ltr'><strong><em>Κύπρις</em></strong></span> <span class='ocrx_word' id='word_1_9' title='bbox 785 436 983 527; x_wconf 79' lang='grc' dir='ltr'><strong><em>ἰοστέφανος,</em></strong></span> <span class='ocrx_word' id='word_1_10' title='bbox 1007 438 1151 522; x_wconf 84' lang='lat' dir='ltr'>Theogn.</span> <span class='ocrx_word' id='word_1_11' title='bbox 1172 438 1264 519; x_wconf 85' lang='lat'>1304,</span> <span class='ocrx_word' id='word_1_12' title='bbox 1284 438 1376 523; x_wconf 91' lang='grc'>1332,</span> <span class='ocrx_word' id='word_1_13' title='bbox 1395 438 1488 521; x_wconf 90' lang='grc'>1383,</span> 
     </span>
     <span class='ocr_line' id='line_1_3' title="bbox 93 541 1490 631; baseline -0.002 -21"><span class='ocrx_word' id='word_1_14' title='bbox 93 545 210 631; x_wconf 91' lang='lat' dir='ltr'>quibus</span> <span class='ocrx_word' id='word_1_15' title='bbox 237 543 317 609; x_wconf 90' lang='lat' dir='ltr'>locis</span> <span class='ocrx_word' id='word_1_16' title='bbox 340 543 455 609; x_wconf 86' lang='lat' dir='ltr'>eadem</span> <span class='ocrx_word' id='word_1_17' title='bbox 478 543 539 609; x_wconf 90' lang='lat' dir='ltr'>dea</span> <span class='ocrx_word' id='word_1_18' title='bbox 562 544 655 609; x_wconf 91' lang='lat' dir='ltr'>violis</span> <span class='ocrx_word' id='word_1_19' title='bbox 684 542 835 608; x_wconf 85' lang='lat' dir='ltr'>redimita</span> <span class='ocrx_word' id='word_1_20' title='bbox 866 565 936 607; x_wconf 90' lang='lat' dir='ltr'>esse</span> <span class='ocrx_word' id='word_1_21' title='bbox 966 542 1094 624; x_wconf 79' lang='lat' dir='ltr'>dicitur,</span> <span class='ocrx_word' id='word_1_22' title='bbox 1124 542 1202 607; x_wconf 85' lang='lat' dir='ltr'>ibid.</span> <span class='ocrx_word' id='word_1_23' title='bbox 1235 541 1299 607; x_wconf 89' lang='grc'>250</span> <span class='ocrx_word' id='word_1_24' title='bbox 1325 546 1490 609; x_wconf 84' lang='grc' dir='ltr'>Μουσάων</span> 
     </span>
     <span class='ocr_line' id='line_1_4' title="bbox 95 643 1490 737; baseline -0.002 -22"><span class='ocrx_word' id='word_1_25' title='bbox 95 650 377 737; x_wconf 80' lang='grc' dir='ltr'><strong><em>...ἰοστεφάνων</em></strong></span> <span class='ocrx_word' id='word_1_26' title='bbox 408 647 537 713; x_wconf 84' lang='lat' dir='ltr'>accedit</span> <span class='ocrx_word' id='word_1_27' title='bbox 558 646 717 737; x_wconf 87' lang='grc' dir='ltr'><strong><em>στέφανος</em></strong></span> <span class='ocrx_word' id='word_1_28' title='bbox 731 648 883 733; x_wconf 90' lang='lat' dir='ltr'>Xenoph.</span> <span class='ocrx_word' id='word_1_29' title='bbox 911 648 939 729; x_wconf 94' lang='grc'>1,</span> <span class='ocrx_word' id='word_1_30' title='bbox 956 646 976 710; x_wconf 95' lang='grc'>2</span> <span class='ocrx_word' id='word_1_31' title='bbox 998 648 1154 726; x_wconf 84' lang='grc' dir='ltr'><strong><em>πλεκτοὺς</em></strong></span> <span class='ocrx_word' id='word_1_32' title='bbox 1176 643 1205 713; x_wconf 78' lang='grc' dir='ltr'>δ’</span> <span class='ocrx_word' id='word_1_33' title='bbox 1220 650 1400 734; x_wconf 71' lang='grc' dir='ltr'><em>ἀμφιτιθεῖ</em></span> <span class='ocrx_word' id='word_1_34' title='bbox 1417 670 1490 713; x_wconf 90' lang='grc' dir='ltr'><strong><em>στε-</em></strong></span> 
     </span>
     <span class='ocr_line' id='line_1_5' title="bbox 94 750 1489 841; baseline -0.001 -22"><span class='ocrx_word' id='word_1_35' title='bbox 94 758 213 841; x_wconf 90' lang='grc' dir='ltr'><strong><em>φάνους</em></strong></span> <span class='ocrx_word' id='word_1_36' title='bbox 235 762 268 817; x_wconf 89' lang='lat' dir='ltr'>et</span> <span class='ocrx_word' id='word_1_37' title='bbox 283 753 427 837; x_wconf 87' lang='lat' dir='ltr'>Theogn.</span> <span class='ocrx_word' id='word_1_38' title='bbox 446 752 509 816; x_wconf 87' lang='grc'>828</span> <span class='ocrx_word' id='word_1_39' title='bbox 525 752 682 841; x_wconf 71' lang='grc' dir='ltr'><strong><em>ξανθῇσίν</em></strong></span> <span class='ocrx_word' id='word_1_40' title='bbox 703 778 739 819; x_wconf 91' lang='grc' dir='ltr'><strong><em>τε</em></strong></span> <span class='ocrx_word' id='word_1_41' title='bbox 754 755 869 838; x_wconf 85' lang='grc' dir='ltr'><strong><em>κόμαις</em></strong></span> <span class='ocrx_word' id='word_1_42' title='bbox 884 750 1083 840; x_wconf 80' lang='grc' dir='ltr'><strong><em>πορφυρέους</em></strong></span> <span class='ocrx_word' id='word_1_43' title='bbox 1104 756 1280 839; x_wconf 78' lang='grc' dir='ltr'><strong><em>στεφάνους</em></strong></span> <span class='ocrx_word' id='word_1_44' title='bbox 1309 762 1341 816; x_wconf 90' lang='lat' dir='ltr'>et</span> <span class='ocrx_word' id='word_1_45' title='bbox 1370 758 1489 841; x_wconf 90' lang='grc' dir='ltr'><strong><em>στεφά-</em></strong></span> 
     </span>
     <span class='ocr_line' id='line_1_6' title="bbox 93 856 1488 945; baseline -0.002 -21"><span class='ocrx_word' id='word_1_46' title='bbox 93 884 192 943; x_wconf 88' lang='grc' dir='ltr'><strong><em>νωμα,</em></strong></span> <span class='ocrx_word' id='word_1_47' title='bbox 224 857 312 945; x_wconf 91' lang='lat' dir='ltr'>quod</span> <span class='ocrx_word' id='word_1_48' title='bbox 334 856 471 922; x_wconf 86' lang='lat' dir='ltr'>verbum</span> <span class='ocrx_word' id='word_1_49' title='bbox 493 860 526 922; x_wconf 94' lang='lat' dir='ltr'>in</span> <span class='ocrx_word' id='word_1_50' title='bbox 549 859 689 943; x_wconf 84' lang='lat' dir='ltr'><strong>antiquis</strong></span> <span class='ocrx_word' id='word_1_51' title='bbox 713 856 911 922; x_wconf 84' lang='lat' dir='ltr'><strong>carminibus</strong></span> <span class='ocrx_word' id='word_1_52' title='bbox 934 858 1034 942; x_wconf 79' lang='lat' dir='ltr'>epicis</span> <span class='ocrx_word' id='word_1_53' title='bbox 1057 878 1122 921; x_wconf 90' lang='lat' dir='ltr'>non</span> <span class='ocrx_word' id='word_1_54' title='bbox 1144 857 1319 938; x_wconf 85' lang='lat' dir='ltr'>invenitur,</span> <span class='ocrx_word' id='word_1_55' title='bbox 1344 857 1488 941; x_wconf 84' lang='lat' dir='ltr'>Theogn.</span> 
     </span>
     <span class='ocr_line' id='line_1_7' title="bbox 96 957 1488 1051; baseline 0.001 -26"><span class='ocrx_word' id='word_1_56' title='bbox 96 962 177 1027; x_wconf 88' lang='lat'>1001</span> <span class='ocrx_word' id='word_1_57' title='bbox 195 985 241 1048; x_wconf 90' lang='lat' dir='ltr'>sq.</span> <span class='ocrx_word' id='word_1_58' title='bbox 266 964 500 1051; x_wconf 82' lang='grc' dir='ltr'><strong><em>στεφανώματα</em></strong></span> <span class='ocrx_word' id='word_1_59' title='bbox 532 958 561 1029; x_wconf 82' lang='grc' dir='ltr'>δ’</span> <span class='ocrx_word' id='word_1_60' title='bbox 576 957 653 1028; x_wconf 76' lang='grc' dir='ltr'><strong><em>εἴσω</em></strong></span> <span class='ocrx_word' id='word_1_61' title='bbox 682 962 686 1047; x_wconf 92' lang='grc' dir='ltr'>Ι</span> <span class='ocrx_word' id='word_1_62' title='bbox 713 962 835 1051; x_wconf 77' lang='grc' dir='ltr'><strong><em>εὐειδὴς</em></strong></span> <span class='ocrx_word' id='word_1_63' title='bbox 864 963 1008 1049; x_wconf 83' lang='grc' dir='ltr'><strong><em>ῥαδιναῖς</em></strong></span> <span class='ocrx_word' id='word_1_64' title='bbox 1035 960 1126 1046; x_wconf 86' lang='grc' dir='ltr'><strong><em>χερσί</em></strong></span> <span class='ocrx_word' id='word_1_65' title='bbox 1154 965 1308 1027; x_wconf 85' lang='grc' dir='ltr'><strong><em>Λάκαινα</em></strong></span> <span class='ocrx_word' id='word_1_66' title='bbox 1337 968 1424 1050; x_wconf 82' lang='grc' dir='ltr'><strong><em>κόρη.</em></strong></span> <span class='ocrx_word' id='word_1_67' title='bbox 1449 998 1488 1008; x_wconf 93' lang='grc'><strong>-</strong></span> 
     </span>
     <span class='ocr_line' id='line_1_8' title="bbox 93 1066 1491 1153; baseline -0.001 -21"><span class='ocrx_word' id='word_1_68' title='bbox 93 1072 287 1152; x_wconf 81' lang='grc' dir='ltr'><strong><em>συχκυρεῖν</em></strong></span> <span class='ocrx_word' id='word_1_69' title='bbox 312 1070 345 1131; x_wconf 78' lang='grc' dir='ltr'><strong>Ψ</strong></span> <span class='ocrx_word' id='word_1_70' title='bbox 364 1066 429 1131; x_wconf 90' lang='grc'>435</span> <span class='ocrx_word' id='word_1_71' title='bbox 453 1067 545 1151; x_wconf 90' lang='lat' dir='ltr'>(alibi</span> <span class='ocrx_word' id='word_1_72' title='bbox 567 1090 632 1131; x_wconf 91' lang='lat' dir='ltr'>non</span> <span class='ocrx_word' id='word_1_73' title='bbox 656 1067 760 1153; x_wconf 86' lang='lat' dir='ltr'>extat)</span> <span class='ocrx_word' id='word_1_74' title='bbox 788 1068 918 1152; x_wconf 79' lang='lat' dir='ltr'>proprie</span> <span class='ocrx_word' id='word_1_75' title='bbox 942 1066 1065 1131; x_wconf 87' lang='lat' dir='ltr'>dietum</span> <span class='ocrx_word' id='word_1_76' title='bbox 1096 1074 1159 1130; x_wconf 88' lang='lat' dir='ltr'>est:</span> <span class='ocrx_word' id='word_1_77' title='bbox 1197 1068 1240 1153; x_wconf 84' lang='grc' dir='ltr'>μή</span> <span class='ocrx_word' id='word_1_78' title='bbox 1267 1089 1339 1144; x_wconf 86' lang='grc' dir='ltr'>πως</span> <span class='ocrx_word' id='word_1_79' title='bbox 1360 1067 1491 1152; x_wconf 78' lang='grc' dir='ltr'><strong><em>συγκύρ-</em></strong></span> 
     </span>
     <span class='ocr_line' id='line_1_9' title="bbox 91 1166 1491 1260; baseline 0 -24"><span class='ocrx_word' id='word_1_80' title='bbox 91 1193 182 1237; x_wconf 90' lang='grc' dir='ltr'><strong><em>σειαν</em></strong></span> <span class='ocrx_word' id='word_1_81' title='bbox 204 1172 269 1260; x_wconf 79' lang='grc' dir='ltr'>ὁδῷ</span> <span class='ocrx_word' id='word_1_82' title='bbox 293 1166 339 1237; x_wconf 82' lang='grc' dir='ltr'>ένι</span> <span class='ocrx_word' id='word_1_83' title='bbox 361 1177 501 1255; x_wconf 85' lang='grc' dir='ltr'><strong><em>μώνυχες</em></strong></span> <span class='ocrx_word' id='word_1_84' title='bbox 521 1171 637 1251; x_wconf 71' lang='grc' dir='ltr'><strong><em>ἵπποις</em></strong></span> <span class='ocrx_word' id='word_1_85' title='bbox 662 1181 775 1236; x_wconf 85' lang='lat' dir='ltr'>contra</span> <span class='ocrx_word' id='word_1_86' title='bbox 790 1171 937 1255; x_wconf 84' lang='lat' dir='ltr'>Theogn.</span> <span class='ocrx_word' id='word_1_87' title='bbox 955 1170 1017 1234; x_wconf 78' lang='lat'>697</span> <span class='ocrx_word' id='word_1_88' title='bbox 1035 1192 1081 1255; x_wconf 93' lang='lat' dir='ltr'>sq.</span> <span class='ocrx_word' id='word_1_89' title='bbox 1104 1170 1143 1258; x_wconf 80' lang='grc' dir='ltr'>ἢν</span> <span class='ocrx_word' id='word_1_90' title='bbox 1165 1169 1202 1236; x_wconf 86' lang='grc' dir='ltr'>δέ</span> <span class='ocrx_word' id='word_1_91' title='bbox 1222 1195 1255 1235; x_wconf 90' lang='grc' dir='ltr'>τι</span> <span class='ocrx_word' id='word_1_92' title='bbox 1270 1170 1373 1236; x_wconf 90' lang='grc' dir='ltr'><strong><em>δεινδν</em></strong></span> <span class='ocrx_word' id='word_1_93' title='bbox 1392 1174 1396 1254; x_wconf 69' lang='lat' dir='ltr'>t</span> <span class='ocrx_word' id='word_1_94' title='bbox 1416 1191 1491 1254; x_wconf 87' lang='grc' dir='ltr'><strong><em>συχ-</em></strong></span> 
     </span>
     <span class='ocr_line' id='line_1_10' title="bbox 92 1274 1491 1366; baseline -0.003 -25"><span class='ocrx_word' id='word_1_95' title='bbox 92 1280 190 1366; x_wconf 83' lang='grc' dir='ltr'><strong><em>κάρση</em></strong></span> <span class='ocrx_word' id='word_1_96' title='bbox 220 1297 291 1341; x_wconf 87' lang='lat' dir='ltr'>eam</span> <span class='ocrx_word' id='word_1_97' title='bbox 314 1277 381 1339; x_wconf 91' lang='lat' dir='ltr'>vim</span> <span class='ocrx_word' id='word_1_98' title='bbox 411 1275 520 1354; x_wconf 87' lang='lat' dir='ltr'>habet,</span> <span class='ocrx_word' id='word_1_99' title='bbox 552 1297 636 1362; x_wconf 87' lang='lat' dir='ltr'>quae</span> <span class='ocrx_word' id='word_1_100' title='bbox 666 1275 753 1360; x_wconf 91' lang='lat' dir='ltr'>apud</span> <span class='ocrx_word' id='word_1_101' title='bbox 783 1275 987 1341; x_wconf 88' lang='lat' dir='ltr'>Herodotum</span> <span class='ocrx_word' id='word_1_102' title='bbox 1014 1274 1155 1359; x_wconf 89' lang='lat' dir='ltr'>aliosque</span> <span class='ocrx_word' id='word_1_103' title='bbox 1186 1276 1360 1360; x_wconf 79' lang='lat' dir='ltr'>scriptores</span> <span class='ocrx_word' id='word_1_104' title='bbox 1382 1296 1491 1337; x_wconf 88' lang='lat' dir='ltr'>recen·</span> 
     </span>
     <span class='ocr_line' id='line_1_11' title="bbox 93 1377 1492 1466; baseline -0.002 -22"><span class='ocrx_word' id='word_1_105' title='bbox 93 1382 191 1444; x_wconf 87' lang='lat' dir='ltr'>tiores</span> <span class='ocrx_word' id='word_1_106' title='bbox 222 1381 344 1466; x_wconf 88' lang='lat' dir='ltr'>passim</span> <span class='ocrx_word' id='word_1_107' title='bbox 373 1381 545 1444; x_wconf 82' lang='lat' dir='ltr'>invenitur.</span> <span class='ocrx_word' id='word_1_108' title='bbox 595 1418 637 1427; x_wconf 92' lang='lat'>-</span> <span class='ocrx_word' id='word_1_109' title='bbox 686 1378 912 1466; x_wconf 78' lang='grc' dir='ltr'><strong><em>συμμίσγειν</em></strong></span> <span class='ocrx_word' id='word_1_110' title='bbox 941 1378 1029 1464; x_wconf 91' lang='lat' dir='ltr'>apud</span> <span class='ocrx_word' id='word_1_111' title='bbox 1061 1379 1240 1443; x_wconf 88' lang='lat' dir='ltr'>Homerum</span> <span class='ocrx_word' id='word_1_112' title='bbox 1271 1377 1370 1443; x_wconf 89' lang='lat' dir='ltr'>semel</span> <span class='ocrx_word' id='word_1_113' title='bbox 1401 1388 1492 1442; x_wconf 87' lang='lat' dir='ltr'>extat</span> 
     </span>
     <span class='ocr_line' id='line_1_12' title="bbox 94 1482 1492 1572; baseline -0.003 -23"><span class='ocrx_word' id='word_1_114' title='bbox 94 1484 138 1571; x_wconf 86' lang='lat' dir='ltr'>(B</span> <span class='ocrx_word' id='word_1_115' title='bbox 154 1485 231 1571; x_wconf 79' lang='grc'>753)</span> <span class='ocrx_word' id='word_1_116' title='bbox 254 1494 352 1570; x_wconf 85' lang='lat' dir='ltr'>atque</span> <span class='ocrx_word' id='word_1_117' title='bbox 375 1506 469 1549; x_wconf 89' lang='lat' dir='ltr'>sensu</span> <span class='ocrx_word' id='word_1_118' title='bbox 491 1486 622 1572; x_wconf 89' lang='lat' dir='ltr'>proprio</span> <span class='ocrx_word' id='word_1_119' title='bbox 646 1485 768 1549; x_wconf 88' lang='lat' dir='ltr'>dictum</span> <span class='ocrx_word' id='word_1_120' title='bbox 791 1494 850 1568; x_wconf 87' lang='lat' dir='ltr'>est,</span> <span class='ocrx_word' id='word_1_121' title='bbox 874 1486 929 1569; x_wconf 92' lang='lat' dir='ltr'>qui</span> <span class='ocrx_word' id='word_1_122' title='bbox 952 1486 1049 1548; x_wconf 88' lang='lat' dir='ltr'>etiam</span> <span class='ocrx_word' id='word_1_123' title='bbox 1071 1484 1184 1568; x_wconf 90' lang='lat' dir='ltr'>paucis</span> <span class='ocrx_word' id='word_1_124' title='bbox 1207 1482 1391 1568; x_wconf 84' lang='lat' dir='ltr'>elegearnm</span> <span class='ocrx_word' id='word_1_125' title='bbox 1414 1482 1492 1548; x_wconf 90' lang='lat' dir='ltr'>loeis</span> 
     </span>
     <span class='ocr_line' id='line_1_13' title="bbox 94 1588 1492 1674; baseline -0.001 -21"><span class='ocrx_word' id='word_1_126' title='bbox 94 1588 285 1653; x_wconf 87' lang='lat' dir='ltr'>statuendus</span> <span class='ocrx_word' id='word_1_127' title='bbox 313 1599 370 1653; x_wconf 88' lang='lat' dir='ltr'>est.</span> <span class='ocrx_word' id='word_1_128' title='bbox 417 1589 486 1654; x_wconf 91' lang='lat' dir='ltr'>aliis</span> <span class='ocrx_word' id='word_1_129' title='bbox 509 1599 618 1654; x_wconf 88' lang='lat' dir='ltr'>autem</span> <span class='ocrx_word' id='word_1_130' title='bbox 647 1590 736 1668; x_wconf 89' lang='lat' dir='ltr'>loeis,</span> <span class='ocrx_word' id='word_1_131' title='bbox 768 1611 846 1674; x_wconf 92' lang='lat' dir='ltr'>quos</span> <span class='ocrx_word' id='word_1_132' title='bbox 877 1612 908 1674; x_wconf 93' lang='lat' dir='ltr'>p.</span> <span class='ocrx_word' id='word_1_133' title='bbox 936 1589 997 1652; x_wconf 90' lang='grc'>156</span> <span class='ocrx_word' id='word_1_134' title='bbox 1021 1590 1178 1672; x_wconf 82' lang='lat' dir='ltr'>congessi,</span> <span class='ocrx_word' id='word_1_135' title='bbox 1208 1588 1242 1652; x_wconf 92' lang='lat' dir='ltr'>id</span> <span class='ocrx_word' id='word_1_136' title='bbox 1265 1588 1402 1653; x_wconf 90' lang='lat' dir='ltr'>verbum</span> <span class='ocrx_word' id='word_1_137' title='bbox 1425 1589 1492 1652; x_wconf 91' lang='lat' dir='ltr'>vim</span> 
     </span>
     <span class='ocr_line' id='line_1_14' title="bbox 93 1684 1491 1780; baseline -0.001 -23"><span class='ocrx_word' id='word_1_138' title='bbox 93 1694 284 1759; x_wconf 78' lang='lat' dir='ltr'>translatam</span> <span class='ocrx_word' id='word_1_139' title='bbox 306 1693 415 1759; x_wconf 87' lang='lat' dir='ltr'>habet.</span> <span class='ocrx_word' id='word_1_140' title='bbox 439 1733 482 1741; x_wconf 91' lang='lat'>—</span> <span class='ocrx_word' id='word_1_141' title='bbox 504 1693 777 1776; x_wconf 72' lang='grc' dir='ltr'><strong><em>συντίθεσθαι,</em></strong></span> <span class='ocrx_word' id='word_1_142' title='bbox 802 1693 888 1780; x_wconf 91' lang='lat' dir='ltr'>quod</span> <span class='ocrx_word' id='word_1_143' title='bbox 904 1693 993 1779; x_wconf 88' lang='lat' dir='ltr'>apud</span> <span class='ocrx_word' id='word_1_144' title='bbox 1016 1684 1194 1757; x_wconf 88' lang='lat' dir='ltr'>Homerum</span> <span class='ocrx_word' id='word_1_145' title='bbox 1218 1692 1315 1757; x_wconf 89' lang='lat' dir='ltr'>latino</span> <span class='ocrx_word' id='word_1_146' title='bbox 1339 1694 1491 1756; x_wconf 80' lang='lat' dir='ltr'>‘animum</span> 
     </span>
     <span class='ocr_line' id='line_1_15' title="bbox 94 1793 1493 1885; baseline -0.001 -24"><span class='ocrx_word' id='word_1_147' title='bbox 94 1796 274 1862; x_wconf 87' lang='lat' dir='ltr'>advertere&#39;</span> <span class='ocrx_word' id='word_1_148' title='bbox 298 1797 481 1885; x_wconf 86' lang='lat' dir='ltr'>respondet,</span> <span class='ocrx_word' id='word_1_149' title='bbox 507 1798 651 1882; x_wconf 82' lang='lat' dir='ltr'>Theogn.</span> <span class='ocrx_word' id='word_1_150' title='bbox 676 1798 740 1862; x_wconf 89' lang='grc'>306</span> <span class='ocrx_word' id='word_1_151' title='bbox 770 1793 839 1863; x_wconf 78' lang='grc' dir='ltr'><strong><em>ἀλλ’</em></strong></span> <span class='ocrx_word' id='word_1_152' title='bbox 855 1798 1004 1884; x_wconf 83' lang='grc' dir='ltr'><strong><em>άνδρεσσι</em></strong></span> <span class='ocrx_word' id='word_1_153' title='bbox 1034 1804 1144 1876; x_wconf 91' lang='grc' dir='ltr'><strong><em>κακοῖς</em></strong></span> <span class='ocrx_word' id='word_1_154' title='bbox 1172 1794 1362 1882; x_wconf 74' lang='grc' dir='ltr'><strong><em>συνθέμενοι</em></strong></span> <span class='ocrx_word' id='word_1_155' title='bbox 1384 1794 1493 1884; x_wconf 78' lang='grc' dir='ltr'><strong><em>φιλίην</em></strong></span> 
     </span>
     <span class='ocr_line' id='line_1_16' title="bbox 94 1900 1490 1986; baseline -0.001 -21"><span class='ocrx_word' id='word_1_156' title='bbox 94 1901 158 1965; x_wconf 91' lang='lat' dir='ltr'>alia</span> <span class='ocrx_word' id='word_1_157' title='bbox 181 1904 213 1965; x_wconf 93' lang='lat' dir='ltr'>vi</span> <span class='ocrx_word' id='word_1_158' title='bbox 236 1904 430 1968; x_wconf 87' lang='lat' dir='ltr'>instructum</span> <span class='ocrx_word' id='word_1_159' title='bbox 453 1913 511 1968; x_wconf 86' lang='lat' dir='ltr'>est.</span> <span class='ocrx_word' id='word_1_160' title='bbox 550 1905 603 1967; x_wconf 90' lang='lat' dir='ltr'>hic</span> <span class='ocrx_word' id='word_1_161' title='bbox 627 1904 712 1966; x_wconf 87' lang='lat' dir='ltr'>enim</span> <span class='ocrx_word' id='word_1_162' title='bbox 735 1901 822 1966; x_wconf 88' lang='lat' dir='ltr'>idem</span> <span class='ocrx_word' id='word_1_163' title='bbox 845 1902 933 1965; x_wconf 86' lang='lat' dir='ltr'>valet</span> <span class='ocrx_word' id='word_1_164' title='bbox 955 1902 1041 1986; x_wconf 91' lang='lat' dir='ltr'>quod</span> <span class='ocrx_word' id='word_1_165' title='bbox 1065 1900 1257 1967; x_wconf 85' lang='lat' dir='ltr'>‘conciliare’</span> <span class='ocrx_word' id='word_1_166' title='bbox 1280 1911 1317 1965; x_wconf 91' lang='lat' dir='ltr'>ut</span> <span class='ocrx_word' id='word_1_167' title='bbox 1339 1902 1490 1986; x_wconf 87' lang='lat' dir='ltr'>Xenoph.</span> 
     </span>
     <span class='ocr_line' id='line_1_17' title="bbox 95 2005 1489 2092; baseline 0.001 -23"><span class='ocrx_word' id='word_1_168' title='bbox 95 2006 202 2070; x_wconf 89' lang='lat' dir='ltr'>Anab.</span> <span class='ocrx_word' id='word_1_169' title='bbox 226 2007 259 2071; x_wconf 94' lang='grc' dir='ltr'>ΙΙ</span> <span class='ocrx_word' id='word_1_170' title='bbox 281 2008 312 2089; x_wconf 90' lang='grc'>5,</span> <span class='ocrx_word' id='word_1_171' title='bbox 330 2008 359 2090; x_wconf 91' lang='grc'>8,</span> <span class='ocrx_word' id='word_1_172' title='bbox 384 2009 440 2073; x_wconf 94' lang='lat' dir='ltr'>ubi</span> <span class='ocrx_word' id='word_1_173' title='bbox 462 2008 548 2073; x_wconf 85' lang='lat' dir='ltr'>idem</span> <span class='ocrx_word' id='word_1_174' title='bbox 571 2007 734 2071; x_wconf 88' lang='lat' dir='ltr'>obiectum</span> <span class='ocrx_word' id='word_1_175' title='bbox 757 2006 895 2071; x_wconf 83' lang='lat' dir='ltr'>accedit.</span> <span class='ocrx_word' id='word_1_176' title='bbox 924 2045 966 2053; x_wconf 91' lang='lat'>-</span> <span class='ocrx_word' id='word_1_177' title='bbox 993 2015 1100 2090; x_wconf 84' lang='grc' dir='ltr'><strong><em>σῶμα</em></strong></span> <span class='ocrx_word' id='word_1_178' title='bbox 1122 2007 1211 2092; x_wconf 91' lang='lat' dir='ltr'>apud</span> <span class='ocrx_word' id='word_1_179' title='bbox 1233 2006 1411 2070; x_wconf 86' lang='lat' dir='ltr'>Homerum</span> <span class='ocrx_word' id='word_1_180' title='bbox 1436 2005 1489 2091; x_wconf 85' lang='lat' dir='ltr'>(ef.</span> 
     </span>
     <span class='ocr_line' id='line_1_18' title="bbox 94 2110 1490 2199; baseline 0.001 -26"><span class='ocrx_word' id='word_1_181' title='bbox 94 2110 222 2175; x_wconf 79' lang='lat' dir='ltr'>Lehrs²</span> <span class='ocrx_word' id='word_1_182' title='bbox 244 2134 276 2197; x_wconf 88' lang='lat' dir='ltr'>p.</span> <span class='ocrx_word' id='word_1_183' title='bbox 300 2112 357 2199; x_wconf 89' lang='grc'>86)</span> <span class='ocrx_word' id='word_1_184' title='bbox 388 2114 551 2177; x_wconf 88' lang='lat' dir='ltr'>notionem</span> <span class='ocrx_word' id='word_1_185' title='bbox 581 2113 673 2177; x_wconf 90' lang='lat' dir='ltr'>latini</span> <span class='ocrx_word' id='word_1_186' title='bbox 696 2110 858 2177; x_wconf 74' lang='lat' dir='ltr'>‘cadaver’</span> <span class='ocrx_word' id='word_1_187' title='bbox 883 2111 1003 2176; x_wconf 90' lang='lat' dir='ltr'>habere</span> <span class='ocrx_word' id='word_1_188' title='bbox 1027 2121 1162 2177; x_wconf 90' lang='lat' dir='ltr'>constat.</span> <span class='ocrx_word' id='word_1_189' title='bbox 1209 2120 1323 2175; x_wconf 90' lang='lat' dir='ltr'>contra</span> <span class='ocrx_word' id='word_1_190' title='bbox 1345 2111 1490 2194; x_wconf 83' lang='lat' dir='ltr'>Theogn.</span> 
     </span>
     <span class='ocr_line' id='line_1_19' title="bbox 94 2214 1490 2304; baseline 0 -25"><span class='ocrx_word' id='word_1_191' title='bbox 94 2214 158 2280; x_wconf 84' lang='lat'>650</span> <span class='ocrx_word' id='word_1_192' title='bbox 181 2215 274 2302; x_wconf 89' lang='lat' dir='ltr'>(alibi</span> <span class='ocrx_word' id='word_1_193' title='bbox 295 2240 360 2282; x_wconf 91' lang='lat' dir='ltr'>non</span> <span class='ocrx_word' id='word_1_194' title='bbox 383 2216 487 2304; x_wconf 86' lang='lat' dir='ltr'>extat)</span> <span class='ocrx_word' id='word_1_195' title='bbox 517 2226 610 2303; x_wconf 84' lang='grc' dir='ltr'><strong><em>σῶμα</em></strong></span> <span class='ocrx_word' id='word_1_196' title='bbox 632 2221 851 2299; x_wconf 88' lang='grc' dir='ltr'><strong><em>καταισχύνεις</em></strong></span> <span class='ocrx_word' id='word_1_197' title='bbox 871 2215 927 2282; x_wconf 86' lang='grc' dir='ltr'>καί</span> <span class='ocrx_word' id='word_1_198' title='bbox 947 2218 1022 2283; x_wconf 87' lang='grc' dir='ltr'><strong><em>νόον</em></strong></span> <span class='ocrx_word' id='word_1_199' title='bbox 1051 2216 1138 2280; x_wconf 92' lang='lat' dir='ltr'>idem</span> <span class='ocrx_word' id='word_1_200' title='bbox 1161 2214 1318 2301; x_wconf 89' lang='lat' dir='ltr'>estquod</span> <span class='ocrx_word' id='word_1_201' title='bbox 1341 2216 1490 2301; x_wconf 82' lang='lat' dir='ltr'>‘corpus&#39;3</span> 
     </span>
     <span class='ocr_line' id='line_1_20' title="bbox 94 2319 1491 2408; baseline -0.001 -24"><span class='ocrx_word' id='word_1_202' title='bbox 94 2319 209 2385; x_wconf 88' lang='lat' dir='ltr'>eadem</span> <span class='ocrx_word' id='word_1_203' title='bbox 232 2322 282 2384; x_wconf 90' lang='lat' dir='ltr'>vis</span> <span class='ocrx_word' id='word_1_204' title='bbox 310 2323 377 2386; x_wconf 92' lang='lat' dir='ltr'>iam</span> <span class='ocrx_word' id='word_1_205' title='bbox 407 2322 487 2385; x_wconf 87' lang='lat' dir='ltr'>Hes.</span> <span class='ocrx_word' id='word_1_206' title='bbox 511 2320 573 2408; x_wconf 93' lang='lat' dir='ltr'>Op.</span> <span class='ocrx_word' id='word_1_207' title='bbox 597 2321 662 2386; x_wconf 83' lang='lat'>540</span> <span class='ocrx_word' id='word_1_208' title='bbox 691 2323 873 2407; x_wconf 80' lang='grc' dir='ltr'><strong><em>ἀειρόμεναι</em></strong></span> <span class='ocrx_word' id='word_1_209' title='bbox 902 2326 985 2386; x_wconf 86' lang='grc' dir='ltr'><strong><em>κατὰ</em></strong></span> <span class='ocrx_word' id='word_1_210' title='bbox 1014 2329 1107 2405; x_wconf 85' lang='grc' dir='ltr'><strong><em>σῶμα</em></strong></span> <span class='ocrx_word' id='word_1_211' title='bbox 1134 2319 1307 2385; x_wconf 86' lang='lat' dir='ltr'>statuenda</span> <span class='ocrx_word' id='word_1_212' title='bbox 1329 2330 1386 2385; x_wconf 88' lang='lat' dir='ltr'>est.</span> <span class='ocrx_word' id='word_1_213' title='bbox 1432 2342 1491 2405; x_wconf 91' lang='lat' dir='ltr'>pro</span> 
     </span>
     <span class='ocr_line' id='line_1_21' title="bbox 94 2418 1492 2512; baseline 0.001 -24"><span class='ocrx_word' id='word_1_214' title='bbox 94 2424 212 2510; x_wconf 90' lang='lat' dir='ltr'>quibus</span> <span class='ocrx_word' id='word_1_215' title='bbox 235 2424 345 2489; x_wconf 90' lang='lat' dir='ltr'>verbis</span> <span class='ocrx_word' id='word_1_216' title='bbox 367 2426 530 2490; x_wconf 88' lang='lat' dir='ltr'>Homerus</span> <span class='ocrx_word' id='word_1_217' title='bbox 553 2429 582 2490; x_wconf 85' lang='grc' dir='ltr'>ά.</span> <span class='ocrx_word' id='word_1_218' title='bbox 603 2421 674 2492; x_wconf 78' lang='grc' dir='ltr'><strong><em>κατ’</em></strong></span> <span class='ocrx_word' id='word_1_219' title='bbox 689 2427 785 2491; x_wconf 81' lang='grc' dir='ltr'><strong><em>αὐτόν</em></strong></span> <span class='ocrx_word' id='word_1_220' title='bbox 807 2425 956 2505; x_wconf 81' lang='lat' dir='ltr'>dixisset3</span> <span class='ocrx_word' id='word_1_221' title='bbox 981 2424 1023 2489; x_wconf 86' lang='lat' dir='ltr'>ef.</span> <span class='ocrx_word' id='word_1_222' title='bbox 1047 2430 1086 2491; x_wconf 88' lang='lat' dir='ltr'><em>A</em></span> <span class='ocrx_word' id='word_1_223' title='bbox 1102 2425 1181 2511; x_wconf 88' lang='lat' dir='ltr'>3sq.</span> <span class='ocrx_word' id='word_1_224' title='bbox 1205 2426 1328 2503; x_wconf 80' lang='grc' dir='ltr'><strong><em>πολλάς</em></strong></span> <span class='ocrx_word' id='word_1_225' title='bbox 1349 2418 1380 2491; x_wconf 81' lang='grc' dir='ltr'>δ’</span> <span class='ocrx_word' id='word_1_226' title='bbox 1395 2422 1492 2512; x_wconf 74' lang='grc' dir='ltr'><strong><em>ἰφθί-</em></strong></span> 
     </span>
     <span class='ocr_line' id='line_1_22' title="bbox 93 2523 1491 2618; baseline -0.001 -24"><span class='ocrx_word' id='word_1_227' title='bbox 93 2552 172 2614; x_wconf 91' lang='grc' dir='ltr'><strong><em>μους</em></strong></span> <span class='ocrx_word' id='word_1_228' title='bbox 192 2535 299 2616; x_wconf 81' lang='grc' dir='ltr'><strong><em>φυχδις</em></strong></span> <span class='ocrx_word' id='word_1_229' title='bbox 320 2523 414 2597; x_wconf 75' lang='grc' dir='ltr'><strong><em>’Ἀϊδι</em></strong></span> <span class='ocrx_word' id='word_1_230' title='bbox 436 2530 601 2618; x_wconf 76' lang='grc' dir='ltr'><strong><em>προΐαψεν</em></strong></span> <span class='ocrx_word' id='word_1_231' title='bbox 627 2529 630 2616; x_wconf 72' lang='grc' dir='ltr'><strong><em>ί</em></strong></span> <span class='ocrx_word' id='word_1_232' title='bbox 657 2534 776 2617; x_wconf 74' lang='grc' dir='ltr'><strong><em>ἡρώων,</em></strong></span> <span class='ocrx_word' id='word_1_233' title='bbox 807 2533 942 2609; x_wconf 82' lang='grc' dir='ltr'><strong><em>αὐτοὺς</em></strong></span> <span class='ocrx_word' id='word_1_234' title='bbox 965 2528 1000 2596; x_wconf 79' lang='grc' dir='ltr'>δὲ</span> <span class='ocrx_word' id='word_1_235' title='bbox 1021 2530 1137 2617; x_wconf 79' lang='grc' dir='ltr'><strong><em>ἑλώρια</em></strong></span> <span class='ocrx_word' id='word_1_236' title='bbox 1159 2540 1249 2612; x_wconf 80' lang='grc' dir='ltr'><strong><em>τεῦχε</em></strong></span> <span class='ocrx_word' id='word_1_237' title='bbox 1271 2530 1424 2595; x_wconf 83' lang='grc' dir='ltr'><strong><em>κύνεσσιν.</em></strong></span> <span class='ocrx_word' id='word_1_238' title='bbox 1448 2567 1491 2576; x_wconf 92' lang='grc'><strong>-</strong></span> 
     </span>
     <span class='ocr_line' id='line_1_23' title="bbox 93 2631 1491 2723; baseline 0 -26"><span class='ocrx_word' id='word_1_239' title='bbox 93 2631 249 2720; x_wconf 82' lang='grc' dir='ltr'><strong><em>ταμίης·</em></strong></span> <span class='ocrx_word' id='word_1_240' title='bbox 264 2634 325 2699; x_wconf 87' lang='lat' dir='ltr'>hoo</span> <span class='ocrx_word' id='word_1_241' title='bbox 340 2634 479 2699; x_wconf 90' lang='lat' dir='ltr'>verbum</span> <span class='ocrx_word' id='word_1_242' title='bbox 494 2635 640 2719; x_wconf 85' lang='lat' dir='ltr'>Theogn.</span> <span class='ocrx_word' id='word_1_243' title='bbox 657 2634 722 2699; x_wconf 80' lang='lat'>504</span> <span class='ocrx_word' id='word_1_244' title='bbox 743 2638 823 2721; x_wconf 89' lang='grc' dir='ltr'><strong><em>άτὰρ</em></strong></span> <span class='ocrx_word' id='word_1_245' title='bbox 845 2635 991 2723; x_wconf 77' lang='grc' dir='ltr'><strong><em>γλώσσης</em></strong></span> <span class='ocrx_word' id='word_1_246' title='bbox 1012 2631 1114 2701; x_wconf 79' lang='grc' dir='ltr'><strong><em>οὐκέτ’</em></strong></span> <span class='ocrx_word' id='word_1_247' title='bbox 1129 2636 1190 2719; x_wconf 71' lang='lat' dir='ltr'>syo</span> <span class='ocrx_word' id='word_1_248' title='bbox 1212 2632 1328 2722; x_wconf 87' lang='grc' dir='ltr'><strong><em>ταμίης</em></strong></span> <span class='ocrx_word' id='word_1_249' title='bbox 1350 2643 1383 2697; x_wconf 90' lang='lat' dir='ltr'>et</span> <span class='ocrx_word' id='word_1_250' title='bbox 1408 2632 1491 2697; x_wconf 89' lang='grc'>1186</span> 
     </span>
     <span class='ocr_line' id='line_1_24' title="bbox 94 2734 1491 2827; baseline 0.001 -25"><span class='ocrx_word' id='word_1_251' title='bbox 94 2734 129 2802; x_wconf 81' lang='grc' dir='ltr'>οἳ</span> <span class='ocrx_word' id='word_1_252' title='bbox 148 2738 271 2803; x_wconf 85' lang='grc' dir='ltr'><strong><em>τούτων</em></strong></span> <span class='ocrx_word' id='word_1_253' title='bbox 286 2736 476 2827; x_wconf 79' lang='grc' dir='ltr'><strong><em>ἀμφοτέροιν</em></strong></span> <span class='ocrx_word' id='word_1_254' title='bbox 497 2737 612 2823; x_wconf 87' lang='grc' dir='ltr'><strong><em>ταμίαι</em></strong></span> <span class='ocrx_word' id='word_1_255' title='bbox 635 2738 722 2804; x_wconf 87' lang='lat' dir='ltr'>idem</span> <span class='ocrx_word' id='word_1_256' title='bbox 740 2739 825 2804; x_wconf 88' lang='lat' dir='ltr'>valet</span> <span class='ocrx_word' id='word_1_257' title='bbox 847 2748 945 2824; x_wconf 92' lang='lat' dir='ltr'>atque</span> <span class='ocrx_word' id='word_1_258' title='bbox 960 2739 1119 2827; x_wconf 75' lang='grc' dir='ltr'><strong><em>ἐγκρατής,</em></strong></span> <span class='ocrx_word' id='word_1_259' title='bbox 1144 2738 1232 2824; x_wconf 92' lang='lat' dir='ltr'>quod</span> <span class='ocrx_word' id='word_1_260' title='bbox 1248 2737 1447 2803; x_wconf 88' lang='lat' dir='ltr'>adiectivum</span> <span class='ocrx_word' id='word_1_261' title='bbox 1471 2761 1491 2803; x_wconf 89' lang='lat' dir='ltr'>a</span> 
     </span>
     <span class='ocr_line' id='line_1_25' title="bbox 93 2841 1491 2931; baseline 0.002 -27"><span class='ocrx_word' id='word_1_262' title='bbox 93 2843 237 2905; x_wconf 89' lang='lat' dir='ltr'>numeris</span> <span class='ocrx_word' id='word_1_263' title='bbox 261 2842 435 2929; x_wconf 83' lang='lat' dir='ltr'>dactylicis</span> <span class='ocrx_word' id='word_1_264' title='bbox 458 2841 633 2908; x_wconf 87' lang='lat' dir='ltr'>abhorrere</span> <span class='ocrx_word' id='word_1_265' title='bbox 656 2866 688 2928; x_wconf 93' lang='lat' dir='ltr'>p.</span> <span class='ocrx_word' id='word_1_266' title='bbox 708 2842 768 2907; x_wconf 86' lang='grc'>148</span> <span class='ocrx_word' id='word_1_267' title='bbox 793 2841 872 2907; x_wconf 87' lang='lat' dir='ltr'>dixi.</span> <span class='ocrx_word' id='word_1_268' title='bbox 896 2880 937 2889; x_wconf 92' lang='lat'><em>-</em></span> <span class='ocrx_word' id='word_1_269' title='bbox 959 2843 1139 2909; x_wconf 86' lang='grc' dir='ltr'><strong><em>τελευτᾶν</em></strong></span> <span class='ocrx_word' id='word_1_270' title='bbox 1162 2842 1226 2908; x_wconf 83' lang='lat' dir='ltr'>Sol.</span> <span class='ocrx_word' id='word_1_271' title='bbox 1245 2843 1294 2920; x_wconf 88' lang='grc'>13,</span> <span class='ocrx_word' id='word_1_272' title='bbox 1313 2843 1354 2907; x_wconf 93' lang='grc'>15</span> <span class='ocrx_word' id='word_1_273' title='bbox 1369 2842 1491 2931; x_wconf 86' lang='grc' dir='ltr'><strong><em>φλαὺρη</em></strong></span> 
     </span>
     <span class='ocr_line' id='line_1_26' title="bbox 92 2943 1492 3035; baseline 0.001 -26"><span class='ocrx_word' id='word_1_274' title='bbox 92 2943 151 3029; x_wconf 81' lang='grc' dir='ltr'>μέν</span> <span class='ocrx_word' id='word_1_275' title='bbox 179 2949 217 3012; x_wconf 89' lang='grc' dir='ltr'>τὸ</span> <span class='ocrx_word' id='word_1_276' title='bbox 247 2955 385 3032; x_wconf 85' lang='grc' dir='ltr'><strong><em>πρῶτον,</em></strong></span> <span class='ocrx_word' id='word_1_277' title='bbox 415 2951 526 3034; x_wconf 79' lang='grc' dir='ltr'><strong><em>άνιηρὴ</em></strong></span> <span class='ocrx_word' id='word_1_278' title='bbox 558 2949 593 3015; x_wconf 82' lang='grc' dir='ltr'>δέ</span> <span class='ocrx_word' id='word_1_279' title='bbox 621 2949 752 3035; x_wconf 85' lang='grc' dir='ltr'><strong><em>τελευτᾷ</em></strong></span> <span class='ocrx_word' id='word_1_280' title='bbox 778 2948 981 3012; x_wconf 82' lang='lat' dir='ltr'>intransitive</span> <span class='ocrx_word' id='word_1_281' title='bbox 1004 2955 1196 3032; x_wconf 89' lang='lat' dir='ltr'>usurpatum</span> <span class='ocrx_word' id='word_1_282' title='bbox 1218 2956 1276 3027; x_wconf 85' lang='lat' dir='ltr'>est,</span> <span class='ocrx_word' id='word_1_283' title='bbox 1300 2948 1392 3010; x_wconf 87' lang='lat' dir='ltr'>euius</span> <span class='ocrx_word' id='word_1_284' title='bbox 1414 2969 1492 3010; x_wconf 91' lang='lat' dir='ltr'>usus</span> 
     </span>
     <span class='ocr_line' id='line_1_27' title="bbox 92 3048 1492 3138; baseline 0.001 -26"><span class='ocrx_word' id='word_1_285' title='bbox 92 3048 181 3134; x_wconf 86' lang='lat' dir='ltr'>apud</span> <span class='ocrx_word' id='word_1_286' title='bbox 210 3050 391 3117; x_wconf 89' lang='lat' dir='ltr'>Homerum</span> <span class='ocrx_word' id='word_1_287' title='bbox 420 3052 608 3137; x_wconf 87' lang='lat' dir='ltr'>exemplum</span> <span class='ocrx_word' id='word_1_288' title='bbox 639 3062 731 3117; x_wconf 63' lang='lat' dir='ltr'>exat</span> <span class='ocrx_word' id='word_1_289' title='bbox 760 3052 893 3117; x_wconf 89' lang='lat' dir='ltr'>nullum.</span> <span class='ocrx_word' id='word_1_290' title='bbox 939 3091 981 3099; x_wconf 90' lang='lat'><em>-</em></span> <span class='ocrx_word' id='word_1_291' title='bbox 1024 3052 1142 3138; x_wconf 82' lang='grc' dir='ltr'><strong><em>τέρμα</em></strong></span> <span class='ocrx_word' id='word_1_292' title='bbox 1166 3050 1310 3116; x_wconf 85' lang='lat' dir='ltr'>cumbis</span> <span class='ocrx_word' id='word_1_293' title='bbox 1333 3051 1492 3135; x_wconf 76' lang='lat' dir='ltr'>genetiuis</span> 
     </span>
     <span class='ocr_line' id='line_1_28' title="bbox 94 3156 1491 3246; baseline 0 -29"><span class='ocrx_word' id='word_1_294' title='bbox 94 3156 311 3220; x_wconf 89' lang='lat' dir='ltr'>consociatum</span> <span class='ocrx_word' id='word_1_295' title='bbox 333 3156 465 3240; x_wconf 86' lang='lat' dir='ltr'>legitur:</span> <span class='ocrx_word' id='word_1_296' title='bbox 489 3158 582 3242; x_wconf 83' lang='lat' dir='ltr'>Tyrt.</span> <span class='ocrx_word' id='word_1_297' title='bbox 609 3157 650 3220; x_wconf 83' lang='lat'>14</span> <span class='ocrx_word' id='word_1_298' title='bbox 672 3160 805 3246; x_wconf 79' lang='grc' dir='ltr'><strong><em>ἀρετῆς.</em></strong></span> <span class='ocrx_word' id='word_1_299' title='bbox 825 3208 830 3219; x_wconf 96' lang='grc'>.</span> <span class='ocrx_word' id='word_1_300' title='bbox 850 3156 1035 3242; x_wconf 89' lang='grc' dir='ltr'><strong><em>.τέρμασιν,</em></strong></span> <span class='ocrx_word' id='word_1_301' title='bbox 1060 3156 1123 3222; x_wconf 86' lang='lat' dir='ltr'>Sol.</span> <span class='ocrx_word' id='word_1_302' title='bbox 1143 3156 1193 3241; x_wconf 84' lang='lat'>13,</span> <span class='ocrx_word' id='word_1_303' title='bbox 1211 3156 1250 3219; x_wconf 81' lang='lat'>71</span> <span class='ocrx_word' id='word_1_304' title='bbox 1275 3156 1491 3222; x_wconf 85' lang='grc' dir='ltr'><strong><em>πλούτου...</em></strong></span> 
     </span>
     <span class='ocr_line' id='line_1_29' title="bbox 91 3255 1494 3350; baseline 0 -27"><span class='ocrx_word' id='word_1_305' title='bbox 91 3255 200 3344; x_wconf 91' lang='grc' dir='ltr'><strong><em>τέρμα,</em></strong></span> <span class='ocrx_word' id='word_1_306' title='bbox 217 3259 361 3344; x_wconf 85' lang='lat' dir='ltr'>Theogn.</span> <span class='ocrx_word' id='word_1_307' title='bbox 374 3260 458 3325; x_wconf 88' lang='grc'>1300</span> <span class='ocrx_word' id='word_1_308' title='bbox 466 3283 512 3346; x_wconf 90' lang='lat' dir='ltr'>sq.</span> <span class='ocrx_word' id='word_1_309' title='bbox 522 3260 621 3348; x_wconf 91' lang='grc' dir='ltr'><strong><em>τέρμα</em></strong></span> <span class='ocrx_word' id='word_1_310' title='bbox 632 3313 638 3326; x_wconf 92' lang='grc'><strong>.</strong></span> <span class='ocrx_word' id='word_1_311' title='bbox 651 3311 657 3324; x_wconf 93' lang='grc'>.</span> <span class='ocrx_word' id='word_1_312' title='bbox 669 3312 676 3325; x_wconf 93' lang='grc'><strong>.</strong></span> <span class='ocrx_word' id='word_1_313' title='bbox 687 3263 793 3350; x_wconf 73' lang='grc' dir='ltr'><strong><em>ὀργῆς,</em></strong></span> <span class='ocrx_word' id='word_1_314' title='bbox 810 3260 929 3347; x_wconf 87' lang='lat' dir='ltr'>quibus</span> <span class='ocrx_word' id='word_1_315' title='bbox 945 3260 1023 3326; x_wconf 87' lang='lat' dir='ltr'>locis</span> <span class='ocrx_word' id='word_1_316' title='bbox 1040 3261 1158 3326; x_wconf 85' lang='lat' dir='ltr'>similes</span> <span class='ocrx_word' id='word_1_317' title='bbox 1174 3270 1287 3347; x_wconf 89' lang='lat' dir='ltr'>postea</span> <span class='ocrx_word' id='word_1_318' title='bbox 1308 3263 1385 3324; x_wconf 86' lang='lat' dir='ltr'>satis</span> <span class='ocrx_word' id='word_1_319' title='bbox 1400 3260 1494 3324; x_wconf 92' lang='lat' dir='ltr'>multi</span> 
     </span>
     <span class='ocr_line' id='line_1_30' title="bbox 93 3364 1493 3451; baseline 0.003 -27"><span class='ocrx_word' id='word_1_320' title='bbox 93 3371 215 3427; x_wconf 86' lang='lat' dir='ltr'>extant.</span> <span class='ocrx_word' id='word_1_321' title='bbox 261 3365 319 3429; x_wconf 90' lang='lat' dir='ltr'>sed</span> <span class='ocrx_word' id='word_1_322' title='bbox 342 3364 503 3429; x_wconf 87' lang='lat' dir='ltr'>Homerus</span> <span class='ocrx_word' id='word_1_323' title='bbox 524 3365 557 3430; x_wconf 93' lang='lat' dir='ltr'>id</span> <span class='ocrx_word' id='word_1_324' title='bbox 581 3365 820 3431; x_wconf 87' lang='lat' dir='ltr'>substantivum</span> <span class='ocrx_word' id='word_1_325' title='bbox 842 3375 969 3430; x_wconf 88' lang='lat' dir='ltr'>tantum</span> <span class='ocrx_word' id='word_1_326' title='bbox 992 3388 1068 3430; x_wconf 90' lang='lat' dir='ltr'>cum</span> <span class='ocrx_word' id='word_1_327' title='bbox 1090 3364 1209 3448; x_wconf 77' lang='lat' dir='ltr'>verbis,</span> <span class='ocrx_word' id='word_1_328' title='bbox 1233 3368 1266 3429; x_wconf 94' lang='lat' dir='ltr'>in</span> <span class='ocrx_word' id='word_1_329' title='bbox 1290 3365 1407 3451; x_wconf 91' lang='lat' dir='ltr'>quibus</span> <span class='ocrx_word' id='word_1_330' title='bbox 1430 3364 1493 3429; x_wconf 92' lang='lat' dir='ltr'>loci</span> 
     </span>
     <span class='ocr_line' id='line_1_31' title="bbox 92 3466 1493 3555; baseline 0.003 -26"><span class='ocrx_word' id='word_1_331' title='bbox 92 3466 284 3549; x_wconf 86' lang='lat' dir='ltr'>significatio</span> <span class='ocrx_word' id='word_1_332' title='bbox 306 3471 398 3552; x_wconf 86' lang='lat' dir='ltr'>inest,</span> <span class='ocrx_word' id='word_1_333' title='bbox 424 3472 597 3554; x_wconf 85' lang='lat' dir='ltr'>coniungit.</span> <span class='ocrx_word' id='word_1_334' title='bbox 622 3508 663 3517; x_wconf 88' lang='lat'><em>-</em></span> <span class='ocrx_word' id='word_1_335' title='bbox 682 3469 798 3551; x_wconf 89' lang='grc' dir='ltr'><strong><em>τίσις,</em></strong></span> <span class='ocrx_word' id='word_1_336' title='bbox 822 3493 897 3535; x_wconf 89' lang='lat' dir='ltr'>eum</span> <span class='ocrx_word' id='word_1_337' title='bbox 919 3493 987 3535; x_wconf 83' lang='lat' dir='ltr'>vox</span> <span class='ocrx_word' id='word_1_338' title='bbox 1009 3492 1092 3555; x_wconf 86' lang='lat' dir='ltr'>quae</span> <span class='ocrx_word' id='word_1_339' title='bbox 1115 3470 1234 3535; x_wconf 90' lang='lat' dir='ltr'>dicitur</span> <span class='ocrx_word' id='word_1_340' title='bbox 1256 3469 1364 3534; x_wconf 90' lang='lat' dir='ltr'>media</span> <span class='ocrx_word' id='word_1_341' title='bbox 1388 3471 1429 3533; x_wconf 88' lang='lat' dir='ltr'>sit</span> <span class='ocrx_word' id='word_1_342' title='bbox 1450 3508 1493 3516; x_wconf 97' lang='lat'>—</span> 
     </span>
     <span class='ocr_line' id='line_1_32' title="bbox 91 3571 1492 3660; baseline 0.004 -28"><span class='ocrx_word' id='word_1_343' title='bbox 91 3571 268 3655; x_wconf 90' lang='lat' dir='ltr'>respondet</span> <span class='ocrx_word' id='word_1_344' title='bbox 291 3573 376 3637; x_wconf 87' lang='lat' dir='ltr'>enim</span> <span class='ocrx_word' id='word_1_345' title='bbox 399 3583 508 3638; x_wconf 90' lang='lat' dir='ltr'>nostro</span> <span class='ocrx_word' id='word_1_346' title='bbox 532 3574 757 3660; x_wconf 84' lang='lat' dir='ltr'>‘Vergeltung’</span> <span class='ocrx_word' id='word_1_347' title='bbox 781 3614 834 3660; x_wconf 93' lang='grc'>-,</span> <span class='ocrx_word' id='word_1_348' title='bbox 863 3585 895 3638; x_wconf 88' lang='lat' dir='ltr'>et</span> <span class='ocrx_word' id='word_1_349' title='bbox 916 3578 949 3639; x_wconf 94' lang='lat' dir='ltr'>in</span> <span class='ocrx_word' id='word_1_350' title='bbox 972 3575 1091 3640; x_wconf 92' lang='lat' dir='ltr'>bonam</span> <span class='ocrx_word' id='word_1_351' title='bbox 1114 3584 1146 3638; x_wconf 88' lang='lat' dir='ltr'>et</span> <span class='ocrx_word' id='word_1_352' title='bbox 1169 3576 1201 3639; x_wconf 93' lang='lat' dir='ltr'>in</span> <span class='ocrx_word' id='word_1_353' title='bbox 1224 3574 1341 3639; x_wconf 89' lang='lat' dir='ltr'>malam</span> <span class='ocrx_word' id='word_1_354' title='bbox 1365 3582 1492 3659; x_wconf 91' lang='lat' dir='ltr'>partem</span> 
     </span>
     <span class='ocr_line' id='line_1_33' title="bbox 94 3677 1493 3766; baseline 0.005 -30"><span class='ocrx_word' id='word_1_355' title='bbox 94 3677 178 3740; x_wconf 92' lang='lat' dir='ltr'>sumi</span> <span class='ocrx_word' id='word_1_356' title='bbox 200 3686 316 3762; x_wconf 90' lang='lat' dir='ltr'>potest.</span> <span class='ocrx_word' id='word_1_357' title='bbox 341 3677 398 3743; x_wconf 88' lang='lat' dir='ltr'>sed</span> <span class='ocrx_word' id='word_1_358' title='bbox 421 3680 511 3764; x_wconf 84' lang='lat' dir='ltr'>prior</span> <span class='ocrx_word' id='word_1_359' title='bbox 529 3681 579 3742; x_wconf 89' lang='lat' dir='ltr'>vis</span> <span class='ocrx_word' id='word_1_360' title='bbox 603 3702 677 3744; x_wconf 89' lang='lat' dir='ltr'>cum</span> <span class='ocrx_word' id='word_1_361' title='bbox 700 3683 829 3745; x_wconf 91' lang='lat' dir='ltr'>omnino</span> <span class='ocrx_word' id='word_1_362' title='bbox 844 3703 918 3745; x_wconf 92' lang='lat' dir='ltr'>raro</span> <span class='ocrx_word' id='word_1_363' title='bbox 940 3690 1010 3745; x_wconf 91' lang='lat' dir='ltr'>tum</span> <span class='ocrx_word' id='word_1_364' title='bbox 1031 3702 1192 3766; x_wconf 91' lang='lat' dir='ltr'>nusquam</span> <span class='ocrx_word' id='word_1_365' title='bbox 1213 3681 1247 3743; x_wconf 90' lang='lat' dir='ltr'>in</span> <span class='ocrx_word' id='word_1_366' title='bbox 1268 3678 1403 3743; x_wconf 86' lang='lat' dir='ltr'>Homeri</span> <span class='ocrx_word' id='word_1_367' title='bbox 1426 3699 1493 3742; x_wconf 88' lang='lat' dir='ltr'>car·</span> 
     </span>
     <span class='ocr_line' id='line_1_34' title="bbox 91 3778 1492 3871; baseline 0.004 -30"><span class='ocrx_word' id='word_1_368' title='bbox 91 3778 232 3843; x_wconf 89' lang='lat' dir='ltr'>minibus</span> <span class='ocrx_word' id='word_1_369' title='bbox 255 3782 427 3847; x_wconf 89' lang='lat' dir='ltr'>invenitur.</span> <span class='ocrx_word' id='word_1_370' title='bbox 474 3793 565 3849; x_wconf 87' lang='lat' dir='ltr'>extat</span> <span class='ocrx_word' id='word_1_371' title='bbox 586 3794 695 3850; x_wconf 86' lang='lat' dir='ltr'>tamen</span> <span class='ocrx_word' id='word_1_372' title='bbox 719 3782 864 3869; x_wconf 81' lang='lat' dir='ltr'>Theogn.</span> <span class='ocrx_word' id='word_1_373' title='bbox 888 3786 950 3850; x_wconf 80' lang='lat'>337</span> <span class='ocrx_word' id='word_1_374' title='bbox 975 3787 1055 3865; x_wconf 84' lang='grc' dir='ltr'><strong><em>Ζεύς</em></strong></span> <span class='ocrx_word' id='word_1_375' title='bbox 1077 3808 1132 3869; x_wconf 90' lang='grc' dir='ltr'>μοι</span> <span class='ocrx_word' id='word_1_376' title='bbox 1154 3794 1218 3850; x_wconf 84' lang='grc' dir='ltr'>τῶν</span> <span class='ocrx_word' id='word_1_377' title='bbox 1239 3807 1274 3848; x_wconf 91' lang='grc' dir='ltr'><strong><em>τε</em></strong></span> <span class='ocrx_word' id='word_1_378' title='bbox 1297 3780 1399 3871; x_wconf 89' lang='grc' dir='ltr'><strong><em>φίλων</em></strong></span> <span class='ocrx_word' id='word_1_379' title='bbox 1421 3781 1492 3867; x_wconf 84' lang='grc' dir='ltr'><strong><em>δοίη</em></strong></span> 
     </span>
     <span class='ocr_line' id='line_1_35' title="bbox 90 3881 1493 3978; baseline 0.003 -31"><span class='ocrx_word' id='word_1_380' title='bbox 90 3881 184 3949; x_wconf 91' lang='grc' dir='ltr'><strong><em>τίσιν.</em></strong></span> <span class='ocrx_word' id='word_1_381' title='bbox 209 3923 251 3932; x_wconf 91' lang='grc'>-</span> <span class='ocrx_word' id='word_1_382' title='bbox 273 3891 420 3974; x_wconf 89' lang='grc' dir='ltr'><strong><em>τρηχύς.</em></strong></span> <span class='ocrx_word' id='word_1_383' title='bbox 444 3888 506 3953; x_wconf 91' lang='lat' dir='ltr'>hoc</span> <span class='ocrx_word' id='word_1_384' title='bbox 529 3888 727 3955; x_wconf 89' lang='lat' dir='ltr'>adiectivum</span> <span class='ocrx_word' id='word_1_385' title='bbox 742 3889 832 3975; x_wconf 83' lang='lat' dir='ltr'>Tyrt.</span> <span class='ocrx_word' id='word_1_386' title='bbox 853 3890 903 3972; x_wconf 94' lang='grc'>12,</span> <span class='ocrx_word' id='word_1_387' title='bbox 920 3890 963 3954; x_wconf 93' lang='grc'>22</span> <span class='ocrx_word' id='word_1_388' title='bbox 987 3890 1179 3978; x_wconf 77' lang='grc' dir='ltr'><strong><em>(φάλαγγας)</em></strong></span> <span class='ocrx_word' id='word_1_389' title='bbox 1200 3890 1205 3973; x_wconf 82' lang='grc' dir='ltr'>Ι</span> <span class='ocrx_word' id='word_1_390' title='bbox 1224 3886 1371 3975; x_wconf 86' lang='grc' dir='ltr'><strong><em>τρηχείας</em></strong></span> <span class='ocrx_word' id='word_1_391' title='bbox 1392 3895 1493 3951; x_wconf 90' lang='lat' dir='ltr'>trans·</span> 
     </span>
     <span class='ocr_line' id='line_1_36' title="bbox 89 3986 1493 4082; baseline 0.004 -32"><span class='ocrx_word' id='word_1_392' title='bbox 89 3986 155 4051; x_wconf 86' lang='lat' dir='ltr'>late</span> <span class='ocrx_word' id='word_1_393' title='bbox 178 3986 302 4054; x_wconf 89' lang='lat' dir='ltr'>dictum</span> <span class='ocrx_word' id='word_1_394' title='bbox 325 4000 386 4072; x_wconf 70' lang='grc' dir='ltr'><strong><em>θεῖ,</em></strong></span> <span class='ocrx_word' id='word_1_395' title='bbox 411 3992 452 4055; x_wconf 86' lang='lat' dir='ltr'>cf.</span> <span class='ocrx_word' id='word_1_396' title='bbox 476 3993 554 4058; x_wconf 92' lang='lat' dir='ltr'>Hes.</span> <span class='ocrx_word' id='word_1_397' title='bbox 580 3993 669 4058; x_wconf 87' lang='lat' dir='ltr'>Scut.</span> <span class='ocrx_word' id='word_1_398' title='bbox 694 3996 794 4058; x_wconf 86' lang='lat' dir='ltr'>Hero.</span> <span class='ocrx_word' id='word_1_399' title='bbox 822 3994 884 4057; x_wconf 80' lang='lat'>119</span> <span class='ocrx_word' id='word_1_400' title='bbox 906 3992 1020 4082; x_wconf 81' lang='grc' dir='ltr'><strong><em>ὑσμίνη</em></strong></span> <span class='ocrx_word' id='word_1_401' title='bbox 1043 3998 1181 4081; x_wconf 88' lang='grc' dir='ltr'><strong><em>τρηχεῖα.</em></strong></span> <span class='ocrx_word' id='word_1_402' title='bbox 1204 4030 1247 4039; x_wconf 97' lang='grc'><strong>-</strong></span> <span class='ocrx_word' id='word_1_403' title='bbox 1268 3996 1426 4078; x_wconf 88' lang='grc' dir='ltr'><strong><em>τρύχειν.</em></strong></span> <span class='ocrx_word' id='word_1_404' title='bbox 1451 4013 1493 4055; x_wconf 85' lang='lat' dir='ltr'>ex</span> 
     </span>
     <span class='ocr_line' id='line_1_37' title="bbox 90 4094 1494 4185; baseline 0.005 -32"><span class='ocrx_word' id='word_1_405' title='bbox 90 4094 323 4159; x_wconf 87' lang='lat' dir='ltr'>sententiarum</span> <span class='ocrx_word' id='word_1_406' title='bbox 341 4116 469 4160; x_wconf 85' lang='lat' dir='ltr'>conexu</span> <span class='ocrx_word' id='word_1_407' title='bbox 492 4096 628 4183; x_wconf 78' lang='lat' dir='ltr'>adparet</span> <span class='ocrx_word' id='word_1_408' title='bbox 650 4098 797 4182; x_wconf 82' lang='lat' dir='ltr'>Theogn.</span> <span class='ocrx_word' id='word_1_409' title='bbox 814 4098 879 4162; x_wconf 84' lang='grc'>913</span> <span class='ocrx_word' id='word_1_410' title='bbox 901 4099 921 4185; x_wconf 79' lang='grc' dir='ltr'>ἢ</span> <span class='ocrx_word' id='word_1_411' title='bbox 943 4099 1041 4183; x_wconf 81' lang='grc' dir='ltr'><strong><em>μηδὲν</em></strong></span> <span class='ocrx_word' id='word_1_412' title='bbox 1065 4098 1218 4163; x_wconf 80' lang='grc' dir='ltr'><strong><em>δαπανῶν</em></strong></span> <span class='ocrx_word' id='word_1_413' title='bbox 1238 4097 1341 4182; x_wconf 82' lang='grc' dir='ltr'><strong><em>τρέχω</em></strong></span> <span class='ocrx_word' id='word_1_414' title='bbox 1363 4094 1438 4179; x_wconf 80' lang='grc' dir='ltr'><strong><em>βίον</em></strong></span> <span class='ocrx_word' id='word_1_415' title='bbox 1459 4097 1494 4160; x_wconf 84' lang='grc' dir='ltr'>έν</span> 
     </span>
     <span class='ocr_line' id='line_1_38' title="bbox 90 4193 1493 4287; baseline 0.002 -28"><span class='ocrx_word' id='word_1_416' title='bbox 90 4198 242 4285; x_wconf 81' lang='grc' dir='ltr'><strong><em>κακότητι</em></strong></span> <span class='ocrx_word' id='word_1_417' title='bbox 258 4198 367 4263; x_wconf 86' lang='lat' dir='ltr'>verbis</span> <span class='ocrx_word' id='word_1_418' title='bbox 382 4198 455 4283; x_wconf 79' lang='grc' dir='ltr'><strong><em>βίον</em></strong></span> <span class='ocrx_word' id='word_1_419' title='bbox 470 4202 594 4287; x_wconf 84' lang='grc' dir='ltr'><strong><em>τρύχειν</em></strong></span> <span class='ocrx_word' id='word_1_420' title='bbox 616 4224 680 4267; x_wconf 90' lang='lat' dir='ltr'>non</span> <span class='ocrx_word' id='word_1_421' title='bbox 702 4201 790 4266; x_wconf 91' lang='lat' dir='ltr'>idem</span> <span class='ocrx_word' id='word_1_422' title='bbox 807 4203 983 4287; x_wconf 84' lang='lat' dir='ltr'>significari</span> <span class='ocrx_word' id='word_1_423' title='bbox 1004 4211 1101 4287; x_wconf 91' lang='lat' dir='ltr'>atque</span> <span class='ocrx_word' id='word_1_424' title='bbox 1117 4201 1228 4266; x_wconf 87' lang='lat' dir='ltr'>verbis</span> <span class='ocrx_word' id='word_1_425' title='bbox 1251 4193 1339 4266; x_wconf 86' lang='grc' dir='ltr'><strong><em>οίκον</em></strong></span> <span class='ocrx_word' id='word_1_426' title='bbox 1360 4204 1493 4285; x_wconf 87' lang='grc' dir='ltr'><strong><em>τρύχειν,</em></strong></span> 
     </span>
     <span class='ocr_line' id='line_1_39' title="bbox 91 4298 1494 4390; baseline 0.002 -27"><span class='ocrx_word' id='word_1_427' title='bbox 91 4298 150 4364; x_wconf 85' lang='lat' dir='ltr'>sed</span> <span class='ocrx_word' id='word_1_428' title='bbox 181 4300 269 4367; x_wconf 92' lang='lat' dir='ltr'>idem</span> <span class='ocrx_word' id='word_1_429' title='bbox 301 4303 388 4387; x_wconf 90' lang='lat' dir='ltr'>quod</span> <span class='ocrx_word' id='word_1_430' title='bbox 418 4303 518 4369; x_wconf 89' lang='lat' dir='ltr'>latine</span> <span class='ocrx_word' id='word_1_431' title='bbox 549 4305 669 4371; x_wconf 91' lang='lat' dir='ltr'>dicitur</span> <span class='ocrx_word' id='word_1_432' title='bbox 699 4308 830 4371; x_wconf 86' lang='lat' dir='ltr'>‘misere</span> <span class='ocrx_word' id='word_1_433' title='bbox 861 4308 963 4370; x_wconf 87' lang='lat' dir='ltr'>vitam</span> <span class='ocrx_word' id='word_1_434' title='bbox 993 4306 1112 4390; x_wconf 85' lang='lat' dir='ltr'>agere’.</span> <span class='ocrx_word' id='word_1_435' title='bbox 1158 4344 1200 4355; x_wconf 91' lang='lat'>—</span> <span class='ocrx_word' id='word_1_436' title='bbox 1243 4303 1494 4390; x_wconf 74' lang='grc' dir='ltr'><strong><em>ὑπερβάλλειν</em></strong></span> 
     </span>
     <span class='ocr_line' id='line_1_40' title="bbox 92 4402 1494 4501; baseline 0.004 -35"><span class='ocrx_word' id='word_1_437' title='bbox 92 4402 319 4489; x_wconf 68' lang='lat' dir='ltr'>Thagaste</span> <span class='ocrx_word' id='word_1_438' title='bbox 342 4404 377 4486; x_wconf 85' lang='grc' dir='ltr'>ὃς</span> <span class='ocrx_word' id='word_1_439' title='bbox 400 4402 431 4474; x_wconf 81' lang='grc' dir='ltr'>δ’</span> <span class='ocrx_word' id='word_1_440' title='bbox 445 4409 485 4475; x_wconf 81' lang='grc' dir='ltr'>δν</span> <span class='ocrx_word' id='word_1_441' title='bbox 506 4410 690 4501; x_wconf 76' lang='grc' dir='ltr'><strong><em>ὑπερβάλλῃ</em></strong></span> <span class='ocrx_word' id='word_1_442' title='bbox 713 4412 830 4490; x_wconf 92' lang='grc' dir='ltr'><strong><em>πόσιος</em></strong></span> <span class='ocrx_word' id='word_1_443' title='bbox 852 4408 968 4496; x_wconf 87' lang='grc' dir='ltr'><strong><em>μέτρον</em></strong></span> <span class='ocrx_word' id='word_1_444' title='bbox 997 4432 1063 4475; x_wconf 90' lang='lat' dir='ltr'>non</span> <span class='ocrx_word' id='word_1_445' title='bbox 1085 4413 1217 4497; x_wconf 85' lang='lat' dir='ltr'>proprie</span> <span class='ocrx_word' id='word_1_446' title='bbox 1239 4407 1494 4493; x_wconf 84' lang='lat' dir='ltr'>intellegendum</span> 
     </span>
    </p>
   </div>
   <div class='ocr_carea' id='block_1_3' title="bbox 90 4547 297 4558">
    <p class='ocr_par' dir='ltr' id='par_1_3' title="bbox 90 4547 297 4558">
     <span class='ocr_line' id='line_1_41' title="bbox 90 4547 297 4558; baseline 0.014 -3"><span class='ocrx_word' id='word_1_447' title='bbox 90 4547 297 4558; x_wconf 72' lang='lat'><em>———-—.</em></span> 
     </span>
    </p>
   </div>
   <div class='ocr_carea' id='block_1_4' title="bbox 195 4634 1491 4707">
    <p class='ocr_par' dir='ltr' id='par_1_4' title="bbox 195 4634 1491 4707">
     <span class='ocr_line' id='line_1_42' title="bbox 195 4634 1491 4707; baseline 0.001 -22"><span class='ocrx_word' id='word_1_448' title='bbox 195 4634 215 4699; x_wconf 82' lang='lat'>¹)</span> <span class='ocrx_word' id='word_1_449' title='bbox 234 4635 299 4688; x_wconf 86' lang='lat' dir='ltr'>Tres</span> <span class='ocrx_word' id='word_1_450' title='bbox 318 4636 549 4688; x_wconf 85' lang='lat' dir='ltr'>codieesParisini</span> <span class='ocrx_word' id='word_1_451' title='bbox 568 4636 740 4707; x_wconf 79' lang='grc' dir='ltr'><strong><em>ἐυστεφάνου</em></strong></span> <span class='ocrx_word' id='word_1_452' title='bbox 758 4639 897 4705; x_wconf 87' lang='lat' dir='ltr'>praebent,</span> <span class='ocrx_word' id='word_1_453' title='bbox 917 4655 997 4706; x_wconf 88' lang='lat' dir='ltr'>quam</span> <span class='ocrx_word' id='word_1_454' title='bbox 1018 4640 1178 4705; x_wconf 85' lang='lat' dir='ltr'>scripturam</span> <span class='ocrx_word' id='word_1_455' title='bbox 1197 4638 1306 4705; x_wconf 82' lang='lat' dir='ltr'>quidam</span> <span class='ocrx_word' id='word_1_456' title='bbox 1323 4641 1491 4703; x_wconf 86' lang='lat' dir='ltr'>receperunt.</span> 
     </span>
    </p>
   </div>
   <div class='ocr_carea' id='block_1_5' title="bbox 0 0 1700 5067">
    <p class='ocr_par' dir='ltr' id='par_1_5' title="bbox 0 0 1700 5067">
     <span class='ocr_line' id='line_1_43' title="bbox 0 0 1700 5067; baseline 0 0"><span class='ocrx_word' id='word_1_457' title='bbox 0 0 1700 5067; x_wconf 95' lang='lat' dir='ltr'> </span> 
     </span>
    </p>
   </div>
  </div>
 </body>
</html>
