3392 5067
1467 224 1527 287 187

238 418 323 483 Usus
361 420 600 484 enuntiatorum
644 420 913 504 temporalium
962 419 1004 483 ab
1044 441 1104 481 usu
1148 420 1387 482 enuntiatorum
1425 416 1530 481 relati·

136 545 250 587 vorum
277 526 334 586 vix
367 523 483 587 differt.
533 524 673 588 omnium
705 533 816 587 autem
849 523 1092 609 particularum,
1129 544 1211 607 quae
1245 522 1309 586 huo
1340 520 1531 585 referendae

136 636 218 704 sunt,
249 627 444 691 creberrima
473 638 521 691 est
551 629 612 693 ὅτε.
658 610 709 692 ter
734 628 789 692 illa
821 650 895 693 cum
921 628 1095 693 indicativo
1124 649 1225 712 eoque
1255 627 1409 711 temporis
1439 648 1530 711 prac-

135 733 221 795 teriti
249 733 466 816 coniungitur,
495 733 639 817 Theogu.
664 732 684 796 5
715 742 747 797 et
778 732 828 810 12,
858 731 975 816 quibus
1003 732 1082 796 locis
1110 733 1150 796 de
1178 732 1276 795 rebus
1304 730 1404 793 semel
1434 730 1529 793 factis

137 837 244 920 agitur
268 836 302 921 (5
325 838 378 901 ὁτε
402 835 459 921 μέν
481 859 517 901 σε
541 842 604 903 θεὰ
627 835 697 901 τέκε
720 848 752 901 et
777 837 817 900 12
836 834 884 903 ὅτ’
899 838 932 916 ἐς
956 834 1074 925 Τροίῃν
1102 832 1196 902 ἔπλεε
1226 834 1316 923 νηυσὶ
1345 834 1469 921 θοαῖς),
1500 842 1531 897 et

136 940 247 1005 Mimu.
280 940 329 1025 14,
359 941 397 1004 11
427 938 474 1007 b'r'
497 933 628 1031 αὐγῇσιν
654 938 760 1029 φέρετ’
783 941 903 1020 εἴκελος
928 940 1062 1029 ἠελίοιο,
1093 942 1150 1005 ubi
1178 941 1369 1026 imperfecto
1395 962 1448 1003 res
1475 942 1531 1001 itc-

137 1053 206 1107 rata
238 1044 452 1129 significatur,
485 1046 526 1110 ad
559 1068 656 1131 quam
689 1046 936 1131 significandam
967 1048 1129 1131 optativus
1159 1047 1308 1130 usurpari
1338 1045 1426 1108 solet.
1473 1044 1531 1107 sed

136 1148 223 1234 apud
247 1158 358 1233 poetas
382 1148 542 1234 elegiacos
566 1152 727 1236 optativus
751 1172 857 1235 neque
887 1190 930 1197 —
960 1150 993 1214 id
1021 1151 1106 1235 quod
1134 1172 1232 1235 supra
1255 1149 1395 1212 vidimus
1425 1187 1467 1195 —
1497 1149 1531 1212 in

137 1254 309 1317 enuntiatis
340 1254 613 1319 condicionalibus
649 1266 681 1317 et
711 1255 854 1319 relativis
883 1276 990 1340 neque
1020 1256 1054 1319 in
1086 1256 1258 1318 enuntiatis
1288 1251 1530 1340 temporalibus,

136 1360 162 1422 si
184 1354 254 1424 εὖτε
277 1360 456 1444 exceperis,
480 1380 633 1443 umquam
656 1362 702 1425 ita
724 1360 905 1425 adhibetur.
951 1363 1070 1445 itaque,
1095 1362 1122 1424 si
1144 1359 1221 1423 alibi
1245 1360 1407 1445 optativus
1430 1365 1530 1439 extat,

135 1464 190 1546 qui
219 1472 292 1548 post
321 1460 375 1530 ὅτε
405 1465 517 1528 Mimn.¹
547 1464 620 1547 1‚2
649 1466 820 1545 invenitur,
851 1464 933 1529 haec
965 1487 1063 1529 eausa
1092 1473 1154 1545 est,
1191 1463 1277 1548 quod
1312 1461 1353 1525 ab
1388 1463 1530 1545 optativo

135 1568 264 1652 pendet.
310 1567 405 1652 longe
439 1569 585 1654 plurimis
619 1579 727 1633 autem
761 1569 839 1634 locis
875 1571 1098 1633 coniunctivus
1132 1569 1259 1660 legitur,
1294 1566 1335 1630 ad
1359 1588 1456 1651 quem
1478 1587 1531 1628 ex-

135 1677 236 1756 ceptis
259 1672 408 1741 versibus
432 1673 494 1738 Sol.
511 1673 563 1755 27,
581 1674 600 1737 3
624 1675 677 1739 ὁτε
694 1674 732 1759 δὴ
754 1671 866 1761 τελέσῃ
890 1673 945 1759 (=
958 1673 1009 1753 27,
1025 1672 1089 1759 17),
1114 1672 1259 1756 Theogn.
1277 1671 1341 1735 694
1362 1667 1410 1737 ὅτ’
1426 1670 1532 1735 ἐσθλὰ

134 1784 228 1866 παρῇ,
252 1776 330 1840 ibid.
357 1776 439 1839 1189
467 1777 519 1841 ὁτε
542 1780 581 1865 dr>
604 1781 682 1857 θεὸς
704 1778 800 1860 όλγεα
823 1775 936 1867 πέμπῃ
946 1778 971 1862 1)
997 1779 1043 1841 ita
1064 1778 1103 1842 όν
1130 1776 1196 1861 (κέν
1217 1797 1377 1861 nusquam
1398 1772 1531 1858 legitur)

134 1882 276 1962 accedit,
308 1891 344 1945 ut
372 1904 445 1945 cum
474 1904 554 1946 voce
586 1884 638 1948 ότε
667 1884 701 1946 in
728 1904 829 1946 unum
854 1883 991 1946 verbum
1019 1882 1188 1945 coalescat.
1243 1878 1425 1965 dequibus
1452 1878 1532 1942 locis

134 2009 196 2050 nou
229 1996 278 2050 est
308 2010 366 2050 cur
396 1988 498 2051 fusius
523 1996 653 2072 agatur5
683 1987 745 2051 hoo
768 1996 894 2051 tantum
926 1995 1211 2052 commemoratum
1234 1984 1307 2048 volo
1339 1984 1531 2048 coniunctio·

133 2113 208 2155 nem
231 2090 308 2157 όταν
330 2093 429 2156 semel
452 2101 578 2157 tantum
601 2095 632 2156 in
657 2094 823 2157 enuntiato
845 2092 919 2176 legi,
952 2092 1036 2177 quod
1061 2090 1102 2154 ab
1126 2091 1301 2155 indicativo
1333 2089 1432 2152 futuri
1454 2109 1531 2173 pen-

137 2196 222 2281 deat,
245 2196 390 2280 Theogn.
415 2195 488 2261 243.

238 2300 373 2364 Praeter
388 2301 440 2367 ὁτε
457 2300 561 2387 (ὁταν)
578 2304 675 2366 etiam
690 2300 790 2367 ὁπότε
806 2300 959 2388 (ὁπόταν)
975 2304 1007 2365 in
1020 2325 1081 2366 usu
1093 2311 1150 2371 est.
1186 2322 1269 2387 quae
1285 2298 1444 2384 particula
1456 2298 1532 2361 satis

138 2427 234 2490 saepe
261 2414 417 2491 usurpata
441 2427 567 2491 semper
591 2428 664 2469 oum
688 2409 892 2470 coniunctivo
920 2408 1133 2491 coniungitur,
1162 2408 1231 2468 sive
1253 2404 1292 2469 όν
1314 2403 1441 2467 accedit
1463 2402 1533 2465 sive

136 2531 201 2573 non
224 2509 360 2573 accedit.
385 2510 433 2574 his
453 2519 561 2574 autem
581 2510 658 2574 locis
683 2512 907 2574 coniunctivus
930 2510 1046 2573 vocula
1068 2532 1107 2573 ea
1124 2517 1226 2573 caret:
1250 2509 1396 2592 Theogn.
1413 2506 1474 2569 231
1485 2528 1531 2591 sq.

137 2664 206 2695 ...,
231 2612 269 2701 ἢν
291 2612 391 2679 ὁπότε
413 2620 493 2692 Ζεὺς
513 2614 516 2699 l
536 2611 651 2703 πέμψῃ
673 2613 876 2700 τειρομένοις,
904 2614 1016 2679 όλλοτε
1039 2614 1136 2692 ἄλλος
1157 2609 1262 2697 ἔχειβ)
1285 2612 1359 2692 531,
1384 2610 1447 2674 749
1463 2632 1531 2695 sqq.

139 2727 251 2781 contra
273 2717 397 2783 ὁπόταν
420 2718 564 2801 Theogn.
589 2717 663 2798 565,
688 2718 760 2803 843,
785 2718 847 2781 989
877 2727 976 2783 extat.
1023 2719 1064 2782 ad
1088 2740 1167 2802 quos
1190 2717 1276 2782 locos
1299 2715 1428 2779 accedit
1452 2712 1531 2781 Call.

139 2823 166 2902 1,
190 2820 209 2883 8
231 2843 277 2906 sq.
302 2826 446 2901 θάνατος
468 2823 503 2888 ὁὸ
524 2816 593 2888 τότ’
609 2818 746 2905 ἔσσεται,
777 2822 904 2889 ὁππότε
926 2848 979 2888 κεν
1002 2824 1041 2909 <iq
1066 2823 1070 2908 Ι
1089 2827 1216 2908 Μοῖραι
1237 2816 1449 2904 ἐπικλώσωό,
1476 2819 1533 2883 ubi

135 2926 188 2991 κέν
215 2927 377 2990 adiectum
406 2935 464 3009 est,
488 2948 571 3011 quae
599 2927 757 3011 particula
784 2950 942 3014 nusquam
970 2928 1049 2992 alibi
1074 2950 1180 3013 neque
1208 2929 1241 2990 in
1264 2927 1437 2990 enuntiatis
1460 2947 1532 2989 con-

136 3029 359 3115 dicionalibuS,
383 3032 441 3094 uisi
467 3031 553 3115 quod
576 3031 720 3115 Theogu.
740 3031 821 3094 1177
846 3032 880 3096 εἴ
897 3027 1004 3118 κἐἴῃς
1025 3032 1152 3115 legitur,
1176 3053 1281 3116 neque
1303 3033 1336 3094 in
1359 3031 1533 3094 enuntiatis

134 3134 364 3220 temporalibus
387 3134 569 3199 adhibetur.
617 3158 715 3199 causa
749 3144 868 3217 autem,
904 3157 1003 3221 quare
1037 3147 1133 3222 poeta
1166 3135 1219 3199 hic
1252 3134 1306 3202 κέν
1338 3133 1532 3216 adhibuerit,

135 3240 306 3303 manifesta
334 3249 390 3301 est.
422 3262 498 3303 nam
517 3261 582 3303 non
601 3238 704 3303 solum
720 3238 858 3303 formula
877 3240 1003 3306 ὁππότε
1023 3265 1076 3306 κεν
1097 3241 1144 3327 δή,
1166 3262 1263 3325 quam
1278 3240 1440 3303 Homerus
1456 3240 1533 3303 item

136 3346 168 3406 in
192 3343 257 3406 fine
279 3364 392 3406 versus
415 3366 535 3428 ponere
559 3343 647 3428 solet,
671 3344 730 3407 sed
754 3353 820 3408 tota
843 3347 1002 3408 sententia
1025 3355 1074 3408 est
1097 3344 1301 3430 homerica,³)
1326 3344 1412 3429 quod
1435 3366 1477 3407 ex
1499 3347 1536 3408 X

137 3446 200 3511 365
217 3469 263 3532 sq.
294 3445 453 3512 τέθναθι’
484 3456 562 3533 κῆρα
586 3444 615 3514 δ’
630 3448 692 3532 ἐγὼ
722 3452 796 3515 τότε
827 3446 974 3532 δέξομαι,
1005 3450 1132 3516 ὁππότε
1158 3474 1212 3514 κεν
1238 3450 1277 3535 dr)
1304 3450 1308 3532 l
1335 3453 1415 3526 Ζεὺς
1436 3443 1533 3535 ἐθέλῃ

136 3550 262 3617 τελέσαι
284 3548 337 3640 ἠδ’
356 3554 519 3617 ἀθάνατοι
543 3551 618 3618 θεοὶ
640 3552 731 3618 όλλοι
754 3553 905 3637 adparet;
942 3554 982 3619 cf.
1006 3576 1025 3637 μ
1047 3553 1110 3617 236
1124 3576 1192 3639 sqq.
1217 3556 1362 3619 θάνατον
1378 3603 1385 3616 .
1403 3603 1435 3616 ..
1460 3551 1534 3618 οὐδὲ

241 3832 261 3897 1)
281 3832 371 3897 Bergk
397 3832 441 3881 hio
468 3833 585 3897 scripsit:
614 3828 673 3881 οὐδ’
687 3833 722 3883 dv
745 3831 948 3901 όνσφροσύνας,
973 3835 1017 3885 ὅτε
1041 3833 1074 3898 di]
1092 3836 1158 3890 θεὸς
1181 3835 1265 3901 ἄλγεα
1284 3834 1534 3899 πέμποι,1θιῃτὸς

137 3920 206 3987 ἀνὴρ
225 3918 324 3986 ὁώροις
341 3918 509 3983 βουλόμενος
526 3916 676 3985 προφύγοι.
714 3926 741 3969 at
759 3920 864 3985 πέμποι
884 3937 937 3969 non
961 3927 1034 3971 extat
1056 3923 1084 3970 in
1102 3922 1185 3983 libris,
1203 3922 1250 3970 sed
1268 3923 1398 3986 scriptura
1415 3920 1534 3985 vulgaris

136 4008 240 4073 πέμπει
259 4012 307 4069 est,
326 4010 353 4056 A
373 4007 467 4073 πέμπῃ
486 4006 604 4071 praebet,
623 4021 702 4071 quam
721 4007 865 4056 lectionem
885 4010 1029 4073 genuinam
1049 4024 1106 4057 esse
1124 4015 1198 4075 puto.
1217 4024 1279 4058 nam
1298 4024 1387 4074 neque
1406 4009 1455 4057 illa
1473 4024 1533 4057 con-

139 4096 257 4143 iecturae
281 4096 396 4159 speciem
420 4108 483 4159 prae
505 4109 534 4143 se
556 4094 616 4156 fert,
641 4098 669 4142 et
691 4094 758 4142 alibi
777 4108 893 4160 quoque,
917 4098 939 4143 si
960 4097 989 4144 in
1008 4098 1147 4145 enuntiato
1169 4097 1295 4161 primario
1314 4098 1450 4160 optativus
1472 4112 1533 4145 cum

136 4180 232 4229 vocula
257 4180 291 4230 όν
315 4182 473 4229 coniunctus
496 4180 615 4243 traditur,
643 4182 832 4230 coniunctivus
854 4184 1000 4243 invenitur,
1018 4182 1094 4230 velut
1117 4182 1238 4246 Theogn.
1260 4184 1389 4248 1033sqq.
1414 4186 1489 4233 θεῶν
1508 4178 1534 4232 ‹i’

136 4266 292 4335 εἱμαρμένα
311 4265 385 4335 ὁῶρα
406 4267 411 4330 Ι
431 4266 479 4315 οὐκ
498 4267 532 4316 dlv
551 4265 661 4334 ῥηιδίως
678 4269 780 4332 θνητὸς
798 4269 867 4335 ἀνὴρ
885 4266 1034 4336 προφύγοι,
1051 4270 1055 4333 Ι
1071 4265 1127 4319 οὔτ’
1145 4269 1179 4318 όν
1197 4271 1355 4337 πορφνρέης
1372 4268 1490 4327 καταδὺς
1508 4270 1534 4327 ἒς

132 4346 268 4420 ιπυθμένα
287 4353 385 4420 λίμνης
401 4354 404 4417 l
420 4350 482 4402 οὔθ’
495 4355 563 4404 όταν
582 4354 666 4404 αὐτὸν
685 4352 732 4425 ’ἔχῃ
754 4358 894 4423 Τάρταρος
912 4355 1015 4420 ἡερόεις
1034 4362 1060 4405 et
1079 4358 1137 4405 751.

241 4440 262 4506 ²)
281 4441 381 4489 Versus
399 4446 462 4489 sunt
479 4442 600 4505 integrae
619 4441 692 4490 illius
711 4442 822 4508 elegeae
841 4442 955 4504 Solonis,
970 4458 1051 4507 quarn
1070 4443 1200 4493 Stobaeus
1217 4443 1289 4493 Flor.
1302 4444 1389 4508 VIIII,
1401 4448 1432 4493 25
1453 4444 1535 4509 (apud

136 4528 233 4593 Bergk.
255 4528 296 4593 13)
316 4529 441 4577 servavit.
472 4528 543 4594 apud
561 4528 633 4579 hunc
654 4530 688 4594 (v.
704 4530 748 4594 76)
768 4530 874 4581 ὁπόταν
893 4530 999 4595 legitur.
1030 4537 1058 4579 at
1075 4531 1162 4581 altera
1179 4531 1260 4581 lectio
1279 4534 1399 4598 genuina
1417 4533 1533 4583 videtur.

242 4616 261 4679 3)
281 4615 360 4665 Unde
379 4614 488 4680 adparet
504 4616 637 4667 Baohium
656 4616 723 4666 Call.
743 4616 760 4666 1.
781 4633 803 4667 o.
822 4617 890 4667 falso
910 4617 1003 4668 ὁκκότε
1022 4618 1230 4667 commendasse.
