3392 5067
186 217 249 281 210

185 407 392 492 respondere,
416 408 497 474 ἄλλοί
519 408 663 493 Theogn.
683 408 776 492 1259,
800 413 899 494 αὐτάρ
922 407 986 474 Sol.
1010 407 1060 494 19,
1076 409 1106 492 3,
1130 408 1275 494 Theogn.
1292 409 1366 492 647,
1390 409 1463 492 759,
1490 410 1581 492 1055,

184 515 266 598 ἀτάρ
289 510 362 577 853.

291 617 542 684 Coniunctiones
565 618 843 704 disiunctivae,
872 641 956 705 quae
979 620 1152 705 perpaucis
1175 619 1255 682 locis
1276 619 1438 703 leguntur,
1461 619 1581 683 nullam

184 724 252 789 fere
276 722 462 809 disputandi
485 725 654 788 materiam
676 724 844 809 praebent,
869 726 1059 809 praesertim
1075 744 1150 787 cum
1173 722 1213 787 de
1235 725 1274 788 iis
1296 724 1385 805 locis,
1410 724 1527 811 quibus
1549 728 1582 790 in

185 828 358 892 enuntiatis
386 829 627 913 interrogativis
654 829 878 909 inveniuntur,
910 830 976 892 iam
1004 849 1103 913 supra
1129 837 1238 893 actum
1265 830 1314 892 sit.
1359 830 1381 915 ll
1407 828 1491 916 (aut)
1519 853 1582 895 non

184 933 256 1017 plus
280 934 422 1018 quinque
444 932 523 997 locis
545 933 672 1016 legitur,
695 934 787 1021 lq-ll
802 931 995 1019 (aut—aut)
1011 934 1115 997 rarius
1131 934 1229 997 etiam
1244 942 1301 997 est.
1326 955 1420 1018 porro
1436 933 1581 1020 Theogn.

184 1036 248 1101 200
270 1047 343 1123 post
357 1038 388 1103 εί
403 1045 494 1101 extat
515 1035 579 1102 a'r'ra
604 1036 713 1123 (sive),
737 1036 889 1122 Xenoph.
908 1037 938 1123 2,
955 1037 975 1100 2
991 1059 1060 1122 sqq.
1083 1036 1292 1126 ἢ-είτε-ἢ
1305 1036 1477 1104 noi-riba
1498 1041 1582 1103 inter

183 1164 217 1205 se
241 1143 418 1227 excipiunt,
441 1141 585 1226 Theogn.
604 1141 667 1205 379
689 1143 728 1228 ἥν
741 1136 861 1229 σ’-ἤν
879 1166 914 1207 τε
936 1142 1063 1225 legitur.

286 1246 339 1310 Ex
355 1246 635 1311 coniunctionibus
652 1246 886 1312 conclusivis
902 1243 976 1332 οὖν,
997 1269 1072 1311 cum
1087 1245 1296 1329 conclusioni,
1320 1246 1423 1332 qualis
1446 1248 1580 1333 philoso-

182 1351 321 1437 phorum
336 1373 407 1415 esse
423 1350 512 1432 solet,
536 1352 694 1415 inservire
711 1351 820 1432 soleat,
844 1354 876 1416 in
894 1352 1013 1435 elegeis
1028 1373 1092 1415 non
1115 1350 1188 1437 plus
1205 1351 1332 1416 duobus
1354 1351 1433 1416 locis
1456 1354 1579 1417 inveni-

182 1466 248 1520 tur:
272 1456 423 1541 Xenoph.
442 1456 470 1537 1,
491 1455 540 1536 16,
563 1455 620 1519 ubi
639 1455 742 1519 verba
764 1464 865 1521 ταῦτα
887 1461 946 1541 γὰρ
970 1454 1014 1521 ὦν
1029 1506 1038 1520 .
1054 1506 1073 1535 .,
1090 1459 1147 1537 οὐχ
1167 1460 1258 1539 ὕβρις
1279 1477 1339 1541 per
1360 1457 1581 1541 parenthesim

182 1560 376 1642 dictasunt,
405 1570 438 1623 et
458 1559 604 1643 Theogn.
629 1560 694 1624 664
721 1558 873 1647 ἐξαπίνης
898 1556 994 1624 πάντ’
1010 1556 1065 1625 οὖν
1087 1560 1185 1625 ὤλεσε
1212 1558 1299 1625 νυκτί
1321 1568 1387 1648 μιῇ.
1433 1563 1581 1626 usitatius

182 1675 231 1729 est
257 1666 342 1751 ἄρα,
370 1686 429 1750 pro
454 1686 518 1750 qua
541 1664 658 1728 vocula
679 1686 838 1750 nusquam
863 1668 904 1749 ῥά
932 1663 1045 1750 (θείοιο
1068 1666 1108 1749 ἄρ
1130 1664 1224 1728 abest
1252 1664 1294 1728 ab
1326 1664 1459 1750 elegeis)
1491 1687 1581 1730 usur-

181 1777 286 1855 patur.
312 1771 423 1855 quain
446 1790 481 1832 re
505 1779 620 1854 poetae
643 1769 779 1853 elegiaci
802 1769 845 1833 ab
861 1770 996 1833 Homeri
1018 1769 1197 1853 usu‘longe
1220 1770 1391 1851 recedunt3
1414 1770 1467 1833 hic
1483 1772 1580 1852 enim,

182 1895 257 1937 cum
279 1873 313 1937 id
335 1882 419 1957 agat,
451 1884 496 1955 ut,
528 1895 611 1958 quae
633 1876 716 1937 ratio
738 1876 824 1937 inter
847 1873 974 1957 singula
997 1874 1164 1936 enuntiata
1190 1874 1380 1957 intercedat,
1410 1872 1581 1957 diligenter

181 1977 326 2058 edoceat,
358 1986 390 2040 et
411 1978 473 2061 λίρα
496 1985 529 2040 et
550 1981 590 2063 ῥά
613 1977 781 2062 permultis
808 1976 888 2040 locis
911 1976 1060 2059 adhibet3
1091 1977 1133 2041 cf.
1157 1977 1188 2042 J.
1213 1976 1250 2042 O.
1272 1977 1397 2041 Helleri
1420 2000 1579 2043 commen-

180 2082 258 2146 tatio
290 2081 357 2144 ‘De
380 2081 541 2167 particula
570 2081 646 2166 ἄρα’
679 2080 791 2145 Philol.
816 2080 902 2145 XIII
925 2080 966 2144 73
979 2102 1025 2165 sq.
1057 2103 1138 2145 voce
1168 2083 1230 2169 λίρα
1259 2084 1358 2167 igitur
1380 2082 1581 2167 significatur

180 2185 301 2271 aliquid
325 2208 367 2249 ex
383 2208 419 2249 re
442 2186 551 2271 aliqua
574 2187 664 2269 sequi
687 2196 814 2271 patere3
839 2186 880 2249 cf.
897 2184 1043 2269 Theogn.
1060 2184 1123 2249 699
1134 2209 1180 2272 sq.
1203 2187 1327 2273 πλήθει
1351 2182 1380 2253 (λ’
1396 2188 1580 2271 ἀνθρώπων

181 2292 275 2377 ἀρετὴ
298 2287 357 2373 μία
378 2286 499 2373 γίνεται
521 2290 586 2375 ἥδε,
602 2292 606 2374 l
621 2289 771 2355 πλουτεῖν
787 2309 794 2323 ·
810 2297 874 2355 τῶν
897 2285 927 2355 δ’
942 2290 1045 2354 ἄλλων
1067 2291 1158 2356 οὐδὲν
1179 2285 1230 2377 ἄρ’
1244 2288 1282 2379 ἦν
1304 2291 1427 2378 ίίφελος,
1453 2290 1514 2353 787
1532 2312 1579 2375 sq.

181 2388 251 2458 ἀλλ’
266 2395 353 2473 οὔτις
375 2418 431 2479 μοι
450 2392 563 2480 τέρψις
578 2392 635 2458 ἐπί
649 2392 766 2480 φρένας
780 2391 881 2483 ἦλθεν
902 2392 1046 2461 ἐκείνων·
1058 2394 1171 2480 Ῑολίτιος
1193 2395 1284 2461 οὐδὲν
1306 2391 1357 2480 ἄρ’
1372 2393 1410 2485 ἦν
1431 2393 1579 2483 φίλτερον

181 2498 259 2564 ἄλλο
282 2504 414 2587 πάτρης,
439 2498 511 2581 968,
538 2498 631 2581 1066,
655 2498 767 2562 Mimn.
794 2499 843 2581 14,
860 2498 890 2562 5.
926 2499 1053 2563 aceedit
1075 2499 1220 2583 Theogn.
1244 2499 1308 2564 599
1324 2523 1372 2586 sq.
1396 2501 1436 2566 oo
1456 2494 1490 2586 μ’
1505 2496 1578 2566 ἐλο-

181 2607 241 2681 aar
262 2610 385 2690 φοιτῶν
407 2599 477 2668 κατ’
497 2602 659 2686 ἀμαξιτόν,
690 2602 728 2690 ἣν
750 2605 812 2691 λίρα
834 2602 889 2669 καί
911 2602 988 2690 πρὶν
1013 2604 1018 2691 Ι
1044 2606 1220 2693 ἠλάστρεις,
1244 2605 1299 2669 ubi
1323 2608 1384 2690 dioc
1399 2607 1579 2691 pronomini

180 2707 315 2772 relativo
331 2707 479 2787 adicitur,
504 2706 544 2770 de
561 2729 623 2792 quo
638 2731 700 2771 usu
722 2718 944 2794 exposuerunt
958 2709 1186 2791 Naegelsbach
1209 2710 1252 2773 ad
1267 2709 1298 2771 B
1312 2710 1364 2792 21,
1388 2710 1579 2775 Baeumlein

179 2834 211 2897 p.
234 2810 285 2894 29,
310 2810 514 2876 Schoemann
539 2811 612 2875 ‘Die
635 2811 744 2877 Lehre
766 2835 831 2877 von
856 2813 919 2877 den
942 2813 1164 2879 Redetheilen’
1188 2836 1220 2899 p.
1239 2813 1310 2878 193.
1357 2814 1469 2879 contra
1498 2813 1577 2878 ibid.

182 2915 242 2977 711
267 2922 362 3000 poeta
384 2917 560 2980 interiectis
583 2916 654 2980 aliis
678 2918 852 2981 enuntiatis
875 2917 917 2981 ad
939 2918 983 2999 id,
1008 2917 1049 2982 de
1065 2940 1128 3004 quo
1151 2940 1250 3002 supra
1272 2918 1375 2983 verba
1397 2918 1484 3003 fecit,
1507 2942 1577 3004 par-

179 3020 278 3085 ticula
301 3022 363 3106 ὀίρα
389 3042 466 3083 usus
489 3022 672 3085 revertitur.
718 3044 794 3085 nam
823 3045 854 3084 v.
872 3020 933 3084 711
962 3016 1032 3088 ἀλλ’
1047 3023 1108 3107 λίρα
1135 3020 1190 3087 καὶ
1215 3026 1326 3087 κεῖθεν
1351 3024 1450 3087 πάλιν
1477 3024 1578 3110 ἤλυθε

179 3123 321 3213 Σίσυφος
345 3128 428 3212 ἥρως
450 3125 493 3188 ad
521 3147 551 3188 υ.
569 3124 631 3188 703
654 3126 728 3190 ὅστε
751 3124 805 3191 καί
820 3124 856 3202 ἐξ
877 3122 994 3192 Ἀίδεω
1015 3123 1253 3216 πολυϊδρείῃσιν
1275 3127 1414 3213 ἀνῆλθεν
1436 3127 1578 3192 referen-

180 3229 241 3293 dus
265 3239 322 3293 est.
368 3229 409 3292 de
432 3252 494 3315 quo
518 3252 580 3293 usu
606 3231 688 3302 inter
715 3229 793 3294 alios
817 3230 929 3293 Heller
955 3230 975 3294 l.
994 3253 1020 3294 c.
1037 3253 1092 3316 pp.
1107 3229 1149 3294 93
1165 3251 1233 3315 sqq.
1258 3230 1444 3315 disputavit.
1490 3232 1579 3295 idem

178 3356 210 3419 p.
229 3331 270 3395 82
293 3332 391 3398 Phoc.
416 3355 530 3396 versus
556 3333 639 3414 15,1
665 3329 733 3397 ἀλλ)
749 3335 810 3420 ἄρα
834 3331 982 3417 δαίμονές
1003 3335 1086 3400 εἰσιν
1107 3328 1161 3399 ἐπ’
1176 3335 1328 3421 ἀνδράσιν
1350 3336 1463 3401 ἄλλοτε
1486 3335 1579 3401 ἄλλοι

178 3438 374 3501 mentionem
397 3437 475 3501 fecit
494 3437 544 3501 his
560 3436 670 3501 verbis
694 3439 892 3522 praemissis:
918 3438 1094 3502 ‘interdum
1119 3440 1217 3502 etiam
1240 3439 1335 3523 facta,
1360 3439 1480 3524 quibus
1504 3440 1578 3526 quis

180 3563 249 3605 rem
265 3540 407 3627 aliquam
423 3542 557 3605 edoctus
574 3551 632 3621 est,
657 3564 788 3626 prorsus
803 3544 1007 3606 omittuntur:
1031 3543 1117 3627 quod
1133 3543 1190 3607 ubi
1206 3543 1253 3627 fit,
1276 3545 1382 3627 ipsum
1404 3544 1465 3630 ἄρα
1486 3545 1578 3608 initio

178 3649 334 3711 sermonis
361 3648 473 3731 primis
496 3646 605 3710 verbis
633 3647 790 3711 insertum
817 3655 918 3711 totam
948 3647 1036 3712 illam
1066 3647 1186 3711 nubem
1217 3650 1286 3711 sive
1310 3658 1485 3712 eventuum
1508 3648 1578 3713 sive

179 3751 441 3816 observationum
457 3760 688 3835 repraesentat,
711 3771 774 3834 qua
794 3751 956 3815 adductus
976 3753 1003 3815 is
1023 3752 1077 3836 qui
1099 3750 1241 3836 loquitur
1255 3750 1298 3815 ad
1321 3774 1394 3817 eam
1414 3754 1579 3836 cogitatio-

177 3878 262 3937 nem,
287 3855 346 3920 abs
370 3878 434 3942 qua
458 3856 582 3919 orditur
603 3876 792 3941 sermonem,
816 3856 1023 3940 pervenerit'.
1073 3856 1132 3920 sed
1155 3856 1291 3920 dubium
1314 3878 1392 3920 sane
1416 3867 1475 3942 est,
1498 3880 1579 3922 num

179 3960 220 4024 ab
244 3959 294 4024 his
317 3960 427 4024 verbis
451 3981 582 4023 carmen
605 3960 731 4023 initium
755 3961 938 4045 sumpserit.

281 4064 376 4128 Aliae
406 4062 584 4148 particulae
616 4064 822 4129 conclusivae
852 4087 917 4129 non
947 4074 1070 4129 extant.
1123 4074 1253 4149 praeter
1286 4069 1326 4151 ῥά
1352 4066 1451 4149 igitur
1478 4068 1578 4130 etiam
1695 4062 1696 4067 ’

177 4168 280 4233 altera
297 4167 411 4232 vocula
431 4167 591 4252 enclitica,
615 4177 763 4252 quaeest
784 4170 848 4233 νύν
866 4168 948 4254 (νύ),
972 4169 1013 4233 ab
1038 4169 1169 4253 elegeae
1191 4168 1335 4254 reliquiis
1358 4169 1461 4253 abest,
1484 4172 1577 4233 item-

177 4294 239 4358 que
272 4270 389 4355 τοίνυν,
425 4272 511 4359 quod
544 4271 740 4338 vocabulum
774 4274 871 4337 etiam
905 4272 947 4337 ab
979 4273 1115 4337 Homeri
1148 4284 1180 4338 et
1207 4274 1340 4338 Pindari
1375 4275 1576 4339 carminibus

177 4377 318 4441 alienum
341 4386 399 4441 est.

280 4479 470 4546 Coniunctio
494 4482 662 4547 causalis
684 4486 752 4571 γάρ
776 4493 834 4547 est.
881 4504 945 4568 qua
967 4483 1083 4549 vocula
1105 4482 1201 4548 modo
1226 4506 1323 4548 eausa
1346 4483 1575 4568 praecedentis

176 4587 333 4649 enuntiati
356 4585 503 4650 adfertur
526 4586 620 4652 modo
643 4609 695 4651 res
718 4588 828 4673 aliqua
851 4589 1044 4673 explicatur.
1069 4588 1126 4650 sed
1149 4610 1213 4652 non
1236 4590 1282 4652 ita
1298 4610 1371 4652 raro
1394 4588 1440 4673 fit,
1465 4592 1575 4675 υίγάρ
