<?xml version="1.0" encoding="UTF-8"?>
<!DOCTYPE html PUBLIC "-//W3C//DTD XHTML 1.0 Transitional//EN"
    "http://www.w3.org/TR/xhtml1/DTD/xhtml1-transitional.dtd">
<html xmlns="http://www.w3.org/1999/xhtml" xml:lang="en" lang="en">
 <head>
  <title>
</title>
<meta http-equiv="Content-Type" content="text/html;charset=utf-8" />
  <meta name='ocr-system' content='tesseract 3.04.00' />
  <meta name='ocr-capabilities' content='ocr_page ocr_carea ocr_par ocr_line ocrx_word'/>
</head>
<body>
  <div class='ocr_page' id='page_1' title='image "./dissertationesp04wiengoog_0380.png"; bbox 0 0 3392 5067; ppageno 0'>
   <div class='ocr_carea' id='block_1_1' title="bbox 506 445 1190 540">
    <p class='ocr_par' dir='ltr' id='par_1_1' title="bbox 506 445 1190 540">
     <span class='ocr_line' id='line_1_1' title="bbox 506 445 1190 540; baseline 0.004 -34"><span class='ocrx_word' id='word_1_1' title='bbox 506 445 534 508; x_wconf 84' lang='grc'>6.</span> <span class='ocrx_word' id='word_1_2' title='bbox 579 454 628 508; x_wconf 91' lang='lat' dir='ltr'>De</span> <span class='ocrx_word' id='word_1_3' title='bbox 650 452 818 540; x_wconf 77' lang='lat' dir='ltr'><strong>positione</strong></span> <span class='ocrx_word' id='word_1_4' title='bbox 840 467 990 508; x_wconf 84' lang='lat' dir='ltr'>consona</span> <span class='ocrx_word' id='word_1_5' title='bbox 1013 449 1042 510; x_wconf 93' lang='lat' dir='ltr'><em>P</em></span> <span class='ocrx_word' id='word_1_6' title='bbox 1061 453 1190 510; x_wconf 83' lang='lat' dir='ltr'>effecta.</span> 
     </span>
    </p>
   </div>
   <div class='ocr_carea' id='block_1_2' title="bbox 152 583 1548 1402">
    <p class='ocr_par' dir='ltr' id='par_1_2' title="bbox 152 583 1548 1402">
     <span class='ocr_line' id='line_1_2' title="bbox 254 583 1548 671; baseline 0.002 -22"><span class='ocrx_word' id='word_1_7' title='bbox 254 587 370 650; x_wconf 80' lang='lat' dir='ltr'>Poetae</span> <span class='ocrx_word' id='word_1_8' title='bbox 397 585 511 650; x_wconf 86' lang='lat' dir='ltr'>atticos</span> <span class='ocrx_word' id='word_1_9' title='bbox 538 584 733 669; x_wconf 86' lang='lat' dir='ltr'>produxisse</span> <span class='ocrx_word' id='word_1_10' title='bbox 755 583 903 648; x_wconf 83' lang='lat' dir='ltr'>vocalem</span> <span class='ocrx_word' id='word_1_11' title='bbox 930 584 1066 649; x_wconf 87' lang='lat' dir='ltr'>brevem</span> <span class='ocrx_word' id='word_1_12' title='bbox 1093 593 1168 649; x_wconf 87' lang='lat' dir='ltr'>ante</span> <span class='ocrx_word' id='word_1_13' title='bbox 1191 585 1388 651; x_wconf 87' lang='lat' dir='ltr'>vocabulum</span> <span class='ocrx_word' id='word_1_14' title='bbox 1415 586 1501 671; x_wconf 90' lang='lat' dir='ltr'>quod</span> <span class='ocrx_word' id='word_1_15' title='bbox 1528 610 1548 651; x_wconf 83' lang='lat' dir='ltr'>a</span> 
     </span>
     <span class='ocr_line' id='line_1_3' title="bbox 152 688 1548 776; baseline 0 -22"><span class='ocrx_word' id='word_1_16' title='bbox 152 691 184 754; x_wconf 91' lang='lat' dir='ltr'><em>P</em></span> <span class='ocrx_word' id='word_1_17' title='bbox 206 692 319 776; x_wconf 84' lang='lat' dir='ltr'>incipit</span> <span class='ocrx_word' id='word_1_18' title='bbox 346 699 396 754; x_wconf 84' lang='lat' dir='ltr'>sat</span> <span class='ocrx_word' id='word_1_19' title='bbox 422 699 534 754; x_wconf 90' lang='lat' dir='ltr'>notum</span> <span class='ocrx_word' id='word_1_20' title='bbox 561 698 620 754; x_wconf 87' lang='lat' dir='ltr'>est.</span> <span class='ocrx_word' id='word_1_21' title='bbox 632 688 656 774; x_wconf 90' lang='lat'>¹)</span> <span class='ocrx_word' id='word_1_22' title='bbox 701 711 799 774; x_wconf 87' lang='lat' dir='ltr'>quam</span> <span class='ocrx_word' id='word_1_23' title='bbox 825 691 859 753; x_wconf 91' lang='lat' dir='ltr'>in</span> <span class='ocrx_word' id='word_1_24' title='bbox 881 709 951 752; x_wconf 91' lang='lat' dir='ltr'>rem</span> <span class='ocrx_word' id='word_1_25' title='bbox 979 689 1126 754; x_wconf 84' lang='lat' dir='ltr'>conferas</span> <span class='ocrx_word' id='word_1_26' title='bbox 1149 711 1191 752; x_wconf 88' lang='lat' dir='ltr'>ex</span> <span class='ocrx_word' id='word_1_27' title='bbox 1214 690 1399 755; x_wconf 88' lang='lat' dir='ltr'>comoediae</span> <span class='ocrx_word' id='word_1_28' title='bbox 1422 692 1548 757; x_wconf 85' lang='lat' dir='ltr'>mediae</span> 
     </span>
     <span class='ocr_line' id='line_1_4' title="bbox 152 792 1548 882; baseline 0.001 -23"><span class='ocrx_word' id='word_1_29' title='bbox 152 804 184 859; x_wconf 91' lang='lat' dir='ltr'>et</span> <span class='ocrx_word' id='word_1_30' title='bbox 210 817 314 859; x_wconf 87' lang='lat' dir='ltr'>novae</span> <span class='ocrx_word' id='word_1_31' title='bbox 341 795 445 880; x_wconf 88' lang='lat' dir='ltr'>poetis</span> <span class='ocrx_word' id='word_1_32' title='bbox 473 816 593 879; x_wconf 82' lang='lat' dir='ltr'>quaeso</span> <span class='ocrx_word' id='word_1_33' title='bbox 621 794 679 857; x_wconf 92' lang='lat' dir='ltr'>hos</span> <span class='ocrx_word' id='word_1_34' title='bbox 706 793 809 856; x_wconf 91' lang='lat' dir='ltr'>locos:</span> <span class='ocrx_word' id='word_1_35' title='bbox 847 792 952 880; x_wconf 83' lang='grc' dir='ltr'><em>ῥέπω.·</em></span> <span class='ocrx_word' id='word_1_36' title='bbox 981 793 1115 878; x_wconf 88' lang='lat' dir='ltr'>Antiph.</span> <span class='ocrx_word' id='word_1_37' title='bbox 1147 793 1242 876; x_wconf 92' lang='grc'>12411</span> <span class='ocrx_word' id='word_1_38' title='bbox 1274 795 1416 862; x_wconf 63' lang='lat' dir='ltr'>daucido</span> <span class='ocrx_word' id='word_1_39' title='bbox 1442 795 1548 882; x_wconf 80' lang='grc' dir='ltr'><em>ῥέπων</em></span> 
     </span>
     <span class='ocr_line' id='line_1_5' title="bbox 152 893 1547 985; baseline 0.001 -21"><span class='ocrx_word' id='word_1_40' title='bbox 152 899 305 984; x_wconf 88' lang='lat' dir='ltr'>(Rumpel</span> <span class='ocrx_word' id='word_1_41' title='bbox 332 901 372 962; x_wconf 89' lang='lat' dir='ltr'>n⁰</span> <span class='ocrx_word' id='word_1_42' title='bbox 391 897 437 983; x_wconf 78' lang='grc' dir='ltr'>ὃ),</span> <span class='ocrx_word' id='word_1_43' title='bbox 457 903 602 984; x_wconf 72' lang='grc' dir='ltr'><em>ῥεῖθρον·</em></span> <span class='ocrx_word' id='word_1_44' title='bbox 624 897 668 960; x_wconf 93' lang='lat' dir='ltr'>id.</span> <span class='ocrx_word' id='word_1_45' title='bbox 689 897 774 978; x_wconf 84' lang='grc'>2311</span> <span class='ocrx_word' id='word_1_46' title='bbox 797 893 887 983; x_wconf 78' lang='grc' dir='ltr'><em>παρὰ</em></span> <span class='ocrx_word' id='word_1_47' title='bbox 910 895 1072 984; x_wconf 72' lang='grc' dir='ltr'><strong><em>ῥείθροισι</em></strong></span> <span class='ocrx_word' id='word_1_48' title='bbox 1097 897 1250 984; x_wconf 85' lang='lat' dir='ltr'>(Rumpel</span> <span class='ocrx_word' id='word_1_49' title='bbox 1277 901 1317 961; x_wconf 84' lang='lat' dir='ltr'>n⁰</span> <span class='ocrx_word' id='word_1_50' title='bbox 1332 899 1362 981; x_wconf 85' lang='lat'>3,</span> <span class='ocrx_word' id='word_1_51' title='bbox 1387 900 1427 963; x_wconf 85' lang='lat' dir='ltr'>cf.</span> <span class='ocrx_word' id='word_1_52' title='bbox 1449 899 1547 985; x_wconf 83' lang='lat' dir='ltr'>Soph.</span> 
     </span>
     <span class='ocr_line' id='line_1_6' title="bbox 152 992 1547 1089; baseline 0.001 -22"><span class='ocrx_word' id='word_1_53' title='bbox 152 1005 228 1068; x_wconf 86' lang='lat' dir='ltr'>Ant.</span> <span class='ocrx_word' id='word_1_54' title='bbox 253 1002 341 1089; x_wconf 84' lang='grc'>712),</span> <span class='ocrx_word' id='word_1_55' title='bbox 379 1005 454 1086; x_wconf 62' lang='grc' dir='ltr'><em>ῥόου</em></span> <span class='ocrx_word' id='word_1_56' title='bbox 475 1003 587 1087; x_wconf 87' lang='lat' dir='ltr'>Eriph.</span> <span class='ocrx_word' id='word_1_57' title='bbox 611 1001 666 1083; x_wconf 86' lang='grc'>211</span> <span class='ocrx_word' id='word_1_58' title='bbox 691 992 727 1067; x_wconf 70' lang='grc' dir='ltr'>δὲ</span> <span class='ocrx_word' id='word_1_59' title='bbox 749 1004 832 1087; x_wconf 88' lang='grc' dir='ltr'>ῥόαι,</span> <span class='ocrx_word' id='word_1_60' title='bbox 857 1001 952 1065; x_wconf 84' lang='lat' dir='ltr'><strong>Alex.</strong></span> <span class='ocrx_word' id='word_1_61' title='bbox 979 1002 1036 1084; x_wconf 82' lang='grc'>731</span> <span class='ocrx_word' id='word_1_62' title='bbox 1064 992 1140 1067; x_wconf 72' lang='grc' dir='ltr'><em>οὐδὲ</em></span> <span class='ocrx_word' id='word_1_63' title='bbox 1163 1004 1248 1087; x_wconf 85' lang='grc' dir='ltr'><em>ῥόαν,</em></span> <span class='ocrx_word' id='word_1_64' title='bbox 1272 1001 1386 1088; x_wconf 66' lang='lat' dir='ltr'>deiru:</span> <span class='ocrx_word' id='word_1_65' title='bbox 1413 1004 1547 1089; x_wconf 90' lang='lat' dir='ltr'>Antiph.</span> 
     </span>
     <span class='ocr_line' id='line_1_7' title="bbox 152 1096 1548 1197; baseline 0.002 -25"><span class='ocrx_word' id='word_1_66' title='bbox 152 1108 250 1190; x_wconf 83' lang='grc'>21711</span> <span class='ocrx_word' id='word_1_67' title='bbox 277 1106 431 1196; x_wconf 72' lang='grc' dir='ltr'><em>ἐηέοπηνο</em></span> <span class='ocrx_word' id='word_1_68' title='bbox 457 1111 559 1191; x_wconf 86' lang='grc' dir='ltr'><em>ῥανῶν</em></span> <span class='ocrx_word' id='word_1_69' title='bbox 591 1096 745 1192; x_wconf 84' lang='lat' dir='ltr'>(Rumpel</span> <span class='ocrx_word' id='word_1_70' title='bbox 775 1109 817 1169; x_wconf 86' lang='lat' dir='ltr'>n⁰</span> <span class='ocrx_word' id='word_1_71' title='bbox 841 1105 905 1191; x_wconf 82' lang='lat'><strong>16),</strong></span> <span class='ocrx_word' id='word_1_72' title='bbox 934 1107 1063 1192; x_wconf 80' lang='grc' dir='ltr'><em>ῥύγχος.·</em></span> <span class='ocrx_word' id='word_1_73' title='bbox 1091 1105 1222 1170; x_wconf 86' lang='lat' dir='ltr'>Anaxil.</span> <span class='ocrx_word' id='word_1_74' title='bbox 1248 1106 1308 1188; x_wconf 85' lang='grc'>191</span> <span class='ocrx_word' id='word_1_75' title='bbox 1336 1105 1426 1189; x_wconf 75' lang='lat' dir='ltr'>driu,</span> <span class='ocrx_word' id='word_1_76' title='bbox 1454 1112 1548 1197; x_wconf 76' lang='grc' dir='ltr'><em>ῥύγχη</em></span> 
     </span>
     <span class='ocr_line' id='line_1_8' title="bbox 152 1201 1548 1299; baseline 0.003 -26"><span class='ocrx_word' id='word_1_77' title='bbox 152 1211 209 1298; x_wconf 85' lang='lat' dir='ltr'>(ex</span> <span class='ocrx_word' id='word_1_78' title='bbox 233 1211 340 1297; x_wconf 83' lang='lat' dir='ltr'>coni),</span> <span class='ocrx_word' id='word_1_79' title='bbox 364 1211 460 1275; x_wconf 84' lang='lat' dir='ltr'>Alex.</span> <span class='ocrx_word' id='word_1_80' title='bbox 487 1209 582 1291; x_wconf 78' lang='lat'>110¹5</span> <span class='ocrx_word' id='word_1_81' title='bbox 606 1211 760 1295; x_wconf 73' lang='grc' dir='ltr'>ποδάρια,</span> <span class='ocrx_word' id='word_1_82' title='bbox 782 1212 888 1299; x_wconf 72' lang='grc' dir='ltr'><em>ῥύγχη,</em></span> <span class='ocrx_word' id='word_1_83' title='bbox 918 1207 1004 1296; x_wconf 69' lang='grc' dir='ltr'><em>ῥίζαι</em></span> <span class='ocrx_word' id='word_1_84' title='bbox 1028 1209 1113 1273; x_wconf 91' lang='lat' dir='ltr'>Men.</span> <span class='ocrx_word' id='word_1_85' title='bbox 1131 1209 1215 1292; x_wconf 80' lang='grc'>7161</span> <span class='ocrx_word' id='word_1_86' title='bbox 1238 1201 1307 1276; x_wconf 69' lang='grc' dir='ltr'>ἀπὸ</span> <span class='ocrx_word' id='word_1_87' title='bbox 1330 1209 1416 1298; x_wconf 78' lang='grc' dir='ltr'><em>ῥίζης</em></span> <span class='ocrx_word' id='word_1_88' title='bbox 1439 1211 1548 1298; x_wconf 84' lang='lat' dir='ltr'>(Rum-</span> 
     </span>
     <span class='ocr_line' id='line_1_9' title="bbox 152 1315 1410 1402; baseline 0.001 -23"><span class='ocrx_word' id='word_1_89' title='bbox 152 1317 205 1402; x_wconf 91' lang='lat' dir='ltr'>pel</span> <span class='ocrx_word' id='word_1_90' title='bbox 227 1319 268 1379; x_wconf 89' lang='lat' dir='ltr'>n⁰</span> <span class='ocrx_word' id='word_1_91' title='bbox 291 1315 337 1401; x_wconf 89' lang='grc'>8),</span> <span class='ocrx_word' id='word_1_92' title='bbox 1408 1357 1410 1360; x_wconf 94' lang='grc'>-</span> 
     </span>
    </p>
   </div>
   <div class='ocr_carea' id='block_1_3' title="bbox 557 1420 1147 1540">
    <p class='ocr_par' dir='ltr' id='par_1_3' title="bbox 557 1420 1147 1540">
     <span class='ocr_line' id='line_1_10' title="bbox 557 1420 1147 1540; baseline 0.002 -24"><span class='ocrx_word' id='word_1_93' title='bbox 557 1477 582 1519; x_wconf 87' lang='grc' dir='ltr'>ο.</span> <span class='ocrx_word' id='word_1_94' title='bbox 627 1462 677 1517; x_wconf 89' lang='lat' dir='ltr'>De</span> <span class='ocrx_word' id='word_1_95' title='bbox 699 1420 918 1529; x_wconf 72' lang='lat' dir='ltr'>diphthongis</span> <span class='ocrx_word' id='word_1_96' title='bbox 941 1461 1112 1528; x_wconf 80' lang='lat' dir='ltr'>correptis.</span> <span class='ocrx_word' id='word_1_97' title='bbox 1121 1453 1147 1540; x_wconf 75' lang='lat'>²)</span> 
     </span>
    </p>
   </div>
   <div class='ocr_carea' id='block_1_4' title="bbox 150 1593 1551 3139">
    <p class='ocr_par' dir='ltr' id='par_1_4' title="bbox 150 1593 1551 3139">
     <span class='ocr_line' id='line_1_11' title="bbox 257 1593 1549 1679; baseline 0.005 -21"><span class='ocrx_word' id='word_1_98' title='bbox 257 1593 339 1659; x_wconf 82' lang='lat' dir='ltr'>Cum</span> <span class='ocrx_word' id='word_1_99' title='bbox 363 1604 412 1658; x_wconf 88' lang='lat' dir='ltr'>sat</span> <span class='ocrx_word' id='word_1_100' title='bbox 434 1603 545 1658; x_wconf 92' lang='lat' dir='ltr'>notum</span> <span class='ocrx_word' id='word_1_101' title='bbox 568 1596 609 1658; x_wconf 82' lang='lat' dir='ltr'>sit</span> <span class='ocrx_word' id='word_1_102' title='bbox 631 1593 863 1658; x_wconf 87' lang='lat' dir='ltr'>vocabulorum</span> <span class='ocrx_word' id='word_1_103' title='bbox 890 1602 997 1660; x_wconf 74' lang='grc' dir='ltr'><em>ποιεῖν</em></span> <span class='ocrx_word' id='word_1_104' title='bbox 1024 1604 1056 1658; x_wconf 93' lang='lat' dir='ltr'>et</span> <span class='ocrx_word' id='word_1_105' title='bbox 1081 1604 1227 1674; x_wconf 84' lang='grc' dir='ltr'><em>τοιοῦτος</em></span> <span class='ocrx_word' id='word_1_106' title='bbox 1254 1593 1489 1679; x_wconf 85' lang='lat' dir='ltr'>diphthongum</span> <span class='ocrx_word' id='word_1_107' title='bbox 1517 1622 1549 1664; x_wconf 88' lang='grc' dir='ltr'>οι</span> 
     </span>
     <span class='ocr_line' id='line_1_12' title="bbox 153 1697 1547 1785; baseline 0.003 -24"><span class='ocrx_word' id='word_1_108' title='bbox 153 1702 308 1763; x_wconf 84' lang='lat' dir='ltr'>sescentis</span> <span class='ocrx_word' id='word_1_109' title='bbox 338 1699 419 1762; x_wconf 89' lang='lat' dir='ltr'>locis</span> <span class='ocrx_word' id='word_1_110' title='bbox 447 1700 574 1784; x_wconf 81' lang='lat' dir='ltr'>corripi,</span> <span class='ocrx_word' id='word_1_111' title='bbox 583 1697 609 1784; x_wconf 83' lang='lat'>³)</span> <span class='ocrx_word' id='word_1_112' title='bbox 640 1699 791 1783; x_wconf 85' lang='lat' dir='ltr'>exempla</span> <span class='ocrx_word' id='word_1_113' title='bbox 821 1698 951 1763; x_wconf 85' lang='lat' dir='ltr'>adferre</span> <span class='ocrx_word' id='word_1_114' title='bbox 982 1700 1178 1785; x_wconf 85' lang='lat' dir='ltr'>supersedeo</span> <span class='ocrx_word' id='word_1_115' title='bbox 1209 1710 1241 1762; x_wconf 87' lang='lat' dir='ltr'>et</span> <span class='ocrx_word' id='word_1_116' title='bbox 1273 1698 1313 1762; x_wconf 92' lang='lat' dir='ltr'>de</span> <span class='ocrx_word' id='word_1_117' title='bbox 1343 1701 1381 1763; x_wconf 86' lang='lat' dir='ltr'>iis</span> <span class='ocrx_word' id='word_1_118' title='bbox 1409 1709 1547 1765; x_wconf 87' lang='lat' dir='ltr'>tantum-</span> 
     </span>
     <span class='ocr_line' id='line_1_13' title="bbox 152 1801 1547 1890; baseline 0.002 -24"><span class='ocrx_word' id='word_1_119' title='bbox 152 1803 247 1867; x_wconf 90' lang='lat' dir='ltr'>modo</span> <span class='ocrx_word' id='word_1_120' title='bbox 276 1801 532 1887; x_wconf 82' lang='lat' dir='ltr'>correptionibus</span> <span class='ocrx_word' id='word_1_121' title='bbox 555 1802 658 1867; x_wconf 85' lang='lat' dir='ltr'>verba</span> <span class='ocrx_word' id='word_1_122' title='bbox 685 1803 814 1884; x_wconf 86' lang='lat' dir='ltr'>faciam,</span> <span class='ocrx_word' id='word_1_123' title='bbox 843 1824 925 1886; x_wconf 84' lang='lat' dir='ltr'>quae</span> <span class='ocrx_word' id='word_1_124' title='bbox 953 1804 985 1866; x_wconf 93' lang='lat' dir='ltr'>in</span> <span class='ocrx_word' id='word_1_125' title='bbox 1013 1802 1083 1867; x_wconf 87' lang='lat' dir='ltr'>aliis</span> <span class='ocrx_word' id='word_1_126' title='bbox 1106 1802 1273 1866; x_wconf 84' lang='lat' dir='ltr'>vocabulis</span> <span class='ocrx_word' id='word_1_127' title='bbox 1296 1805 1547 1890; x_wconf 86' lang='lat' dir='ltr'>conspiciuntur.</span> 
     </span>
     <span class='ocr_line' id='line_1_14' title="bbox 153 1906 1550 1994; baseline 0.004 -25"><span class='ocrx_word' id='word_1_128' title='bbox 153 1910 245 1970; x_wconf 88' lang='lat' dir='ltr'>euius</span> <span class='ocrx_word' id='word_1_129' title='bbox 265 1908 393 1990; x_wconf 81' lang='lat' dir='ltr'>generis</span> <span class='ocrx_word' id='word_1_130' title='bbox 413 1917 501 1971; x_wconf 84' lang='lat' dir='ltr'>sunt:</span> <span class='ocrx_word' id='word_1_131' title='bbox 526 1909 714 1994; x_wconf 70' lang='grc' dir='ltr'><em>Πειραιεύςε</em></span> <span class='ocrx_word' id='word_1_132' title='bbox 745 1907 873 1971; x_wconf 90' lang='lat' dir='ltr'>Philisc.</span> <span class='ocrx_word' id='word_1_133' title='bbox 896 1906 917 1969; x_wconf 89' lang='grc'>2</span> <span class='ocrx_word' id='word_1_134' title='bbox 940 1907 958 1972; x_wconf 84' lang='grc' dir='ltr'><strong>ὁ</strong></span> <span class='ocrx_word' id='word_1_135' title='bbox 980 1912 1159 1993; x_wconf 80' lang='grc' dir='ltr'>Πειρᾶιεύς,</span> <span class='ocrx_word' id='word_1_136' title='bbox 1188 1907 1284 1970; x_wconf 89' lang='lat' dir='ltr'>Alex.</span> <span class='ocrx_word' id='word_1_137' title='bbox 1306 1907 1388 1990; x_wconf 76' lang='grc'>2461</span> <span class='ocrx_word' id='word_1_138' title='bbox 1410 1910 1447 1973; x_wconf 79' lang='grc' dir='ltr'>ἐκ</span> <span class='ocrx_word' id='word_1_139' title='bbox 1467 1915 1550 1974; x_wconf 81' lang='grc' dir='ltr'><em>Ποι-</em></span> 
     </span>
     <span class='ocr_line' id='line_1_15' title="bbox 152 2010 1548 2099; baseline 0.001 -22"><span class='ocrx_word' id='word_1_140' title='bbox 152 2018 259 2096; x_wconf 76' lang='grc' dir='ltr'>ῥᾶιῶς,</span> <span class='ocrx_word' id='word_1_141' title='bbox 291 2010 412 2075; x_wconf 79' lang='lat' dir='ltr'>Criton.</span> <span class='ocrx_word' id='word_1_142' title='bbox 444 2011 483 2092; x_wconf 84' lang='grc'>31</span> <span class='ocrx_word' id='word_1_143' title='bbox 515 2011 551 2075; x_wconf 76' lang='grc' dir='ltr'>ἐκ</span> <span class='ocrx_word' id='word_1_144' title='bbox 582 2016 759 2095; x_wconf 69' lang='grc' dir='ltr'><em>Πειρἄιῶςς</em></span> <span class='ocrx_word' id='word_1_145' title='bbox 790 2010 902 2075; x_wconf 85' lang='lat' dir='ltr'>confer</span> <span class='ocrx_word' id='word_1_146' title='bbox 932 2010 1097 2096; x_wconf 86' lang='lat' dir='ltr'>Aristoph.</span> <span class='ocrx_word' id='word_1_147' title='bbox 1126 2011 1203 2076; x_wconf 86' lang='lat' dir='ltr'>Pac.</span> <span class='ocrx_word' id='word_1_148' title='bbox 1235 2011 1296 2074; x_wconf 81' lang='grc'>145</span> <span class='ocrx_word' id='word_1_149' title='bbox 1326 2013 1360 2077; x_wconf 81' lang='grc' dir='ltr'>ἐν</span> <span class='ocrx_word' id='word_1_150' title='bbox 1389 2017 1548 2099; x_wconf 80' lang='grc' dir='ltr'>Πειρᾶιεῖ,</span> 
     </span>
     <span class='ocr_line' id='line_1_16' title="bbox 153 2114 1550 2202; baseline 0.001 -24"><span class='ocrx_word' id='word_1_151' title='bbox 153 2115 192 2179; x_wconf 85' lang='lat' dir='ltr'>fr.</span> <span class='ocrx_word' id='word_1_152' title='bbox 220 2115 298 2179; x_wconf 79' lang='lat'><strong>608:</strong></span> <span class='ocrx_word' id='word_1_153' title='bbox 329 2119 384 2181; x_wconf 78' lang='grc' dir='ltr'>τὸν</span> <span class='ocrx_word' id='word_1_154' title='bbox 408 2121 558 2202; x_wconf 79' lang='grc' dir='ltr'>Πειρᾶιᾶ,</span> <span class='ocrx_word' id='word_1_155' title='bbox 590 2115 740 2180; x_wconf 86' lang='lat' dir='ltr'>Machon.</span> <span class='ocrx_word' id='word_1_156' title='bbox 770 2139 821 2201; x_wconf 88' lang='lat' dir='ltr'>ap.</span> <span class='ocrx_word' id='word_1_157' title='bbox 852 2114 971 2179; x_wconf 86' lang='lat' dir='ltr'>Athen.</span> <span class='ocrx_word' id='word_1_158' title='bbox 1000 2115 1095 2196; x_wconf 86' lang='grc' dir='ltr'>ΧΙΙΙ,</span> <span class='ocrx_word' id='word_1_159' title='bbox 1123 2114 1218 2180; x_wconf 79' lang='grc'>5821)</span> <span class='ocrx_word' id='word_1_160' title='bbox 1247 2117 1294 2194; x_wconf 78' lang='grc' dir='ltr'>εἰς</span> <span class='ocrx_word' id='word_1_161' title='bbox 1321 2121 1471 2200; x_wconf 63' lang='lat' dir='ltr'>Harpioi.</span> <span class='ocrx_word' id='word_1_162' title='bbox 1516 2120 1550 2180; x_wconf 93' lang='lat' dir='ltr'>in</span> 
     </span>
     <span class='ocr_line' id='line_1_17' title="bbox 152 2217 1549 2307; baseline 0.001 -25"><span class='ocrx_word' id='word_1_163' title='bbox 152 2220 415 2305; x_wconf 88' lang='lat' dir='ltr'>inscriptionibus</span> <span class='ocrx_word' id='word_1_164' title='bbox 442 2219 594 2303; x_wconf 88' lang='lat' dir='ltr'>leguntur</span> <span class='ocrx_word' id='word_1_165' title='bbox 620 2218 682 2283; x_wconf 87' lang='lat' dir='ltr'>hae</span> <span class='ocrx_word' id='word_1_166' title='bbox 709 2219 847 2283; x_wconf 87' lang='lat' dir='ltr'>formae:</span> <span class='ocrx_word' id='word_1_167' title='bbox 877 2217 1047 2303; x_wconf 83' lang='grc' dir='ltr'>Πειραὲοις,</span> <span class='ocrx_word' id='word_1_168' title='bbox 1073 2217 1249 2307; x_wconf 81' lang='grc' dir='ltr'>Πειραέων,</span> <span class='ocrx_word' id='word_1_169' title='bbox 1275 2222 1494 2304; x_wconf 57' lang='grc' dir='ltr'>Πειραεῦσιβ)</span> <span class='ocrx_word' id='word_1_170' title='bbox 1517 2222 1549 2283; x_wconf 90' lang='lat' dir='ltr'>in</span> 
     </span>
     <span class='ocr_line' id='line_1_18' title="bbox 152 2321 1551 2412; baseline 0.003 -26"><span class='ocrx_word' id='word_1_171' title='bbox 152 2326 360 2410; x_wconf 84' lang='lat' dir='ltr'>inscriptione</span> <span class='ocrx_word' id='word_1_172' title='bbox 387 2324 530 2409; x_wconf 86' lang='lat' dir='ltr'>quadam</span> <span class='ocrx_word' id='word_1_173' title='bbox 557 2325 666 2388; x_wconf 85' lang='lat' dir='ltr'>navali</span> <span class='ocrx_word' id='word_1_174' title='bbox 689 2324 777 2408; x_wconf 85' lang='lat' dir='ltr'>apud</span> <span class='ocrx_word' id='word_1_175' title='bbox 805 2323 1046 2408; x_wconf 75' lang='lat' dir='ltr'>Boeckhium5)</span> <span class='ocrx_word' id='word_1_176' title='bbox 1072 2327 1178 2389; x_wconf 85' lang='grc' dir='ltr'>ΕΜΓ</span> <span class='ocrx_word' id='word_1_177' title='bbox 1180 2327 1208 2388; x_wconf 84' lang='grc' dir='ltr'><em>Ε</em></span> <span class='ocrx_word' id='word_1_178' title='bbox 1216 2328 1359 2390; x_wconf 86' lang='grc' dir='ltr'><em>ΙΡΑΕΙ.</em></span> <span class='ocrx_word' id='word_1_179' title='bbox 1385 2362 1424 2371; x_wconf 83' lang='grc'><strong>-</strong></span> <span class='ocrx_word' id='word_1_180' title='bbox 1448 2321 1551 2412; x_wconf 71' lang='grc' dir='ltr'>Ἀθη</span> 
     </span>
     <span class='ocr_line' id='line_1_19' title="bbox 152 2424 1548 2515; baseline -0.002 -22"><span class='ocrx_word' id='word_1_181' title='bbox 152 2428 257 2509; x_wconf 79' lang='grc' dir='ltr'>νᾶἰων,</span> <span class='ocrx_word' id='word_1_182' title='bbox 282 2424 468 2515; x_wconf 74' lang='grc' dir='ltr'>Ἀθηνᾶίας,</span> <span class='ocrx_word' id='word_1_183' title='bbox 493 2427 533 2492; x_wconf 90' lang='lat' dir='ltr'>de</span> <span class='ocrx_word' id='word_1_184' title='bbox 557 2428 674 2512; x_wconf 89' lang='lat' dir='ltr'>quibus</span> <span class='ocrx_word' id='word_1_185' title='bbox 698 2429 781 2493; x_wconf 89' lang='lat' dir='ltr'>conf.</span> <span class='ocrx_word' id='word_1_186' title='bbox 806 2427 993 2492; x_wconf 86' lang='lat' dir='ltr'>Pherecrat.</span> <span class='ocrx_word' id='word_1_187' title='bbox 1017 2426 1070 2509; x_wconf 83' lang='lat'>34,</span> <span class='ocrx_word' id='word_1_188' title='bbox 1092 2427 1208 2512; x_wconf 84' lang='lat' dir='ltr'>Eupol.</span> <span class='ocrx_word' id='word_1_189' title='bbox 1232 2428 1285 2508; x_wconf 84' lang='lat'>35,</span> <span class='ocrx_word' id='word_1_190' title='bbox 1309 2427 1450 2513; x_wconf 82' lang='lat' dir='ltr'>Polyzel.</span> <span class='ocrx_word' id='word_1_191' title='bbox 1477 2428 1548 2509; x_wconf 77' lang='grc'>111,</span> 
     </span>
     <span class='ocr_line' id='line_1_20' title="bbox 153 2529 1549 2617; baseline 0 -23"><span class='ocrx_word' id='word_1_192' title='bbox 153 2532 319 2617; x_wconf 88' lang='lat' dir='ltr'>Aristoph.</span> <span class='ocrx_word' id='word_1_193' title='bbox 343 2533 443 2617; x_wconf 89' lang='lat' dir='ltr'>Vesp.</span> <span class='ocrx_word' id='word_1_194' title='bbox 472 2531 550 2612; x_wconf 75' lang='lat'>2823</span> <span class='ocrx_word' id='word_1_195' title='bbox 579 2529 685 2596; x_wconf 87' lang='lat' dir='ltr'>Schol.</span> <span class='ocrx_word' id='word_1_196' title='bbox 710 2531 890 2616; x_wconf 83' lang='lat' dir='ltr'>Hephaest.</span> <span class='ocrx_word' id='word_1_197' title='bbox 919 2531 989 2597; x_wconf 92' lang='lat' dir='ltr'>cod.</span> <span class='ocrx_word' id='word_1_198' title='bbox 1014 2530 1158 2595; x_wconf 85' lang='lat' dir='ltr'>Saibant.</span> <span class='ocrx_word' id='word_1_199' title='bbox 1188 2531 1311 2596; x_wconf 74' lang='lat' dir='ltr'>Gaisfi²</span> <span class='ocrx_word' id='word_1_200' title='bbox 1333 2532 1350 2594; x_wconf 93' lang='lat' dir='ltr'>I</span> <span class='ocrx_word' id='word_1_201' title='bbox 1375 2532 1445 2597; x_wconf 79' lang='lat'>156.</span> <span class='ocrx_word' id='word_1_202' title='bbox 1491 2531 1549 2595; x_wconf 87' lang='lat' dir='ltr'>sed</span> 
     </span>
     <span class='ocr_line' id='line_1_21' title="bbox 152 2634 1549 2721; baseline 0.003 -24"><span class='ocrx_word' id='word_1_203' title='bbox 152 2636 238 2719; x_wconf 91' lang='lat' dir='ltr'>quod</span> <span class='ocrx_word' id='word_1_204' title='bbox 261 2634 394 2698; x_wconf 85' lang='lat' dir='ltr'>adrem</span> <span class='ocrx_word' id='word_1_205' title='bbox 417 2644 560 2698; x_wconf 87' lang='lat' dir='ltr'>nostram</span> <span class='ocrx_word' id='word_1_206' title='bbox 585 2634 719 2717; x_wconf 77' lang='lat' dir='ltr'>adtinet,</span> <span class='ocrx_word' id='word_1_207' title='bbox 752 2657 810 2698; x_wconf 89' lang='lat' dir='ltr'>cur</span> <span class='ocrx_word' id='word_1_208' title='bbox 829 2635 977 2701; x_wconf 84' lang='lat' dir='ltr'>Kockius</span> <span class='ocrx_word' id='word_1_209' title='bbox 1002 2636 1044 2699; x_wconf 88' lang='lat' dir='ltr'>ad</span> <span class='ocrx_word' id='word_1_210' title='bbox 1065 2637 1146 2700; x_wconf 88' lang='lat' dir='ltr'>Phil.</span> <span class='ocrx_word' id='word_1_211' title='bbox 1169 2636 1231 2717; x_wconf 81' lang='grc'>661</span> <span class='ocrx_word' id='word_1_212' title='bbox 1262 2634 1316 2701; x_wconf 78' lang='grc' dir='ltr'>καὶ</span> <span class='ocrx_word' id='word_1_213' title='bbox 1344 2635 1549 2721; x_wconf 79' lang='grc' dir='ltr'><em>Νουοινίκας,</em></span> 
     </span>
     <span class='ocr_line' id='line_1_22' title="bbox 150 2733 1549 2827; baseline 0.001 -24"><span class='ocrx_word' id='word_1_214' title='bbox 150 2743 208 2817; x_wconf 83' lang='grc' dir='ltr'>τὰς</span> <span class='ocrx_word' id='word_1_215' title='bbox 224 2733 402 2825; x_wconf 72' lang='grc' dir='ltr'><em>Ἀθηναίοις</em></span> <span class='ocrx_word' id='word_1_216' title='bbox 422 2737 503 2822; x_wconf 75' lang='grc' dir='ltr'>λέγω</span> <span class='ocrx_word' id='word_1_217' title='bbox 525 2738 744 2803; x_wconf 79' lang='lat' dir='ltr'>adnotaverit:</span> <span class='ocrx_word' id='word_1_218' title='bbox 768 2735 947 2827; x_wconf 71' lang='grc' dir='ltr'><em>Ἀθηνᾶίας</em></span> <span class='ocrx_word' id='word_1_219' title='bbox 969 2749 1005 2803; x_wconf 93' lang='lat' dir='ltr'>ut</span> <span class='ocrx_word' id='word_1_220' title='bbox 1026 2739 1214 2806; x_wconf 89' lang='lat' dir='ltr'>Pherecrat.</span> <span class='ocrx_word' id='word_1_221' title='bbox 1232 2741 1283 2822; x_wconf 88' lang='lat'>34,</span> <span class='ocrx_word' id='word_1_222' title='bbox 1309 2761 1440 2804; x_wconf 83' lang='lat' dir='ltr'>oausam</span> <span class='ocrx_word' id='word_1_223' title='bbox 1463 2743 1549 2826; x_wconf 92' lang='lat' dir='ltr'>equi·</span> 
     </span>
     <span class='ocr_line' id='line_1_23' title="bbox 154 2841 1548 2929; baseline 0.002 -24"><span class='ocrx_word' id='word_1_224' title='bbox 154 2841 228 2906; x_wconf 90' lang='lat' dir='ltr'>dem</span> <span class='ocrx_word' id='word_1_225' title='bbox 252 2864 315 2907; x_wconf 92' lang='lat' dir='ltr'>non</span> <span class='ocrx_word' id='word_1_226' title='bbox 338 2842 444 2923; x_wconf 83' lang='lat' dir='ltr'>video,</span> <span class='ocrx_word' id='word_1_227' title='bbox 470 2864 543 2906; x_wconf 91' lang='lat' dir='ltr'>cum</span> <span class='ocrx_word' id='word_1_228' title='bbox 567 2843 768 2929; x_wconf 85' lang='lat' dir='ltr'>diphthongo</span> <span class='ocrx_word' id='word_1_229' title='bbox 790 2869 824 2909; x_wconf 87' lang='grc' dir='ltr'>οι</span> <span class='ocrx_word' id='word_1_230' title='bbox 848 2845 951 2929; x_wconf 90' lang='lat' dir='ltr'>quinti</span> <span class='ocrx_word' id='word_1_231' title='bbox 973 2843 1066 2928; x_wconf 91' lang='lat' dir='ltr'>pedis</span> <span class='ocrx_word' id='word_1_232' title='bbox 1089 2842 1188 2908; x_wconf 87' lang='lat' dir='ltr'>thesis</span> <span class='ocrx_word' id='word_1_233' title='bbox 1215 2843 1383 2908; x_wconf 85' lang='lat' dir='ltr'>efficiatur.</span> <span class='ocrx_word' id='word_1_234' title='bbox 1401 2882 1443 2890; x_wconf 89' lang='lat'>—</span> <span class='ocrx_word' id='word_1_235' title='bbox 1458 2844 1548 2908; x_wconf 90' lang='lat' dir='ltr'>Mne-</span> 
     </span>
     <span class='ocr_line' id='line_1_24' title="bbox 153 2934 1548 3032; baseline 0.001 -23"><span class='ocrx_word' id='word_1_236' title='bbox 153 2948 223 3011; x_wconf 76' lang='lat' dir='ltr'>um.</span> <span class='ocrx_word' id='word_1_237' title='bbox 247 2948 297 3029; x_wconf 83' lang='grc'>4,,</span> <span class='ocrx_word' id='word_1_238' title='bbox 323 2948 401 3025; x_wconf 69' lang='lat' dir='ltr'>otu.</span> <span class='ocrx_word' id='word_1_239' title='bbox 423 2983 466 2992; x_wconf 92' lang='grc'><strong>-</strong></span> <span class='ocrx_word' id='word_1_240' title='bbox 488 2946 607 3011; x_wconf 79' lang='lat' dir='ltr'>nutu.</span> <span class='ocrx_word' id='word_1_241' title='bbox 632 2947 690 3029; x_wconf 72' lang='grc'>84,</span> <span class='ocrx_word' id='word_1_242' title='bbox 715 2934 795 3027; x_wconf 66' lang='grc' dir='ltr'><em>οἵας.</em></span> <span class='ocrx_word' id='word_1_243' title='bbox 822 2987 859 2995; x_wconf 81' lang='lat'><em>-</em></span> <span class='ocrx_word' id='word_1_244' title='bbox 885 2947 981 3012; x_wconf 70' lang='lat' dir='ltr'>Alex.</span> <span class='ocrx_word' id='word_1_245' title='bbox 1007 2948 1087 3030; x_wconf 80' lang='lat'>2613</span> <span class='ocrx_word' id='word_1_246' title='bbox 1109 2949 1221 3014; x_wconf 53' lang='lat' dir='ltr'>eraut.</span> <span class='ocrx_word' id='word_1_247' title='bbox 1245 2986 1286 2995; x_wconf 78' lang='grc'>-</span> <span class='ocrx_word' id='word_1_248' title='bbox 1309 2947 1428 3012; x_wconf 79' lang='lat' dir='ltr'>nutui.</span> <span class='ocrx_word' id='word_1_249' title='bbox 1456 2947 1548 3032; x_wconf 75' lang='lat'>11713</span> 
     </span>
     <span class='ocr_line' id='line_1_25' title="bbox 153 3047 1267 3139; baseline 0.001 -24"><span class='ocrx_word' id='word_1_250' title='bbox 153 3049 304 3131; x_wconf 77' lang='grc' dir='ltr'>δείλαῖος,</span> <span class='ocrx_word' id='word_1_251' title='bbox 328 3051 369 3114; x_wconf 89' lang='lat' dir='ltr'>cf.</span> <span class='ocrx_word' id='word_1_252' title='bbox 394 3049 558 3136; x_wconf 87' lang='lat' dir='ltr'>Aristoph.</span> <span class='ocrx_word' id='word_1_253' title='bbox 582 3053 666 3137; x_wconf 83' lang='lat' dir='ltr'>Equ.</span> <span class='ocrx_word' id='word_1_254' title='bbox 692 3053 763 3117; x_wconf 85' lang='lat'>139.</span> <span class='ocrx_word' id='word_1_255' title='bbox 787 3091 830 3099; x_wconf 93' lang='lat'><strong>—</strong></span> <span class='ocrx_word' id='word_1_256' title='bbox 853 3052 1019 3138; x_wconf 88' lang='lat' dir='ltr'>Posidipp.</span> <span class='ocrx_word' id='word_1_257' title='bbox 1044 3052 1117 3134; x_wconf 82' lang='grc'>2611</span> <span class='ocrx_word' id='word_1_258' title='bbox 1145 3047 1267 3139; x_wconf 77' lang='grc' dir='ltr'><strong>ἱέρεῖαι.</strong></span> 
     </span>
    </p>
   </div>
   <div class='ocr_carea' id='block_1_5' title="bbox 539 3277 1167 3352">
    <p class='ocr_par' dir='ltr' id='par_1_5' title="bbox 539 3277 1167 3352">
     <span class='ocr_line' id='line_1_26' title="bbox 539 3277 1167 3352; baseline 0.002 -13"><span class='ocrx_word' id='word_1_259' title='bbox 539 3277 570 3340; x_wconf 80' lang='lat' dir='ltr'>d.</span> <span class='ocrx_word' id='word_1_260' title='bbox 616 3286 665 3340; x_wconf 93' lang='lat' dir='ltr'>De</span> <span class='ocrx_word' id='word_1_261' title='bbox 689 3302 701 3342; x_wconf 84' lang='grc' dir='ltr'>ι</span> <span class='ocrx_word' id='word_1_262' title='bbox 723 3284 815 3352; x_wconf 88' lang='lat' dir='ltr'>quod</span> <span class='ocrx_word' id='word_1_263' title='bbox 838 3288 977 3341; x_wconf 83' lang='lat' dir='ltr'>vocatur</span> <span class='ocrx_word' id='word_1_264' title='bbox 1000 3278 1167 3342; x_wconf 81' lang='grc' dir='ltr'><em>δεικνικόν.</em></span> 
     </span>
    </p>
   </div>
   <div class='ocr_carea' id='block_1_6' title="bbox 152 3403 1549 3824">
    <p class='ocr_par' dir='ltr' id='par_1_6' title="bbox 152 3403 1549 3824">
     <span class='ocr_line' id='line_1_27' title="bbox 255 3403 1548 3502; baseline 0.003 -22"><span class='ocrx_word' id='word_1_265' title='bbox 255 3422 274 3480; x_wconf 90' lang='grc' dir='ltr'><em>Ι</em></span> <span class='ocrx_word' id='word_1_266' title='bbox 303 3419 460 3483; x_wconf 80' lang='grc' dir='ltr'><em>δεικτικόν</em></span> <span class='ocrx_word' id='word_1_267' title='bbox 489 3416 575 3502; x_wconf 93' lang='lat' dir='ltr'>quod</span> <span class='ocrx_word' id='word_1_268' title='bbox 603 3403 739 3481; x_wconf 75' lang='lat' dir='ltr'>vocatur</span> <span class='ocrx_word' id='word_1_269' title='bbox 768 3416 918 3480; x_wconf 87' lang='lat' dir='ltr'>omnibus</span> <span class='ocrx_word' id='word_1_270' title='bbox 949 3417 1017 3481; x_wconf 89' lang='lat' dir='ltr'>fere</span> <span class='ocrx_word' id='word_1_271' title='bbox 1044 3417 1124 3480; x_wconf 87' lang='lat' dir='ltr'>locis</span> <span class='ocrx_word' id='word_1_272' title='bbox 1150 3415 1313 3481; x_wconf 86' lang='lat' dir='ltr'>adiectum</span> <span class='ocrx_word' id='word_1_273' title='bbox 1336 3417 1471 3481; x_wconf 91' lang='lat' dir='ltr'>vocibus</span> <span class='ocrx_word' id='word_1_274' title='bbox 1494 3413 1548 3484; x_wconf 80' lang='grc' dir='ltr'>οὗ·</span> 
     </span>
     <span class='ocr_line' id='line_1_28' title="bbox 153 3521 1549 3607; baseline 0.001 -23"><span class='ocrx_word' id='word_1_275' title='bbox 153 3544 216 3600; x_wconf 83' lang='grc' dir='ltr'>τος,</span> <span class='ocrx_word' id='word_1_276' title='bbox 240 3521 304 3601; x_wconf 79' lang='grc' dir='ltr'>ὅδε,</span> <span class='ocrx_word' id='word_1_277' title='bbox 332 3532 385 3586; x_wconf 81' lang='grc' dir='ltr'>νῦν</span> <span class='ocrx_word' id='word_1_278' title='bbox 407 3521 527 3607; x_wconf 92' lang='lat' dir='ltr'>ubique</span> <span class='ocrx_word' id='word_1_279' title='bbox 550 3521 682 3604; x_wconf 83' lang='lat' dir='ltr'>longum</span> <span class='ocrx_word' id='word_1_280' title='bbox 705 3523 856 3606; x_wconf 86' lang='lat' dir='ltr'>usurpari</span> <span class='ocrx_word' id='word_1_281' title='bbox 878 3543 972 3585; x_wconf 90' lang='lat' dir='ltr'>nemo</span> <span class='ocrx_word' id='word_1_282' title='bbox 995 3524 1108 3586; x_wconf 84' lang='lat' dir='ltr'>nescit.</span> <span class='ocrx_word' id='word_1_283' title='bbox 1155 3529 1267 3584; x_wconf 87' lang='lat' dir='ltr'>contra</span> <span class='ocrx_word' id='word_1_284' title='bbox 1290 3523 1355 3586; x_wconf 83' lang='lat' dir='ltr'>iota</span> <span class='ocrx_word' id='word_1_285' title='bbox 1377 3523 1410 3585; x_wconf 92' lang='lat' dir='ltr'>in</span> <span class='ocrx_word' id='word_1_286' title='bbox 1433 3521 1549 3586; x_wconf 87' lang='lat' dir='ltr'>vocula</span> 
     </span>
     <span class='ocr_line' id='line_1_29' title="bbox 152 3623 1547 3712; baseline 0.001 -24"><span class='ocrx_word' id='word_1_287' title='bbox 152 3623 223 3707; x_wconf 81' lang='grc' dir='ltr'><em>οὐχί</em></span> <span class='ocrx_word' id='word_1_288' title='bbox 251 3626 408 3691; x_wconf 82' lang='grc' dir='ltr'><em>δεικτικόν</em></span> <span class='ocrx_word' id='word_1_289' title='bbox 434 3646 499 3688; x_wconf 91' lang='lat' dir='ltr'>non</span> <span class='ocrx_word' id='word_1_290' title='bbox 526 3647 597 3688; x_wconf 87' lang='lat' dir='ltr'>esse</span> <span class='ocrx_word' id='word_1_291' title='bbox 624 3647 667 3689; x_wconf 89' lang='lat' dir='ltr'>ex</span> <span class='ocrx_word' id='word_1_292' title='bbox 695 3647 733 3689; x_wconf 93' lang='lat' dir='ltr'>eo</span> <span class='ocrx_word' id='word_1_293' title='bbox 761 3625 877 3708; x_wconf 76' lang='lat' dir='ltr'>elucet,</span> <span class='ocrx_word' id='word_1_294' title='bbox 906 3625 993 3710; x_wconf 90' lang='lat' dir='ltr'>quod</span> <span class='ocrx_word' id='word_1_295' title='bbox 1021 3626 1170 3691; x_wconf 86' lang='lat' dir='ltr'>omnibus</span> <span class='ocrx_word' id='word_1_296' title='bbox 1197 3624 1276 3688; x_wconf 85' lang='lat' dir='ltr'>locis</span> <span class='ocrx_word' id='word_1_297' title='bbox 1299 3624 1386 3688; x_wconf 95' lang='lat' dir='ltr'>nullo</span> <span class='ocrx_word' id='word_1_298' title='bbox 1410 3635 1547 3712; x_wconf 88' lang='lat' dir='ltr'>excepto</span> 
     </span>
     <span class='ocr_line' id='line_1_30' title="bbox 153 3728 1547 3824; baseline 0.001 -31"><span class='ocrx_word' id='word_1_299' title='bbox 153 3729 261 3793; x_wconf 85' lang='lat' dir='ltr'>brevis</span> <span class='ocrx_word' id='word_1_300' title='bbox 293 3739 349 3794; x_wconf 89' lang='lat' dir='ltr'>cst.</span> <span class='ocrx_word' id='word_1_301' title='bbox 396 3730 487 3792; x_wconf 87' lang='lat' dir='ltr'>ouius</span> <span class='ocrx_word' id='word_1_302' title='bbox 518 3731 565 3792; x_wconf 90' lang='lat' dir='ltr'>rei</span> <span class='ocrx_word' id='word_1_303' title='bbox 594 3738 631 3793; x_wconf 92' lang='lat' dir='ltr'>ut</span> <span class='ocrx_word' id='word_1_304' title='bbox 660 3751 781 3824; x_wconf 16' lang='lat' dir='ltr'>pauca]</span> <span class='ocrx_word' id='word_1_305' title='bbox 796 3728 942 3794; x_wconf 85' lang='lat' dir='ltr'>adferam</span> <span class='ocrx_word' id='word_1_306' title='bbox 974 3730 1134 3816; x_wconf 83' lang='lat' dir='ltr'>exempla,</span> <span class='ocrx_word' id='word_1_307' title='bbox 1166 3730 1312 3794; x_wconf 85' lang='lat' dir='ltr'>conferes</span> <span class='ocrx_word' id='word_1_308' title='bbox 1335 3728 1434 3814; x_wconf 93' lang='lat' dir='ltr'>Diph.</span> <span class='ocrx_word' id='word_1_309' title='bbox 1460 3729 1547 3814; x_wconf 79' lang='grc'>6611,</span> 
     </span>
    </p>
   </div>
   <div class='ocr_carea' id='block_1_7' title="bbox 151 3939 1548 4611">
    <p class='ocr_par' dir='ltr' id='par_1_7' title="bbox 257 3939 1474 4006">
     <span class='ocr_line' id='line_1_31' title="bbox 257 3939 1474 4006; baseline 0 -17"><span class='ocrx_word' id='word_1_310' title='bbox 257 3939 276 4003; x_wconf 85' lang='lat'>¹)</span> <span class='ocrx_word' id='word_1_311' title='bbox 295 3939 336 3989; x_wconf 82' lang='lat' dir='ltr'>cf.</span> <span class='ocrx_word' id='word_1_312' title='bbox 355 3939 452 3989; x_wconf 83' lang='lat' dir='ltr'>Christ.</span> <span class='ocrx_word' id='word_1_313' title='bbox 471 3957 495 4005; x_wconf 93' lang='lat' dir='ltr'>p.</span> <span class='ocrx_word' id='word_1_314' title='bbox 518 3940 549 3988; x_wconf 82' lang='lat'>15</span> <span class='ocrx_word' id='word_1_315' title='bbox 568 3943 604 4001; x_wconf 89' lang='lat' dir='ltr'>et,</span> <span class='ocrx_word' id='word_1_316' title='bbox 623 3941 670 4004; x_wconf 90' lang='lat' dir='ltr'>qui</span> <span class='ocrx_word' id='word_1_317' title='bbox 688 3939 721 3989; x_wconf 88' lang='lat' dir='ltr'>de</span> <span class='ocrx_word' id='word_1_318' title='bbox 740 3941 848 4005; x_wconf 76' lang='lat' dir='ltr'>tragicis</span> <span class='ocrx_word' id='word_1_319' title='bbox 867 3942 930 4006; x_wconf 83' lang='lat' dir='ltr'>egit,</span> <span class='ocrx_word' id='word_1_320' title='bbox 950 3939 1074 4004; x_wconf 86' lang='lat' dir='ltr'>Rumpel.</span> <span class='ocrx_word' id='word_1_321' title='bbox 1093 3939 1163 3989; x_wconf 90' lang='lat' dir='ltr'>Phil.</span> <span class='ocrx_word' id='word_1_322' title='bbox 1182 3940 1266 4001; x_wconf 88' lang='lat' dir='ltr'>XXV,</span> <span class='ocrx_word' id='word_1_323' title='bbox 1285 3957 1310 4005; x_wconf 91' lang='lat' dir='ltr'>p.</span> <span class='ocrx_word' id='word_1_324' title='bbox 1330 3940 1474 3990; x_wconf 81' lang='grc'>477-483.</span> 
     </span>
    </p>

    <p class='ocr_par' dir='ltr' id='par_1_8' title="bbox 152 4025 1547 4265">
     <span class='ocr_line' id='line_1_32' title="bbox 255 4025 1547 4091; baseline 0 -16"><span class='ocrx_word' id='word_1_325' title='bbox 255 4026 334 4091; x_wconf 71' lang='grc'>2)(11.</span> <span class='ocrx_word' id='word_1_326' title='bbox 353 4026 537 4075; x_wconf 87' lang='lat' dir='ltr'>Meisterhans.</span> <span class='ocrx_word' id='word_1_327' title='bbox 561 4025 736 4076; x_wconf 79' lang='lat' dir='ltr'>‘Grammatilr</span> <span class='ocrx_word' id='word_1_328' title='bbox 760 4025 807 4075; x_wconf 88' lang='lat' dir='ltr'>der</span> <span class='ocrx_word' id='word_1_329' title='bbox 830 4026 964 4076; x_wconf 83' lang='lat' dir='ltr'>ettisohen</span> <span class='ocrx_word' id='word_1_330' title='bbox 982 4025 1152 4075; x_wconf 85' lang='lat' dir='ltr'>Inschriiten&#39;</span> <span class='ocrx_word' id='word_1_331' title='bbox 1175 4041 1201 4090; x_wconf 89' lang='lat' dir='ltr'>p.</span> <span class='ocrx_word' id='word_1_332' title='bbox 1227 4029 1266 4088; x_wconf 88' lang='lat'>13,</span> <span class='ocrx_word' id='word_1_333' title='bbox 1295 4025 1445 4075; x_wconf 83' lang='lat' dir='ltr'>Wecklein.</span> <span class='ocrx_word' id='word_1_334' title='bbox 1472 4025 1547 4076; x_wconf 75' lang='lat' dir='ltr'>‘Gur</span> 
     </span>
     <span class='ocr_line' id='line_1_33' title="bbox 152 4111 1546 4178; baseline 0.002 -18"><span class='ocrx_word' id='word_1_335' title='bbox 152 4114 244 4178; x_wconf 65' lang='lat' dir='ltr'>epigr)</span> <span class='ocrx_word' id='word_1_336' title='bbox 272 4129 297 4178; x_wconf 89' lang='lat' dir='ltr'>p.</span> <span class='ocrx_word' id='word_1_337' title='bbox 323 4116 356 4162; x_wconf 83' lang='lat'>63</span> <span class='ocrx_word' id='word_1_338' title='bbox 383 4129 431 4178; x_wconf 91' lang='lat' dir='ltr'>sq.,</span> <span class='ocrx_word' id='word_1_339' title='bbox 459 4112 553 4162; x_wconf 81' lang='lat' dir='ltr'>Oauer.</span> <span class='ocrx_word' id='word_1_340' title='bbox 581 4113 636 4161; x_wconf 88' lang='lat' dir='ltr'>‘De</span> <span class='ocrx_word' id='word_1_341' title='bbox 666 4113 782 4162; x_wconf 84' lang='lat' dir='ltr'>dialecto</span> <span class='ocrx_word' id='word_1_342' title='bbox 809 4112 900 4163; x_wconf 81' lang='lat' dir='ltr'>Attica</span> <span class='ocrx_word' id='word_1_343' title='bbox 926 4113 1080 4163; x_wconf 88' lang='lat' dir='ltr'>vetustiore&#39;</span> <span class='ocrx_word' id='word_1_344' title='bbox 1105 4129 1131 4178; x_wconf 94' lang='lat' dir='ltr'>p.</span> <span class='ocrx_word' id='word_1_345' title='bbox 1154 4113 1214 4173; x_wconf 77' lang='lat'>271,</span> <span class='ocrx_word' id='word_1_346' title='bbox 1246 4111 1277 4162; x_wconf 81' lang='lat' dir='ltr'>G.</span> <span class='ocrx_word' id='word_1_347' title='bbox 1301 4113 1401 4176; x_wconf 84' lang='lat' dir='ltr'>Meyer.</span> <span class='ocrx_word' id='word_1_348' title='bbox 1427 4111 1546 4164; x_wconf 81' lang='lat' dir='ltr'>‘Grieoh</span> 
     </span>
     <span class='ocr_line' id='line_1_34' title="bbox 152 4198 976 4265; baseline 0.002 -18"><span class='ocrx_word' id='word_1_349' title='bbox 152 4198 326 4249; x_wconf 79' lang='lat' dir='ltr'>Grammatilr&#39;</span> <span class='ocrx_word' id='word_1_350' title='bbox 345 4216 369 4263; x_wconf 88' lang='lat' dir='ltr'>p.</span> <span class='ocrx_word' id='word_1_351' title='bbox 391 4200 449 4260; x_wconf 81' lang='grc'>144,</span> <span class='ocrx_word' id='word_1_352' title='bbox 471 4198 584 4248; x_wconf 81' lang='lat' dir='ltr'>thuer</span> <span class='ocrx_word' id='word_1_353' title='bbox 602 4200 631 4247; x_wconf 72' lang='grc' dir='ltr'>Ι8</span> <span class='ocrx_word' id='word_1_354' title='bbox 649 4214 674 4263; x_wconf 92' lang='lat' dir='ltr'>p.</span> <span class='ocrx_word' id='word_1_355' title='bbox 694 4201 753 4261; x_wconf 85' lang='lat'><strong>313,</strong></span> <span class='ocrx_word' id='word_1_356' title='bbox 774 4198 871 4249; x_wconf 82' lang='lat' dir='ltr'>Christ.</span> <span class='ocrx_word' id='word_1_357' title='bbox 891 4216 915 4265; x_wconf 90' lang='lat' dir='ltr'>p.</span> <span class='ocrx_word' id='word_1_358' title='bbox 936 4202 976 4249; x_wconf 82' lang='lat'>26.</span> 
     </span>
    </p>

    <p class='ocr_par' dir='ltr' id='par_1_9' title="bbox 151 4285 1548 4439">
     <span class='ocr_line' id='line_1_35' title="bbox 255 4285 1548 4352; baseline 0.001 -17"><span class='ocrx_word' id='word_1_359' title='bbox 255 4286 275 4349; x_wconf 63' lang='grc'>8)</span> <span class='ocrx_word' id='word_1_360' title='bbox 294 4287 461 4350; x_wconf 80' lang='lat' dir='ltr'>Quamquam</span> <span class='ocrx_word' id='word_1_361' title='bbox 481 4300 513 4336; x_wconf 83' lang='lat' dir='ltr'>ee</span> <span class='ocrx_word' id='word_1_362' title='bbox 531 4300 572 4336; x_wconf 88' lang='lat' dir='ltr'>res</span> <span class='ocrx_word' id='word_1_363' title='bbox 589 4286 629 4336; x_wconf 86' lang='lat' dir='ltr'>ita</span> <span class='ocrx_word' id='word_1_364' title='bbox 644 4290 731 4350; x_wconf 88' lang='lat' dir='ltr'>potest</span> <span class='ocrx_word' id='word_1_365' title='bbox 749 4285 877 4350; x_wconf 82' lang='lat' dir='ltr'>expediri,</span> <span class='ocrx_word' id='word_1_366' title='bbox 895 4290 925 4335; x_wconf 90' lang='lat' dir='ltr'>ut</span> <span class='ocrx_word' id='word_1_367' title='bbox 937 4291 1086 4335; x_wconf 83' lang='lat' dir='ltr'>statuamus</span> <span class='ocrx_word' id='word_1_368' title='bbox 1103 4290 1172 4335; x_wconf 85' lang='grc' dir='ltr'><em>ποιῶ</em></span> <span class='ocrx_word' id='word_1_369' title='bbox 1185 4287 1386 4349; x_wconf 85' lang='lat' dir='ltr'>pronuntiatum</span> <span class='ocrx_word' id='word_1_370' title='bbox 1400 4301 1457 4336; x_wconf 89' lang='lat' dir='ltr'>esse</span> <span class='ocrx_word' id='word_1_371' title='bbox 1470 4292 1548 4352; x_wconf 72' lang='lat' dir='ltr'>uoyui,</span> 
     </span>
     <span class='ocr_line' id='line_1_36' title="bbox 151 4372 1547 4439; baseline 0 -17"><span class='ocrx_word' id='word_1_372' title='bbox 151 4374 217 4433; x_wconf 86' lang='grc' dir='ltr'>ποῶ,</span> <span class='ocrx_word' id='word_1_373' title='bbox 234 4373 306 4421; x_wconf 89' lang='lat' dir='ltr'>unde</span> <span class='ocrx_word' id='word_1_374' title='bbox 324 4373 455 4437; x_wconf 90' lang='lat' dir='ltr'>quomodo</span> <span class='ocrx_word' id='word_1_375' title='bbox 475 4378 533 4422; x_wconf 84' lang='lat' dir='ltr'>orta</span> <span class='ocrx_word' id='word_1_376' title='bbox 550 4374 585 4422; x_wconf 90' lang='lat' dir='ltr'>sit</span> <span class='ocrx_word' id='word_1_377' title='bbox 602 4373 734 4437; x_wconf 82' lang='lat' dir='ltr'>scriptura</span> <span class='ocrx_word' id='word_1_378' title='bbox 751 4374 809 4422; x_wconf 82' lang='grc' dir='ltr'>ποῶ</span> <span class='ocrx_word' id='word_1_379' title='bbox 827 4387 880 4421; x_wconf 92' lang='lat' dir='ltr'>non</span> <span class='ocrx_word' id='word_1_380' title='bbox 898 4373 1028 4421; x_wconf 76' lang='lat' dir='ltr'>inusitata</span> <span class='ocrx_word' id='word_1_381' title='bbox 1049 4372 1121 4436; x_wconf 86' lang='lat' dir='ltr'>apud</span> <span class='ocrx_word' id='word_1_382' title='bbox 1137 4372 1254 4422; x_wconf 82' lang='lat' dir='ltr'>Graecos</span> <span class='ocrx_word' id='word_1_383' title='bbox 1275 4372 1355 4421; x_wconf 83' lang='lat' dir='ltr'>facile</span> <span class='ocrx_word' id='word_1_384' title='bbox 1373 4372 1547 4439; x_wconf 80' lang='lat' dir='ltr'>intellegitur.</span> 
     </span>
    </p>

    <p class='ocr_par' dir='ltr' id='par_1_10' title="bbox 255 4457 674 4524">
     <span class='ocr_line' id='line_1_37' title="bbox 255 4457 674 4524; baseline 0 -17"><span class='ocrx_word' id='word_1_385' title='bbox 255 4458 276 4522; x_wconf 82' lang='lat'>⁴)</span> <span class='ocrx_word' id='word_1_386' title='bbox 296 4457 335 4508; x_wconf 83' lang='lat' dir='ltr'>Of.</span> <span class='ocrx_word' id='word_1_387' title='bbox 355 4458 433 4524; x_wconf 84' lang='lat' dir='ltr'>Corp.</span> <span class='ocrx_word' id='word_1_388' title='bbox 451 4460 530 4507; x_wconf 87' lang='lat' dir='ltr'>inser.</span> <span class='ocrx_word' id='word_1_389' title='bbox 550 4457 594 4508; x_wconf 84' lang='lat' dir='ltr'>Gr.</span> <span class='ocrx_word' id='word_1_390' title='bbox 615 4459 674 4508; x_wconf 82' lang='lat'>102.</span> 
     </span>
    </p>

    <p class='ocr_par' dir='ltr' id='par_1_11' title="bbox 256 4544 1547 4611">
     <span class='ocr_line' id='line_1_38' title="bbox 256 4544 1547 4611; baseline 0.002 -17"><span class='ocrx_word' id='word_1_391' title='bbox 256 4546 276 4610; x_wconf 68' lang='grc'>5)</span> <span class='ocrx_word' id='word_1_392' title='bbox 296 4544 335 4595; x_wconf 82' lang='lat' dir='ltr'>cf.</span> <span class='ocrx_word' id='word_1_393' title='bbox 350 4545 469 4595; x_wconf 86' lang='lat' dir='ltr'>Bosckh.</span> <span class='ocrx_word' id='word_1_394' title='bbox 489 4546 564 4596; x_wconf 87' lang='lat' dir='ltr'>‘Urk.</span> <span class='ocrx_word' id='word_1_395' title='bbox 583 4545 649 4595; x_wconf 86' lang='lat' dir='ltr'>iiber</span> <span class='ocrx_word' id='word_1_396' title='bbox 667 4546 692 4594; x_wconf 92' lang='lat' dir='ltr'>d.</span> <span class='ocrx_word' id='word_1_397' title='bbox 710 4545 803 4595; x_wconf 58' lang='lat' dir='ltr'>Seewst</span> <span class='ocrx_word' id='word_1_398' title='bbox 816 4562 841 4611; x_wconf 92' lang='lat' dir='ltr'>p.</span> <span class='ocrx_word' id='word_1_399' title='bbox 855 4547 914 4607; x_wconf 84' lang='lat'><strong>439,</strong></span> <span class='ocrx_word' id='word_1_400' title='bbox 934 4547 974 4595; x_wconf 85' lang='lat'>30.</span> <span class='ocrx_word' id='word_1_401' title='bbox 993 4547 1022 4594; x_wconf 93' lang='lat' dir='ltr'>in</span> <span class='ocrx_word' id='word_1_402' title='bbox 1040 4546 1195 4595; x_wconf 88' lang='lat' dir='ltr'>universum</span> <span class='ocrx_word' id='word_1_403' title='bbox 1215 4545 1284 4595; x_wconf 89' lang='lat' dir='ltr'>conf.</span> <span class='ocrx_word' id='word_1_404' title='bbox 1298 4546 1415 4596; x_wconf 87' lang='lat' dir='ltr'>Meinek.</span> <span class='ocrx_word' id='word_1_405' title='bbox 1435 4547 1488 4597; x_wconf 89' lang='lat' dir='ltr'>vol.</span> <span class='ocrx_word' id='word_1_406' title='bbox 1502 4547 1547 4609; x_wconf 90' lang='lat' dir='ltr'>IV,</span> 
     </span>
    </p>
   </div>
   <div class='ocr_carea' id='block_1_8' title="bbox 151 4631 1548 4775">
    <p class='ocr_par' dir='ltr' id='par_1_12' title="bbox 151 4631 1548 4775">
     <span class='ocr_line' id='line_1_39' title="bbox 151 4631 1548 4699; baseline 0.003 -19"><span class='ocrx_word' id='word_1_407' title='bbox 151 4649 176 4696; x_wconf 90' lang='lat' dir='ltr'>p.</span> <span class='ocrx_word' id='word_1_408' title='bbox 196 4634 255 4694; x_wconf 85' lang='lat'>538,</span> <span class='ocrx_word' id='word_1_409' title='bbox 279 4632 396 4681; x_wconf 86' lang='lat' dir='ltr'>Lobeok.</span> <span class='ocrx_word' id='word_1_410' title='bbox 415 4631 530 4697; x_wconf 82' lang='lat' dir='ltr'>Paralip.</span> <span class='ocrx_word' id='word_1_411' title='bbox 550 4649 574 4697; x_wconf 90' lang='lat' dir='ltr'>p.</span> <span class='ocrx_word' id='word_1_412' title='bbox 595 4633 635 4692; x_wconf 76' lang='grc'>27,</span> <span class='ocrx_word' id='word_1_413' title='bbox 659 4631 754 4681; x_wconf 80' lang='lat' dir='ltr'>Draco.</span> <span class='ocrx_word' id='word_1_414' title='bbox 773 4633 889 4683; x_wconf 86' lang='lat' dir='ltr'>Straton.</span> <span class='ocrx_word' id='word_1_415' title='bbox 908 4648 932 4697; x_wconf 92' lang='lat' dir='ltr'>p.</span> <span class='ocrx_word' id='word_1_416' title='bbox 954 4633 993 4694; x_wconf 83' lang='grc'>75,</span> <span class='ocrx_word' id='word_1_417' title='bbox 1015 4632 1048 4680; x_wconf 79' lang='lat'>24</span> <span class='ocrx_word' id='word_1_418' title='bbox 1072 4631 1229 4699; x_wconf 67' lang='lat' dir='ltr'>Hstput&#39;xor·</span> <span class='ocrx_word' id='word_1_419' title='bbox 1253 4635 1323 4698; x_wconf 75' lang='grc' dir='ltr'>μετὰ</span> <span class='ocrx_word' id='word_1_420' title='bbox 1346 4633 1478 4698; x_wconf 78' lang='grc' dir='ltr'><em>συστολῆς</em></span> <span class='ocrx_word' id='word_1_421' title='bbox 1499 4636 1548 4684; x_wconf 81' lang='grc' dir='ltr'>τοῦ</span> 
     </span>
     <span class='ocr_line' id='line_1_40' title="bbox 202 4722 1392 4775; baseline -0.004 -10"><span class='ocrx_word' id='word_1_422' title='bbox 202 4723 371 4766; x_wconf 81' lang='lat' dir='ltr'>Dissertstiones</span> <span class='ocrx_word' id='word_1_423' title='bbox 385 4723 460 4775; x_wconf 86' lang='lat' dir='ltr'>philol.</span> <span class='ocrx_word' id='word_1_424' title='bbox 475 4723 566 4766; x_wconf 78' lang='lat' dir='ltr'>vindob.</span> <span class='ocrx_word' id='word_1_425' title='bbox 577 4724 617 4764; x_wconf 85' lang='lat'>111.</span> <span class='ocrx_word' id='word_1_426' title='bbox 633 4727 652 4764; x_wconf 87' lang='lat'>1.</span> <span class='ocrx_word' id='word_1_427' title='bbox 1359 4722 1392 4770; x_wconf 66' lang='lat'>24</span> 
     </span>
    </p>
   </div>
   <div class='ocr_carea' id='block_1_9' title="bbox 0 0 1700 5067">
    <p class='ocr_par' dir='ltr' id='par_1_13' title="bbox 0 0 1700 5067">
     <span class='ocr_line' id='line_1_41' title="bbox 0 0 1700 5067; baseline 0 0"><span class='ocrx_word' id='word_1_428' title='bbox 0 0 1700 5067; x_wconf 95' lang='lat' dir='ltr'> </span> 
     </span>
    </p>
   </div>
  </div>
 </body>
</html>
