3392 5067
184 220 248 284 314

286 409 325 473 In
355 408 662 492 interrogationibus
692 408 734 472 ab
764 408 865 472 altero
896 410 1060 474 enuntiato
1090 409 1308 494 pendentibus
1337 410 1436 476 semel
1466 410 1578 496 (1174)

182 513 301 597 legitur
322 515 352 600 li,
376 511 474 577 semel
490 511 605 597 (1212)
628 513 667 577 εἰ.
706 533 782 576 nam
799 511 1045 592 Schneiderum,
1070 514 1125 598 qui
1148 514 1255 598 priore
1276 513 1348 578 loco
1370 514 1401 579 εἰ
1422 536 1576 599 reponere

182 615 293 697 voluit,
316 626 406 680 recte
429 617 543 700 opinor
564 637 669 700 neque
685 615 893 680 Hermannus
915 637 1021 702 neque
1036 615 1172 680 Abelius
1196 624 1325 681 secutus
1346 626 1403 682 est.
1442 618 1528 704 quod
1552 619 1577 681 si

182 720 270 806 apud
301 720 481 784 Homerum
510 721 532 807 if
559 720 592 783 in
622 719 929 803 interrogationibus
962 719 1128 784 indireotis
1162 719 1367 785 retinendum
1401 723 1506 804 erit‚1)
1537 743 1578 784 ex

181 824 411 908 Argonauticis
434 823 579 908 profecto
601 822 687 888 hanc
709 823 858 888 voculam
882 846 946 888 non
969 823 1184 909 expellemus3
1208 826 1257 888 sin
1280 847 1351 890 eam
1375 849 1416 890 ex
1436 825 1577 891 Homero

180 929 426 1009 removerimus,
449 926 598 1010 religiose
621 928 654 990 in
677 925 739 991 hoc
762 929 907 992 carmine
923 928 1188 994 conservabimus
1205 951 1287 1014 eam,
1311 931 1431 1016 quippe
1448 952 1577 1016 exque,

182 1032 209 1095 si
231 1030 286 1094 alii
308 1031 370 1095 loci
393 1029 635 1117 accesserint,²)
659 1030 809 1095 concludi
832 1032 943 1117 possit,
968 1031 1054 1118 quali
1073 1033 1205 1096 Homeri
1221 1042 1314 1097 textu
1329 1057 1406 1098 usus
1422 1037 1463 1098 sit
1479 1034 1579 1118 Argo-

182 1137 384 1200 nautieorum
406 1137 554 1221 scriptor.
592 1135 680 1222 apud
703 1135 912 1220 Apollonium
934 1147 967 1200 et
987 1135 1143 1217 Quintum
1166 1138 1359 1222 particulam
1382 1139 1403 1225 ἤ
1424 1141 1469 1201 ita
1491 1161 1578 1202 usur-

182 1248 293 1325 patam
314 1261 379 1304 non
401 1241 526 1320 inveni3
549 1239 591 1303 de
613 1238 694 1306 Oall.
711 1239 847 1324 111183,
872 1248 906 1303 ut
929 1239 970 1304 de
993 1240 1101 1304 multis
1123 1241 1202 1305 locis
1222 1240 1395 1306 homericis
1411 1242 1467 1328 (cf.
1484 1242 1579 1307 Prae-

182 1345 300 1408 torium
322 1366 353 1429 p.
371 1344 406 1430 9)
429 1342 579 1408 dubitare
602 1342 686 1420 licet,
712 1366 789 1408 num
812 1347 1014 1409 enuntiatum
1038 1345 1265 1410 secundarium
1289 1345 1495 1410 statuendum
1523 1348 1578 1408 sit:

182 1448 295 1514 cluave
317 1452 451 1513 Μοῦσαι
470 1447 475 1531 Ι
494 1445 514 1535 ἢ
536 1442 565 1532 ῥ’
586 1449 675 1513 ἐτεόν
704 1446 848 1532 ἐγένοντο
877 1452 950 1515 τότε
979 1450 1077 1534 δρύες,
1103 1447 1196 1536 ἡνίκα
1219 1455 1348 1537 νύμφαι.
1388 1471 1463 1513 oum
1484 1451 1579 1512 inter-

181 1554 347 1635 rogatione
370 1551 575 1629 disiunctiva,
600 1574 683 1636 quae
706 1551 825 1634 legitur
847 1553 881 1616 in
904 1575 957 1616 vv.
975 1552 1039 1616 770
1054 1573 1123 1638 sqq.
1149 1555 1167 1636 (
1166 1553 1282 1641 διπλῆν
1305 1551 1486 1619 ἀνενείκατο
1509 1576 1578 1639 φω-

181 1658 245 1742 νήν,
267 1657 336 1742 ἢ..
354 1707 361 1722 .
378 1656 472 1739 μόλοι
489 1707 497 1721 .
514 1707 521 1720 .
537 1658 573 1744 ἠὲ
590 1707 597 1720 .
614 1707 622 1720 .
641 1656 820 1741 λεύσσω),
845 1655 986 1722 conferri
1008 1665 1142 1742 possunt
1164 1655 1269 1742 Apoll.
1287 1657 1337 1721 Ill
1361 1656 1434 1739 898,
1457 1657 1524 1721 ΠΙΙ
1546 1657 1576 1738 4,

183 1760 292 1840 Quint.
311 1760 341 1824 V
364 1760 436 1824 356.
462 1759 502 1824 de
525 1758 694 1825 modorum
717 1782 778 1824 usu
802 1781 901 1846 supra
924 1761 1048 1844 egimus
1072 1766 1117 1846 (p.
1135 1760 1222 1846 253).

287 2071 352 2136 Sed
368 2074 432 2136 iam
452 2071 573 2137 rivulos
596 2071 794 2137 claudamus.
818 2073 960 2136 vidimus
983 2075 1112 2138 omnino
1128 2072 1422 2156 Argonauticorum
1446 2074 1579 2158 scripto-

182 2198 251 2241 rem
275 2178 351 2242 satis
371 2176 542 2260 diligenter
557 2176 690 2241 Homeri
706 2178 843 2261 vestigia
860 2187 1007 2244 secutum
1022 2199 1103 2261 esse,
1127 2198 1323 2262 quamquam
1338 2176 1391 2240 hic
1406 2176 1472 2240 illic
1496 2198 1580 2262 quae

182 2282 370 2345 recentioris
397 2284 510 2346 aetatis
533 2283 665 2367 propria
688 2291 762 2345 sunt
784 2282 924 2346 admisit.
962 2281 1018 2346 ubi
1043 2281 1184 2345 Homero
1207 2282 1387 2366 compluria
1409 2280 1580 2363 vocabula,

183 2385 315 2470 formae,
340 2394 521 2450 structurae
545 2386 690 2450 eiusdem
713 2385 956 2469 significationis
980 2396 1108 2470 praesto
1132 2394 1233 2467 erant,
1265 2384 1438 2450 artioribus
1460 2385 1580 2449 finibus

182 2512 217 2553 se
241 2491 406 2555 continuit.
445 2512 687 2575 nonnumquam
710 2499 821 2575 utpote
843 2491 877 2552 in
900 2499 1036 2554 externa
1058 2511 1166 2555 rerum
1190 2492 1299 2576 speeie
1321 2499 1469 2554 versatus
1485 2512 1579 2554 usum

181 2595 333 2679 loquendi
367 2593 568 2659 homericum
601 2595 686 2659 male
717 2594 877 2659 intellexit
909 2616 1014 2680 neque
1048 2595 1209 2680 profecto,
1245 2617 1318 2658 cum
1352 2594 1395 2659 ad
1430 2593 1581 2658 servilem

184 2701 313 2785 saepius
335 2700 547 2762 imitationem
571 2697 748 2762 descendat
771 2708 869 2784 atque
891 2700 925 2762 in
948 2698 1127 2762 elocutione
1158 2708 1190 2761 et
1218 2698 1391 2762 verborum
1415 2709 1581 2762 construc-

183 2804 270 2867 tione
292 2803 408 2867 eadem
432 2825 562 2888 semper
583 2812 747 2887 recoquat‚
771 2825 891 2887 magna
913 2812 982 2867 arte
998 2805 1125 2887 poetica
1142 2802 1308 2887 praeditus
1324 2800 1424 2866 fuisse
1440 2802 1581 2867 videtur.

184 2929 267 2993 quae
290 2909 430 2973 rationes
453 2948 495 2956 -
518 2909 550 2972 in
574 2918 667 2973 textu
690 2929 818 2995 quoque
842 2907 1068 2972 constituendo
1092 2929 1221 2992 semper
1243 2907 1467 2992 respiciendae
1489 2945 1530 2953 -
1556 2908 1582 2970 si

184 3013 262 3076 viris
291 3011 394 3076 doctis
421 3011 579 3097 probatae
606 3021 709 3095 erunt,
736 3034 814 3078 mox
840 3015 949 3077 animo
973 3012 1161 3077 confirmato
1186 3010 1228 3074 ad
1251 3010 1410 3096 reliquam
1433 3012 1584 3094 syntaxis

183 3126 311 3202 partem
333 3116 599 3201 pertractandam
621 3116 805 3200 adgrediar.

285 3327 305 3391 ¹)
319 3326 359 3376 Cf.
370 3325 492 3377 libellum
503 3327 644 3389 Praetorii,
657 3327 704 3390 qui
717 3325 744 3376 id
756 3331 845 3392 negat,
859 3331 886 3376 et
899 3341 1040 3376 censuram
1053 3327 1082 3375 in
1092 3326 1218 3376 Bursiani
1230 3326 1298 3375 Ann.
1310 3326 1323 3374 Ι
1333 3325 1383 3374 935
1394 3340 1432 3390 sq.
1444 3339 1460 3374 a
1471 3323 1583 3374 Gisckio

181 3414 288 3474 factam,
308 3416 354 3478 qui
373 3415 431 3463 eius
449 3415 611 3464 sententiam
630 3415 778 3478 impugnat.

288 3499 309 3564 ²)
329 3501 420 3552 Unum
440 3500 512 3567 qnod
530 3517 585 3550 non
603 3502 694 3565 exigui
713 3502 843 3550 momenti
855 3505 897 3550 est
908 3501 1007 3550 inveni.
1039 3501 1067 3548 in
1079 3498 1169 3564 Etym.
1183 3501 1219 3548 M.
1233 3501 1292 3562 565,
1306 3501 1338 3548 27
1358 3498 1487 3548 habemus
1500 3499 1583 3548 haec:

184 3583 310 3654 Ὅμηρος
328 3587 425 3654 λιγνὺν
444 3587 629 3639 αἰθαλόεσσαν
649 3588 728 3652 ‘qnod
747 3604 807 3637 cnm
827 3603 899 3636 nunc
918 3603 972 3637 non
990 3587 1104 3652 legatur,
1123 3586 1155 3636 ad
1174 3590 1201 3636 Σ
1217 3589 1250 3634 23
1269 3586 1382 3636 refertur
1400 3601 1417 3635 a
1435 3585 1583 3636 nonnullis'

187 3673 277 3736 (κόνιν
303 3673 509 3736 αἰθαλόεσσαν).
545 3677 573 3724 in
601 3674 839 3740 Argonauticorum
863 3678 953 3723 autem
981 3690 1005 3722 v.
1024 3675 1072 3722 971
1102 3673 1217 3738 legimus
1240 3671 1334 3739 λιγνὺς
1362 3668 1387 3722 d'
1405 3671 1582 3722 αἰθαλόεσσα.

186 3767 305 3811 ceterum
322 3761 548 3810 Rosenbocmium
567 3762 601 3811 de
619 3760 845 3816 voracitatem
862 3760 945 3811 verba
964 3768 1018 3809 non
1036 3759 1132 3810 fecisse
1150 3775 1215 3809 sane
1233 3762 1321 3808 miror.
