3392 5067
199 249 260 314 160

299 439 370 504 Iam
391 438 431 501 de
451 445 597 520 tempore
619 435 681 498 tria
703 432 908 497 substantiva
930 440 1086 516 usurpata
1106 433 1329 499 inveniuntur:
1354 431 1417 497 Sol.
1437 431 1486 515 13,
1503 433 1594 516 47sq.

197 546 293 623 ἀλλος
313 552 369 631 γῆν
390 538 512 624 τέμνων
526 537 757 621 πολυδένδρεον
777 539 824 617 είς
845 537 1005 617 ἐνιαυτὸν)
1019 537 1169 623 λατρεύει,
1194 535 1250 601 ubi
1265 536 1368 601 verba
1387 538 1434 615 εἰς
1453 538 1595 602 ἐνιαυτόν

196 651 263 712 vim
290 646 451 711 insolitam
467 646 575 709 nostri
602 643 694 709 ‘Jahr
714 665 787 725 aus,
811 641 894 707 Jahr
914 640 975 706 ein'
1000 640 1129 725 habent,
1158 641 1247 720 τέλος
1277 650 1310 706 et
1339 644 1480 730 τελευτή,
1512 664 1595 727 quae

197 751 298 817 verba
320 750 436 815 vocula
462 749 509 828 εἰς
538 750 695 813 instructa
724 757 854 833 praeter
884 746 1029 830 Theogn.
1056 745 1193 831 1083sq.
1216 748 1319 834 νόημα
1340 746 1344 833 i
1364 742 1505 833 έμιτεδον
1527 748 1595 812 αἰὲν

197 852 281 939 έχειν
295 856 328 935 ἐς
341 854 433 933 τέλος
455 874 592 938 semper,
618 851 652 915 id
676 850 763 937 quod
783 850 871 938 apud
887 851 1065 915 Homerum
1084 871 1189 935 neque
1209 850 1243 914 in
1262 849 1312 914 his
1335 871 1441 935 neque
1464 853 1496 914 in
1524 850 1594 915 aliis

197 959 406 1024 substantivis
433 980 587 1043 umquam
609 956 646 1021 fit
676 955 731 1038 (of.
757 956 908 1040 Krueger
932 955 987 1018 Di.
1011 954 1063 1037 68,
1079 954 1131 1037 21,
1150 953 1214 1047 10),
1239 954 1470 1022 adverbiorum
1493 957 1595 1020 instar

197 1075 281 1129 sunt.
305 1065 368 1151 loci
383 1073 501 1144 autem,
518 1064 573 1148 qui
593 1062 657 1125 hue
672 1062 844 1146 pertinent,
862 1070 949 1125 sunt:
972 1059 1035 1125 Sol.
1054 1060 1104 1141 13,
1122 1058 1163 1123 28
1183 1063 1314 1140 πάντας
1330 1056 1400 1140 δ’ἒς
1413 1061 1505 1141 τέλος
1526 1060 1594 1139 ἐξε-

196 1173 291 1257 φάνη,
319 1167 463 1251 Theogn.
490 1166 552 1230 136
579 1166 612 1245 ἐς
638 1164 729 1243 τέλος
749 1160 809 1229 εἴτ’
824 1166 950 1249 ἀγαθδν
971 1162 1090 1249 γίνεται
1112 1164 1176 1230 ε’ίτε
1199 1166 1309 1247 κακῶς
1337 1168 1369 1245 ἐς
1392 1168 1427 1233 δὲ
1449 1167 1595 1255 τελευτήν

197 1273 341 1357 Theogn.
357 1272 431 1354 201,
448 1271 521 1354 607,
538 1270 601 1335 766
624 1292 753 1355 semper
774 1271 808 1333 in
831 1268 977 1334 olausula
998 1267 1190 1353 hexametri,
1214 1280 1250 1334 ut
1265 1270 1343 1336 Hes.
1360 1269 1422 1356 Op.
1440 1270 1514 1352 333,
1531 1292 1594 1356 quo

196 1378 266 1442 loco
289 1380 428 1464 primum
450 1378 484 1456 ἐς
506 1377 541 1442 δὲ
564 1376 711 1463 τελευτήν
734 1374 780 1438 sio
803 1384 994 1459 usurpatum
1016 1376 1189 1439 invenitur.

260 1621 294 1706 b)
326 1622 382 1686 De
404 1618 777 1707 praepositionibus,
801 1641 898 1704 quae
922 1641 1005 1684 oum
1028 1622 1207 1705 genetivo
1231 1622 1527 1704 coniunguntur.

300 1778 354 1841 Ex
376 1776 509 1859 voculis
538 1798 621 1861 quae
648 1776 712 1841 hue
739 1776 929 1841 referendae
957 1787 1047 1860 sunt,
1077 1777 1162 1842 δίνεο
1188 1785 1314 1842 tantum
1341 1776 1491 1865 Xenoph.
1520 1778 1550 1860 3,
1575 1778 1595 1841 2

198 1892 301 1964 extat,
337 1904 410 1945 oum
441 1881 474 1944 hi
511 1889 625 1966 poetae
656 1882 754 1946 etiam
769 1879 948 1945 adverbiis
970 1883 1045 1969 ἀτερ
1069 1881 1195 1967 (Mimn.
1223 1883 1250 1965 1,
1277 1884 1293 1944 1
1317 1891 1350 1946 et
1372 1882 1401 1965 6,
1429 1882 1471 1969 1),
1499 1884 1596 1971 νόσφι

163 2056 165 2061 ,
198 1986 357 2073 (Theogn.
384 1984 445 2049 166
468 1995 500 2050 et
524 1983 611 2071 766),
640 1989 806 2069 ἀιιάτερθε
831 1983 955 2071 (1163),
984 2007 1121 2071 quorum
1149 2008 1247 2072 supra
1274 1972 1393 2051 mentio
1421 1985 1509 2051 faeta
1536 1995 1595 2069 est,

197 2090 383 2157 adhibeant.
426 2091 571 2154 usitatior
594 2098 642 2151 est
664 2091 860 2174 praepositio
887 2088 981 2155 ἀντί.
1020 2089 1060 2153 de
1084 2112 1149 2175 qua
1171 2092 1248 2155 satis
1271 2089 1375 2156 habeo
1399 2092 1441 2156 ad
1464 2101 1531 2155 tres
1553 2090 1597 2155 lo-

199 2218 252 2259 oos
272 2195 426 2279 relegare.
450 2196 574 2279 primus
591 2203 639 2257 est
659 2193 804 2278 Theogn.
822 2192 861 2256 97
870 2215 937 2278 sqq.
957 2192 993 2273 ὃς
1007 2196 1062 2260 τδν
1076 2194 1218 2282 ἑταῖρον)
1232 2201 1413 2280 γιγνώσκων
1427 2198 1519 2283 ὀργὴν
1536 2246 1542 2259 .
1561 2246 1569 2260 .
1588 2176 1606 2259 .’

197 2299 287 2389 φέρει
307 2301 311 2386 Ι
331 2298 401 2365 ἀντί
422 2300 621 2387 κασιγνήτου,
645 2297 709 2379 ubi,
734 2307 769 2361 ut
792 2297 892 2362 sobol.
913 2298 1056 2363 Ariston.
1080 2298 1189 2364 verbis
1211 2308 1293 2382 utar,
1317 2299 1388 2366 ἀντὶ
1409 2303 1597 2388 κασιγνήτου

198 2405 285 2469 idem
312 2404 399 2468 valet
428 2413 525 2489 atque
553 2401 626 2469 ’ίσσν
654 2405 845 2493 κασιγνήτῳ,
883 2401 923 2468 of.
955 2402 1049 2468 (1³75
1079 2402 1150 2468 ἀντί
1175 2401 1229 2469 τοί
1257 2398 1321 2491 εἰμ’
1343 2399 1450 2471 ἱκέταο
1480 2402 1597 2490 (schol.

179 2508 338 2577 Ariston.
363 2508 506 2597 ἡδιιιλῆ,
527 2509 577 2572 δτι
593 2505 663 2572 ἀντί
677 2518 734 2573 τοῦ
747 2506 819 2587 ’ίσος
834 2500 921 2597 ἱκέτη
944 2502 1034 2594 εἰμί),
1058 2512 1085 2573 θ
1104 2507 1167 2572 646
1190 2507 1262 2573 ἀντί
1284 2512 1472 2597 κασιγνήτου
1495 2508 1598 2587 ξεῖνός

198 2610 235 2679 θ’
247 2607 351 2700 ἱκέτης
364 2636 399 2677 τε
419 2610 574 2678 τέτυκται.
611 2633 708 2696 porro
731 2611 773 2676 ad
795 2611 903 2675 locum
926 2611 1070 2695 Theogn.
1092 2612 1155 2677 343
1165 2635 1211 2698 sq.
1234 2622 1267 2676 te
1287 2635 1419 2677 revoco:
1442 2611 1599 2700 τεθναίην

200 2713 240 2799 δ’,
264 2718 293 2783 εἰ
313 2720 354 2807 μή
370 2742 402 2782 τι
421 2723 526 2783 κακῶν
545 2717 703 2802 ἄμπαυμα
723 2715 897 2803 μεριμνέων
911 2715 915 2803 λ
928 2715 1083 2805 εὑροίμην,
1108 2715 1196 2805 δοίης
1218 2718 1280 2803 (sie
1296 2740 1338 2781 ex
1354 2720 1436 2783 ooni.
1452 2716 1599 2783 Turnebi
1663 2712 1666 2717 ’

201 2821 409 2886 scribendum
424 2832 500 2906 puto
516 2843 574 2905 pro
591 2819 695 2907 δοίην)
719 2815 826 2887 δ’ἀντ’
841 2825 938 2887 ἀνιῶν
960 2820 1063 2903 ἀνίας,
1087 2822 1140 2885 hie
1163 2824 1248 2885 enim
1271 2822 1359 2886 loeus
1383 2844 1420 2887 eo
1444 2844 1600 2887 memora-

201 2927 273 2992 bilis
298 2935 356 3007 est,
386 2925 472 3011 quod
499 2934 534 2989 ut
562 2926 641 2991 ibid.
664 2925 727 2989 342
752 2925 822 3010 (δδς
842 2924 878 2992 δέ
897 2951 954 3011 μοι
977 2926 1047 2992 ἀντί
1069 2934 1172 2992 κακῶν
1191 2924 1245 2992 καί
1260 2950 1292 2992 τι
1311 2932 1435 2993 ιιαθεῖν
1453 2926 1596 3012 ἀγαθόν)

200 3030 309 3096 verbis
339 3029 411 3097 ἀντί
436 3038 541 3095 κακῶν
563 3029 702 3094 verbum
729 3031 854 3114 ἀγαθόν
879 3032 925 3095 ita
952 3031 1005 3095 hio
1027 3033 1101 3095 vooi
1127 3029 1214 3097 ἀνίαι
1242 3032 1356 3096 eadem
1378 3053 1445 3097 vox
1468 3033 1600 3119 opponi-

201 3146 261 3200 tur.
308 3146 339 3198 et
365 3133 449 3200 bene
477 3134 556 3198 dicit
582 3134 676 3199 homo
703 3136 838 3200 amissas
866 3134 1010 3200 fortunas
1033 3137 1244 3200 vehementer
1267 3158 1405 3221 querens
1432 3145 1467 3201 ut
1485 3126 1600 3201 ¹nostro

200 3252 273 3305 utar
295 3260 455 3306 sermone:
480 3239 548 3303 ‘Ioh
564 3239 630 3303 will
645 3238 785 3323 sterben,
801 3262 895 3303 wenn
911 3242 1017 3304 moine
1033 3238 1157 3325 Sorgen
1172 3240 1249 3304 kein
1264 3240 1358 3305 Ende
1374 3240 1600 3305 nehmen-und

201 3344 245 3409 du
271 3344 323 3409 fur
349 3342 702 3409 Besehwerliohkeiten
728 3342 815 3427 gibst
845 3384 886 3391 —
917 3343 1292 3410 Besehwerliohkeiten'.
1342 3347 1455 3409 tertius
1489 3352 1600 3409 autem

200 3449 290 3514 loeus
313 3457 361 3513 est
383 3449 527 3533 Theogn.
546 3448 663 3534 usesq.
687 3451 731 3539 μή
746 3446 829 3515 ιιοτέ
842 3472 899 3533 μοι
919 3448 1082 3536 μελέδημα
1100 3456 1252 3535 νεώτερον
1271 3451 1348 3515 ἀλλο
1371 3447 1485 3538 φανείη
1505 3450 1510 3534 λ
1530 3445 1601 3514 ἀντ’

200 3556 312 3642 ἐρατῆς
341 3551 469 3642 σοφίης,
507 3574 568 3638 quo
599 3554 676 3618 ἀλλο
703 3551 776 3619 ἀντί
809 3552 897 3617 idem
930 3552 998 3617 fere
1033 3554 1194 3637 signifieat
1228 3563 1323 3639 atque
1355 3554 1433 3621 ἀλλο
1460 3554 1489 3642 ἤ.
1543 3554 1600 3639 qui

200 3681 276 3723 usus
300 3659 368 3721 eius
390 3657 637 3742 praepositionis
661 3680 735 3721 oum
757 3656 918 3722 vocabulo
938 3658 1032 3737 ἀλλος
1055 3660 1243 3722 coniunctae
1266 3657 1354 3742 apud
1377 3667 1489 3743 poetas
1512 3679 1601 3721 seae-

200 3766 288 3827 nioos
310 3762 461 3848 frequens
484 3770 543 3847 est,
566 3762 654 3847 apud
677 3763 915 3846 antiquissimos
938 3770 1050 3847 poetas
1073 3763 1263 3827 rarissimus.
1301 3764 1331 3825 in
1356 3761 1490 3827 Homeri
1513 3763 1600 3825 enim

201 3866 398 3933 carminibus
430 3866 553 3930 nullum
586 3867 654 3930 eius
686 3865 872 3953 exemplum
904 3875 1003 3953 extat,
1032 3889 1133 3932 unum
1163 3867 1250 3952 apud
1274 3865 1453 3931 Hesiodum
1476 3865 1599 3950 Theog.

201 3972 264 4036 892
272 3994 319 4057 sq.
342 3972 395 4037 ἵνα
417 3976 460 4059 μὴ
480 3968 656 4058 βασιληίδα
677 3976 770 4057 τιμὴν
789 3971 793 4057 Ι
813 3972 907 4051 ἄλλος
929 3967 998 4054 έχσι
1022 3974 1098 4051 Διὸς
1120 3970 1191 4037 ἀντί
1213 3976 1301 4037 θεῶν
1323 3971 1553 4057 αἰειγενετάων.

304 4072 397 4142 'Arai
424 4085 456 4141 et
483 4075 569 4162 apud
592 4075 770 4139 Homerum
798 4087 830 4140 et
856 4079 889 4150 in
913 4075 1032 4161 elegeis
1055 4076 1097 4140 de
1119 4076 1226 4154 rebus,
1251 4098 1334 4161 quae
1358 4075 1505 4142 sensibus
1526 4097 1600 4161 per·

201 4182 373 4266 eipiuntur,
408 4180 556 4246 adhiberi
592 4178 701 4244 solet'
734 4179 775 4244 de
805 4178 923 4265 quibus
956 4180 1035 4245 loeis
1069 4202 1134 4245 non
1166 4190 1215 4245 est
1249 4202 1307 4244 our
1339 4180 1442 4245 fusius
1473 4189 1598 4265 agatur.

200 4284 346 4369 Theogn.
371 4284 412 4348 63
439 4284 557 4369 legitur
579 4285 645 4348 ἀιιδ
671 4284 814 4371 γλώσσης
840 4283 936 4372 φίλος
961 4276 1053 4365 εἶναι,
1073 4306 1228 4370 ·quooum
1253 4306 1351 4348 versu
1385 4284 1601 4349 eonferendus

201 4397 250 4453 est
280 4388 343 4452 979
374 4391 416 4476 μή
444 4412 501 4473 μοι
527 4391 602 4478 ἀνὴρ
629 4387 676 4476 ε’ίη
705 4389 831 4477 γλώσσῃ
859 4384 965 4476 φίλος,
994 4390 1075 4455 ἀλλὰ
1102 4386 1156 4455 καὶ
1182 4384 1271 4476 έργφ.
1323 4410 1419 4474 porro
1453 4388 1600 4473 Theogn.

203 4491 285 4557 1166
312 4492 368 4582 ζῆν
395 4494 461 4572 ἀιιό
482 4516 568 4572 τινος
595 4500 694 4575 extat,
724 4491 803 4557 ibid.
827 4491 869 4556 28
897 4496 964 4559 ἀνιδ
987 4502 1050 4558 τῶν
1072 4497 1205 4578 ἀγαθῶν
1231 4500 1309 4571 ταῖς
1331 4488 1375 4559 ἔτ’
1391 4493 1451 4558 ἐὼν
1473 4488 1601 4578 ἔμαθον

201 4607 233 4661 et
263 4596 305 4661 36
337 4598 467 4663 ἐσθλῶν
499 4600 556 4683 μὲν
586 4601 645 4683 γὰρ
677 4592 736 4663 ἀντ’
763 4598 869 4663 ἐσθλὰ
902 4601 1067 4686 μαθησεαι
1105 4620 1179 4662 eum
1208 4597 1310 4662 verbo
1345 4596 1492 4661 discendi
1526 4618 1600 4661 eon-
