3392 5067
138 274 159 338 6

137 468 204 531 vita
221 490 248 531 c.
264 468 305 531 47
316 490 363 554 sq.
388 470 429 532 de
446 471 513 533 eius
537 470 637 533 caede
660 470 759 535 tradit
774 493 922 557 quaeque
937 473 1025 559 apud
1042 474 1181 538 Dionem
1197 472 1344 538 Cassium
1361 473 1476 537 LXIII
1490 473 1532 536 29

137 570 302 655 leguntur.
336 574 413 635 item
437 572 573 637 Neronis
598 575 732 639 exitium
755 577 846 661 tangi
869 576 999 641 videtur
1019 578 1177 662 versibus,
1202 599 1281 663 quos
1303 577 1459 663 Poppaea
1483 577 1537 643 Sa-

136 674 213 739 bina
237 678 394 741 somnium
418 700 511 742 suum
536 700 609 743 cum
632 682 760 743 nutrice
782 682 1026 746 communicans
1049 682 1235 768 pronuntiat
1259 680 1304 767 (v.
1324 681 1468 766 732sq.):

486 785 602 868 irrupit
623 784 712 847 intra
736 794 813 848 tecto
834 808 902 849 cnm
924 786 1095 871 trepidas
1114 809 1182 849 ntea

479 909 633 971 ensemque
655 888 763 975 inquio
786 888 925 953 condidit
947 912 1071 953 saevam
1094 890 1190 967 Nero,

134 1004 328 1090 quibuscum
344 1007 541 1073 conferenda
556 1018 631 1073 sunt
646 1008 790 1075 Suetonii
806 1011 910 1075 verba
929 1034 956 1076 o.
973 1012 1029 1075 49:
1053 1012 1194 1096 ‘iamque
1216 1013 1342 1095 equites
1364 1010 1537 1097 adpropin-

134 1109 287 1196 quabant,
319 1111 438 1197 quibus
468 1124 679 1199 praeceptum
710 1124 779 1180 erat
808 1124 844 1180 ut
857 1123 859 1126 ’
874 1116 987 1180 rivum
1017 1138 1091 1181 eum
1122 1115 1342 1180 adtraherent.
1387 1114 1473 1199 quod
1500 1124 1537 1179 ut

134 1217 234 1279 sensit
257 1214 315 1302 (sc.
332 1214 434 1303 Nero)
458 1217 659 1303 trepidanter
676 1220 806 1283 effatus:
829 1222 918 1282 ἵππων
935 1223 964 1297 μ’
971 1222 1119 1282 ὠκυπόδων
1136 1220 1202 1301 ἀμφὶ
1217 1223 1317 1294 autnon
1333 1220 1417 1281 οὔατα
1432 1222 1536 1297 βάλλει

132 1318 255 1384 ferrum
281 1320 391 1405 iugulo
423 1320 548 1407 adegit,
575 1324 707 1387 iuvante
735 1323 958 1410 Epaphrodito
986 1347 1006 1388 a
1027 1322 1164 1389 libellis!
1205 1326 1314 1410 itaque
1343 1325 1399 1409 qui
1422 1346 1535 1388 versus

131 1422 202 1487 illos
229 1422 388 1490 Octaviae
416 1428 554 1513 scripsit,
585 1436 713 1513 turpem
740 1427 878 1493 Neronis
908 1431 995 1494 vitae
1026 1431 1150 1493 exitum
1181 1439 1382 1515 compertum
1412 1428 1534 1493 habuit.

131 1549 216 1613 quae
243 1551 298 1593 res
327 1552 402 1595 cum
429 1532 587 1597 acciderit
614 1555 642 1597 a.
665 1531 721 1615 68,
751 1532 888 1619 adparet
916 1532 1088 1597 Octaviam
1115 1533 1220 1598 tribus
1247 1534 1415 1597 minimum
1442 1535 1536 1598 annis

130 1640 204 1717 post
226 1643 361 1699 mortem
386 1634 540 1720 Senecae,
568 1639 623 1722 qui
646 1660 674 1701 a.
696 1636 738 1702 65
761 1659 779 1701 e
804 1639 870 1703 vita
898 1637 1077 1724 decessit,¹)
1106 1640 1323 1723 conscriptam
1351 1659 1430 1701 esse.
1476 1637 1534 1701 sed

131 1738 293 1803 accedunt
315 1737 370 1804 alii
392 1764 519 1828 quoque
541 1740 698 1807 Octaviae
721 1741 792 1825 loci,
817 1742 890 1807 dico
913 1766 967 1807 vv.
990 1742 1052 1806 728
1062 1765 1132 1829 sqq.
1158 1751 1191 1806 et
1215 1741 1287 1824 739,
1312 1741 1429 1827 quibus
1452 1742 1534 1827 Pop·

132 1868 215 1931 paea
238 1847 371 1911 caedem
387 1846 473 1909 Rufii
488 1844 638 1931 Crispini,
665 1848 716 1909 cui
739 1858 835 1910 antea
859 1849 1061 1911 matrimonio
1084 1849 1195 1911 iuncta
1214 1855 1293 1928 erat,
1317 1867 1377 1930 per
1392 1849 1533 1930 quietem

129 1976 164 2019 se
192 1952 394 2040 praevidisse
423 1950 510 2015 dicit.
556 1948 723 2035 Crispinus
754 1960 863 2015 autem
892 1951 947 2015 ille
976 1975 1006 2014 a.
1030 1951 1071 2016 66
1102 1951 1293 2015 interfectus
1324 1951 1412 2034 est.²)
1456 1951 1534 2014 item

128 2062 302 2146 Poppaeae
323 2057 425 2142 ipsius
449 2076 535 2119 mors
557 2077 611 2119 vv.
629 2054 768 2140 595sqq.
792 2055 1006 2141 praedicitur:

801 2160 900 2223 nnbat
922 2162 969 2223 bis
982 2161 1121 2247 flammis
1142 2182 1208 2223 nseo

451 2264 602 2349 Poppaea
624 2274 697 2327 nato
721 2266 838 2342 iuncta,
862 2287 940 2351 qaas
962 2265 1077 2328 oindesc
1098 2287 1209 2327 manos

450 2368 598 2453 dolorque
620 2369 731 2431 matris
753 2380 848 2432 vertet
871 2368 915 2431 ad
938 2369 1040 2432 tristes
1062 2392 1159 2462 roqos.

127 2496 281 2579 Poppaea
303 2513 381 2555 vero
405 2490 528 2575 aliquot
551 2490 717 2555 mensibus
741 2500 814 2576 post
830 2490 975 2555 Senecae
998 2500 1136 2555 mortem
1151 2513 1170 2553 a
1185 2490 1315 2554 Nerone
1339 2491 1437 2577 calcis
1460 2491 1530 2553 ictu

127 2600 234 2664 occisa
257 2594 345 2681 est.)
391 2617 466 2659 eum
489 2605 608 2678 autem,
638 2597 691 2679 qui
716 2594 891 2660 Octaviam
914 2597 1108 2682 composuit,
1132 2593 1241 2658 verbis
1268 2596 1382 2659 oindcn
1403 2617 1528 2672 neurius,

127 2724 209 2788 quae
225 2700 320 2766 modo
336 2699 537 2785 protulimus,
556 2710 632 2763 etv.
650 2698 714 2764 255
727 2721 784 2784 sq,
809 2699 865 2764 ubi
880 2698 1039 2764 Octaviae
1062 2700 1175 2763 nutrix
1197 2698 1362 2763 dominam
1386 2700 1528 2764 consola-

127 2818 199 2873 tura
222 2806 418 2891 suspieatur:
442 2803 586 2890 forsitan
609 2806 725 2868 vindere
747 2806 821 2868 deas
840 2808 845 2889 l
865 2806 972 2868 eristet
995 2804 1120 2889 aliquis,
1145 2803 1246 2866 laetas
1269 2814 1297 2865 et
1325 2805 1423 2867 venia
1453 2804 1527 2885 dies,

125 2912 243 2976 Iulium
267 2909 441 2973 Vindicem
469 2909 651 2993 significare
675 2910 826 2994 voluisse,
856 2911 946 2973 ouius
973 2910 1176 2994 potissimum
1204 2906 1335 2971 defectu
1358 2908 1445 2972 Nero
1472 2909 1528 2971 im-

125 3018 215 3102 perio
244 3013 375 3079 orbatus
404 3023 462 3097 est,
492 3014 578 3100 quod
601 3014 742 3077 Vaterus
772 3014 807 3099 (l.
830 3037 857 3078 c.
878 3037 910 3100 p.
928 3012 1006 3100 595)
1035 3014 1183 3095 coniecit,
1211 3013 1281 3075 veri
1303 3033 1369 3075 non
1395 3033 1527 3097 prorsus

125 3118 280 3184 dissimile
304 3128 361 3200 est,
390 3119 517 3181 etiamsi
539 3140 590 3180 res
618 3140 676 3204 pro
698 3126 787 3182 'certo
811 3117 976 3183 adfirmari
999 3118 1125 3202 nequit3
1163 3138 1239 3181 nam
1262 3114 1378 3179 similia
1399 3116 1527 3199 saepius

124 3226 158 3287 in
175 3226 291 3287 ceteris
306 3221 481 3306 tragoediis
490 3219 658 3303 leguntur,
682 3221 783 3286 veluti
800 3221 938 3285 Phaedr.
955 3221 1033 3285 261:
1055 3221 1147 3305 proin
1170 3220 1325 3284 castitatis
1346 3219 1526 3282 viridicern

125 3349 279 3390 armemus
310 3347 468 3402 monum,
501 3324 599 3388 Herc.
621 3326 658 3389 F.
673 3325 751 3390 385:
782 3326 921 3411 seqnitur
950 3324 1095 3410 superbos
1124 3324 1226 3387 altor
1255 3348 1277 3387 o
1306 3333 1391 3409 terqo
1423 3324 1525 3400 deas,

124 3432 212 3495 Med.
228 3431 358 3515 172qu
375 3429 514 3515 sopiam,
539 3440 572 3491 ot
595 3429 730 3493 clencan
745 3432 846 3515 prins.
870 3430 1031 3514 {vindex
1052 3439 1232 3514 sequetur.
1278 3436 1388 3493 tamen
1411 3426 1454 3491 ad
1477 3450 1524 3504 ea,

124 3558 207 3621 quae
222 3536 365 3599 Ritterus
383 3543 415 3597 et
429 3534 569 3597 Vaterus
585 3534 797 3620 protulerunt,
818 3534 850 3598 id
868 3555 995 3620 quoque
1011 3532 1089 3597 addi
1105 3542 1219 3619 potest,
1237 3530 1310 3597 Oct.
1320 3555 1374 3597 vv.
1385 3531 1523 3616 831sqq.

124 3640 245 3704 Rornae
272 3636 469 3720 incendium,
497 3637 583 3722 quod
607 3662 635 3703 a.
657 3638 700 3702 64
722 3638 845 3703 facturn
869 3660 939 3701 esse
964 3647 1100 3723 constat,
1128 3639 1249 3723 apertis
1272 3636 1381 3701 verbis
1405 3636 1524 3719 signifi·

124 3747 199 3809 cari.
228 3746 317 3829 atqui
334 3742 488 3807 credibile
508 3765 573 3807 non
589 3753 638 3806 est
653 3744 812 3808 Senecam
828 3742 936 3828 paullo
953 3752 1028 3807 ante
1044 3753 1180 3807 mortem
1203 3743 1270 3806 eius
1286 3742 1332 3806 rei
1354 3742 1388 3804 in
1412 3738 1524 3804 fabula

124 3848 264 3934 quadam
286 3849 482 3911 mentionem
505 3846 629 3911 fecisse.
675 3848 724 3911 bis
747 3848 846 3932 igitur
869 3849 975 3911 causis
999 3848 1202 3911 extrinsecus
1225 3846 1333 3932 petitis
1350 3843 1523 3909 Octaviam

123 3976 142 4017 a
165 3952 202 4016 L.
220 3952 260 4015 A.
279 3950 404 4016 Seneca
428 3953 645 4037 conscriptam
667 3974 732 4016 non
756 3973 826 4015 esse
848 3952 1014 4037 probatur.
1059 3946 1202 4036 id'quod
1226 3950 1425 4033 argumentis
1448 3969 1523 4033 quo·

123 4078 185 4143 que
209 4079 250 4120 ex
271 4057 344 4142 ipsa
367 4056 535 4146 tragoedia
559 4058 736 4142 desumptis
759 4054 893 4142 planum
914 4056 961 4119 fit.
991 4058 1025 4119 in
1041 4053 1179 4119 Octavia
1203 4055 1290 4117 enim
1311 4076 1366 4116 vv,
1380 4052 1521 4139 atosqq.

122 4162 248 4227 Seneca
277 4162 347 4246 ipse
378 4160 542 4225 inducitur
570 4169 601 4224 et
630 4161 707 4225 talia
733 4159 871 4246 profert,
904 4160 1011 4245 qualia
1039 4182 1112 4223 eum
1139 4159 1246 4244 ipsum
1273 4180 1308 4221 se
1337 4157 1522 4241 loquentem

123 4268 239 4331 fecisse
261 4287 392 4351 prorsus
408 4264 600 4329 incredibile
615 4266 665 4329 sit.
703 4264 842 4347 accedit,
866 4264 1066 4350 quodetiam
1089 4264 1220 4328 dicendi
1242 4284 1363 4347 genere
1384 4260 1522 4325 Octavia

226 4510 245 4576 ¹)
264 4510 303 4560 ef.
323 4511 410 4559 Taciti
429 4511 498 4559 Anu.
511 4510 561 4559 XV
574 4512 616 4560 63.

225 4598 246 4662 Ἰ)
266 4597 306 4646 cf.
325 4597 414 4647 Taciti
430 4596 499 4647 Ann.
513 4598 577 4647 XVI
591 4600 630 4648 17.

224 4686 246 4752 ²)
266 4682 305 4734 Of.
325 4684 397 4734 Suet.
411 4684 473 4735 Ner.
487 4687 520 4734 35
539 4689 567 4735 et
585 4686 648 4735 Tac.
661 4683 730 4736 Ann.
743 4684 807 4735 XVI
821 4687 844 4735 6.
