3392 5067
1453 207 1493 271 97

94 400 225 466 insolito
253 401 515 487 obstupefactum
541 402 718 487 designari,
742 403 851 487 fragili
874 404 957 467 bono
981 400 1074 467 aulae
1097 411 1205 466 autem
1229 402 1495 466 neminematto-

94 508 200 570 nitum
232 507 297 570 diei
331 528 425 591 posse
463 508 525 570 nisi
560 528 648 591 eum,
684 490 739 594 qui
773 530 932 573 summam
966 528 1075 571 rerum
1108 504 1286 591 aulicarum
1319 505 1496 586 ¹uanitatem

93 610 226 695 penitus
242 612 455 696 perspexerit.
481 610 599 675 deinde
614 633 785 676 numerum
801 612 998 695 singularem
1018 610 1095 673 boae
1118 631 1182 673 non
1205 617 1293 671 recte
1317 606 1496 671 adhibitum

94 736 164 777 esse
190 713 233 776 de
255 715 345 798 regia
367 714 505 780 fortuna.
535 737 632 800 quam
656 716 697 780 ob
720 712 790 780 rem
813 714 997 779 cultubono
1020 713 1230 779 scribendum
1254 734 1323 775 esse
1348 712 1496 798 opinatus

94 827 151 881 est.
201 818 261 882 sed
288 840 370 904 quae
394 819 562 883 Baehrens
590 830 703 914 contra
729 822 923 907 scripturam
940 819 1059 907 frupili
1081 818 1155 882 boue
1183 816 1314 903 profert,
1339 817 1396 879 vix
1420 823 1497 901 apta

94 922 136 986 ad
164 923 431 1008 persuadendum
457 924 537 988 mihi
560 924 738 996 videntur„
765 948 841 989 nam
862 924 998 1012 fallacis
1026 923 1118 987 uulua
1145 922 1223 985 bouo
1252 922 1399 984 attonitus
1423 921 1443 983 i.
1468 942 1495 982 e.

94 1026 327 1114 obstupefactus
355 1027 420 1090 diei
447 1050 512 1093 non
538 1037 645 1114 potest
670 1030 732 1093 nisi
759 1032 800 1109 is,
825 1031 879 1115 qui
902 1050 1010 1093 rerum
1036 1027 1224 1108 aulicarum,
1250 1034 1286 1088 ut
1310 1024 1497 1108 Baehrensii

94 1130 200 1195 verba
231 1141 388 1217 repetam,
423 1133 599 1197 vanitatem
630 1143 837 1218 perspectam
869 1155 932 1198 non
961 1132 1069 1196 habet.
1116 1152 1194 1196 sane
1224 1132 1260 1211 is,
1293 1131 1347 1215 qui
1379 1138 1496 1214 stupet,
1563 1123 1565 1135 ’

94 1238 200 1300 nescit
222 1236 382 1321 fulgorem
404 1237 494 1302 illum
516 1240 619 1322 primo
642 1248 768 1302 tantum
792 1238 906 1303 obtutu
930 1236 1040 1301 oeulos
1063 1235 1251 1311 obcaecare,
1280 1235 1384 1297 nescit
1406 1233 1497 1315 regni

95 1340 219 1405 bonum
242 1340 366 1424 fragile,
390 1341 498 1405 aulam
522 1341 672 1406 fallacem
696 1364 780 1425 esse,
812 1364 888 1406 nam
912 1343 938 1405 si
961 1363 999 1405 ea
1023 1342 1128 1424 sciret,
1152 1362 1216 1403 non
1239 1346 1392 1422 stuperet.
1440 1336 1498 1401 sed

95 1448 221 1522 nutrix,
254 1467 338 1530 quae
371 1469 423 1509 res
457 1448 576 1531 optime
611 1448 756 1529 cognitas
790 1446 899 1528 habet,
935 1444 1033 1509 adicit
1063 1443 1144 1507 haec
1175 1442 1353 1505 adtributa:
1385 1442 1497 1525 primo,

91 1548 219 1634 frapili,
237 1550 381 1636 fallacis.
428 1550 598 1635 singularis
632 1574 785 1616 numerus
819 1562 928 1615 autem
963 1549 1128 1613 offensioni
1164 1568 1234 1611 esse
1268 1548 1389 1631 nequit,
1424 1568 1499 1609 cum

97 1653 200 1717 verba
231 1653 308 1718 bono
332 1654 470 1741 fallacis
500 1656 595 1719 aulae
627 1654 708 1719 nihil
744 1655 832 1720 aliud
863 1654 1047 1739 significent
1077 1674 1174 1738 quam
1210 1650 1295 1735 quod
1325 1649 1413 1734 apud
1444 1648 1497 1713 Se-

98 1778 213 1821 necam
238 1757 321 1822 Oed.
345 1759 365 1821 b
388 1759 524 1843 legimus
547 1783 564 1822 0
580 1759 695 1846 fallare
717 1759 828 1823 bouum
854 1759 981 1846 (109111).
1028 1766 1172 1821 ceterum
1198 1777 1331 1819 necesse
1358 1776 1423 1818 non
1451 1762 1500 1815 est

99 1884 172 1925 cum
193 1862 394 1927 Baehrensio
418 1864 614 1947 coniungere
638 1863 715 1926 boue
739 1864 901 1927 attonitus:
927 1863 1024 1927 immo
1047 1860 1209 1925 ablativus
1232 1859 1274 1922 ad
1294 1858 1499 1945 participium

99 1978 206 2049 eaptus
234 1970 398 2052 pertinere
420 1967 588 2052 videtur.¹)
635 1970 821 2031 coniectura
844 1988 921 2031 vero
946 1990 967 2031 a
989 1962 1193 2033 Baehrensio,
1215 1962 1402 2027 dubitanter
1429 1982 1498 2048 pro-

100 2072 163 2135 lata
186 2071 276 2134 cultu
299 2071 380 2134 boue
407 2070 628 2136 infelicissima
657 2082 719 2153 est,
748 2093 821 2135 eum
852 2071 1034 2135 coniunctio
1057 2067 1231 2132 verborum
1249 2066 1378 2153 fulpore
1396 2067 1499 2150 primo

100 2188 207 2260 captus
234 2187 262 2241 et
289 2175 376 2239 cultu
404 2198 445 2239 ne
475 2178 510 2240 in
537 2176 693 2241 Octaviae
725 2177 880 2262 scriptore
909 2174 1040 2260 quidem
1068 2173 1145 2236 ferri
1167 2172 1282 2257 possit,
1307 2168 1498 2234 Buecheleri

101 2289 207 2343 autem
236 2292 268 2343 01
291 2280 410 2345 Leonis
438 2283 643 2345 coniecturae
670 2280 744 2343 ideo
770 2278 956 2343 reiciendas
984 2287 1072 2359 sunt,
1101 2278 1176 2362 quia
1203 2278 1364 2359 scriptura
1379 2274 1501 2361 fragili

102 2383 185 2460 boreo,
211 2406 296 2470 quae
314 2407 356 2447 ex
375 2408 410 2448 10
434 2385 733 2470 palaeographicae
755 2406 820 2447 non
842 2386 947 2447 minus
970 2381 1106 2464 adridet,
1132 2402 1229 2467 quam
1253 2380 1340 2465 quod
1363 2379 1407 2443 illi
1430 2400 1499 2465 pro-

103 2488 253 2569 tulerunt,
284 2490 392 2553 sensui
421 2488 521 2553 multo
552 2492 654 2572 magis
686 2491 838 2551 convenit
867 2510 964 2573 quam
984 2486 1072 2573 faeie
1095 2508 1175 2549 nove
1201 2484 1254 2547 vel
1282 2483 1383 2547 simile
1412 2483 1499 2568 quid.

103 2591 324 2657 desideramus
359 2595 444 2657 enim
478 2593 614 2679 aliquid,
650 2592 734 2678 quod
767 2615 809 2656 01
840 2593 974 2655 nutricis
1005 2612 1103 2654 sensu
1137 2589 1259 2653 dictum
1294 2587 1500 2672 fragilitatem

101 2700 207 2780 regiae
235 2697 442 2781 condicionis,
472 2700 498 2760 si
524 2700 569 2761 ita
592 2697 701 2760 dicere
728 2696 814 2775 licet,
838 2706 950 2781 aperte
974 2694 1144 2779 significet.
1190 2692 1304 2756 melius
1331 2694 1439 2774 igitur,
1468 2693 1502 2754 ni

101 2800 202 2884 fallor,
225 2802 357 2865 fecisset
380 2802 457 2886 Leo,
481 2804 506 2863 si
531 2824 604 2864 eum
628 2801 745 2864 ceteris
769 2798 946 2863 editoribus
963 2797 1082 2885 fragili
1103 2797 1180 2860 bono
1206 2798 1397 2881 scripsisset.

203 2905 303 2969 Vario
326 2905 420 2971 modo
444 2928 476 2967 v.
500 2905 542 2967 36
569 2906 695 2968 initium
722 2906 756 2967 in
779 2901 949 2967 codicibus
979 2912 1148 2965 exaratum
1171 2923 1242 2964 esse
1265 2899 1416 2977 vidimus,
1445 2900 1503 2963 sed

103 3020 190 3093 patet
216 3009 315 3073 1111110
333 3009 552 3074 ‘scribendum
579 3031 659 3073 esse.
705 3030 780 3072 nam
808 3008 897 3092 quod
927 2990 1095 3071 in'multis
1122 3004 1212 3069 libris
1241 3013 1333 3068 extat
1359 3003 1414 3067 sub
1441 3026 1502 3067 uno

103 3122 234 3199 propter
256 3122 394 3178 metrum
418 3114 495 3177 ferri
521 3115 643 3198 nequit,
673 3113 822 3176 codicum
846 3112 889 3173 M
906 3120 939 3174 et
962 3111 1000 3173 N
1017 3112 1210 3195 scripturam
1237 3118 1346 3173 autem
1369 3130 1431 3170 urm
1461 3130 1504 3171 ex

105 3219 289 3281 coniectura
315 3218 388 3282 Itali
416 3217 584 3282 cuiusdam
611 3227 721 3281 natam
750 3239 820 3280 esse
849 3215 1056 3281 manifestum
1080 3223 1138 3277 est.
1185 3235 1283 3298 quam
1306 3212 1402 3276 facile
1426 3234 1502 3275 vero

105 3344 144 3384 01
173 3316 276 3385 subito
309 3322 426 3385 suburae
461 3324 600 3385 existere
636 3323 790 3406 potuerit,
826 3323 883 3384 vix
916 3330 965 3384 est
996 3319 1081 3404 quod
1114 3317 1291 3383 ostendam.
1338 3318 1504 3401 quaeritur

106 3436 221 3509 autem,
246 3448 324 3490 num
347 3449 414 3489 vox
436 3427 570 3503 latentis,
600 3449 697 3512 quam
722 3448 833 3490 omnes
862 3424 991 3489 codices
1019 3423 1191 3509 praebent,
1220 3424 1362 3505 genuina
1389 3422 1504 3486 haberi

106 3532 211 3613 possit.
248 3554 290 3594 01
312 3530 528 3615 Raphelengii
559 3533 645 3593 enim
676 3532 862 3593 coniectura
894 3528 1077 3593 Gronovius
1104 3526 1209 3591 Bothe
1238 3526 1341 3589 Ritter
1370 3526 1504 3590 Richter

107 3632 237 3697 tubantis
263 3657 321 3719 pro
351 3634 472 3697 lateatis
502 3645 709 3719 receperunt,
742 3634 829 3718 quod
857 3634 960 3696 Leoni
991 3653 1093 3717 aeque
1124 3653 1162 3694 ac
1192 3630 1311 3693 tradita
1342 3631 1504 3715 scriptura

108 3736 266 3824 displicuit
297 3740 354 3820 ita,
387 3750 424 3802 ut
452 3738 618 3802 1110010111ἱο
645 3737 854 3802 scribendum
882 3759 952 3801 esse
981 3739 1143 3800 coniceret
1173 3734 1254 3797 haec
1282 3734 1504 3820 disputarunt)

109 3843 147 3905 od
180 3843 346 3906 Fortunam
385 3866 449 3907 11011
483 3844 583 3928 speum
616 3853 816 3920 corruentem,
851 3843 904 3904 sed
936 3842 1050 3926 impetu
1081 3862 1135 3903 suo
1170 3840 1292 3901 domum
1322 3841 1504 3924 stirpemque

210 4071 373 4135 1)111101111111
395 4086 455 4119 cum
474 4072 555 4119 verbo
578 4078 660 4134 stupet
683 4070 881 4134 coniugendum
900 4075 952 4132 est,
976 4068 1009 4118 of.
1029 4069 1087 4118 Oct.
1108 4069 1158 4117 699
1176 4066 1240 4117 uidit
1258 4070 1385 4128 attonitus,
1403 4067 1503 4116 Phaod.

112 4159 154 4207 729
178 4161 269 4221 111101ιί1
287 4160 414 4216 attonitum,
438 4157 502 4207 Oed.
524 4159 590 4206 1004
615 4160 719 4206 0111111110
738 4163 760 4206 01
771 4158 866 4220 surena
885 4156 992 4221 abstulit,
1017 4155 1076 4204 ΗΟ.
1096 4157 1162 4203 1024
1182 4152 1293 4221 (Phoen.
1314 4155 1374 4220 423)
1398 4156 1504 4203 attonitu

104 4245 175 4310 fuqr't.
206 4260 260 4294 nno
278 4244 338 4293 loeo
357 4246 477 4297 atterritus
495 4260 555 4293 eum
574 4243 693 4294 ablativo
716 4245 891 4292 coniunctum
915 4241 1028 4306 legitur:
1054 4240 1125 4305 Thy:
1146 4244 1241 4307 blsssq.
1264 4257 1339 4306 saepe
1359 4240 1505 4290 simulacris

110 4330 192 4382 (11111111
207 4332 212 4396 Ι
227 4335 334 4381 attonita
351 4334 457 4397 maguis.

208 4416 230 4485 2)
249 4420 326 4480 Quod
355 4421 377 4468 si
407 4421 550 4469 statuimus
578 4418 695 4469 litteram
722 4437 738 4467 r
764 4417 940 4478 intercidisse,
972 4415 1104 4479 quomodo
1133 4429 1166 4463 01
1196 4414 1328 4465 FAGILI
1355 4421 1442 4464 ortum
1471 4416 1505 4463 sit

113 4503 243 4567 FAOILI,
261 4520 340 4555 nemo
359 4521 413 4554 non
431 4506 574 4571 intellegit.
618 4496 632 4517 ⁹

209 4591 279 4658 3)111
297 4595 408 4643 1110111110
425 4594 604 4654 vindictarum,
623 4608 691 4659 quae
710 4594 810 4641 inserta
829 4600 870 4641 est
889 4590 942 4641 vol.
961 4591 988 4639 H
1007 4592 1057 4639 371
1067 4606 1124 4655 sqq.

157 4686 325 4727 Dissertationes
339 4686 415 4737 philol.
431 4686 575 4727 vinosum.
593 4692 611 4727 1.
1333 4676 1348 4723 7
