3392 5067
262 1258 388 1345 Corpus
408 1258 661 1342 tragoediarum,
685 1279 769 1343 quae
791 1258 830 1321 L.
847 1256 976 1321 Annaei
992 1254 1136 1321 Senecae
1160 1278 1276 1321 nomen
1298 1257 1332 1320 in
1353 1255 1444 1321 libris
1455 1278 1557 1321 manu

156 1366 286 1450 scriptis
309 1386 388 1450 prae
404 1386 439 1428 se
462 1363 580 1447 ferunt,
605 1362 731 1428 duobus
748 1362 898 1427 codicum
918 1360 1091 1445 generibus
1111 1361 1205 1426 nobis
1227 1360 1384 1425 traditum
1400 1371 1457 1441 est,
1482 1383 1557 1447 quo-

155 1490 229 1533 rum
257 1468 395 1533 alterum
418 1467 525 1532 littera
547 1468 580 1531 E
601 1467 642 1532 ab
667 1467 843 1532 editoribus
867 1467 1066 1550 insignitum,
1085 1466 1181 1554 ,cuius
1204 1466 1356 1549 princeps
1379 1475 1428 1529 est
1452 1466 1557 1529 codex

155 1572 314 1638 Etruscus
352 1576 422 1638 sive
455 1572 661 1637 Florentinus
699 1570 915 1636 bibliothecae
945 1570 1183 1635 Laurentianae
1213 1570 1292 1655 plut.
1316 1569 1488 1634 XXXVII
1506 1570 1556 1655 13,

155 1680 296 1763 scriptus
326 1698 411 1743 saec.
433 1678 484 1743 XI
506 1676 560 1741 vel
582 1676 659 1761 XII,
691 1676 804 1740 melius
834 1687 932 1761 atque
963 1674 1164 1739 emendatius
1192 1683 1240 1738 est
1269 1676 1324 1752 ita,
1355 1683 1391 1739 ut
1418 1673 1460 1737 ab
1488 1674 1557 1738 eius

156 1784 324 1869 scripturis
341 1784 469 1846 omnino
492 1780 766 1868 proficiscendum
789 1781 830 1844 sit
852 1782 886 1843 in
902 1778 1078 1863 tragoediis
1100 1779 1163 1843 illis
1177 1778 1394 1856 recensendis,
1418 1777 1557 1842 alterum

156 1886 299 1951 deterius
327 1886 447 1973 (littera
474 1886 504 1949 A
532 1886 566 1951 id
593 1885 747 1971 notatur),
776 1886 819 1949 ad
847 1884 933 1970 quod
960 1884 1092 1969 plurimi
1117 1886 1281 1969 pertinent
1308 1882 1453 1965 codices,
1484 1893 1557 1967 post

154 2012 239 2056 saco.
261 1992 364 2055 XIIII
385 1991 529 2055 medium
552 1991 678 2056 exarati
701 2012 821 2073 omnes,
845 1990 954 2054 multis
976 1986 1278 2073 interpolationibus
1301 1987 1468 2052 foedatum
1496 1995 1555 2051 est.

154 2097 323 2181 utriusque
350 2118 427 2160 vero
457 2098 654 2161 recensionis
686 2097 866 2181 scripturae
895 2096 1086 2159 coniunctae
1115 2094 1323 2157 inveniuntur
1352 2094 1386 2156 in
1413 2094 1556 2179 quinque

153 2199 238 2265 foliis
260 2203 424 2287 rescriptis
446 2223 466 2265 a
486 2199 654 2265 Friderico
671 2198 847 2263 Ritscholio
871 2200 956 2263 inter
970 2198 1204 2263 Ambrosianas
1219 2197 1326 2261 Plauti
1348 2196 1556 2261 membranas

154 2304 202 2389 (in
226 2305 338 2368 codice
362 2305 581 2370 Ambrosiano
609 2303 715 2391 (382)
743 2306 892 2391 repertio,
919 2326 1002 2389 quae
1026 2302 1170 2369 Senecae
1193 2302 1331 2367 Medeae
1354 2325 1468 2367 versus
1493 2301 1555 2365 196

153 2407 274 2487 -274,
304 2409 477 2473 694-744
504 2418 537 2474 et
560 2408 678 2495 Oedipi
701 2408 889 2495 395-432,
917 2407 1089 2473 508--545
1117 2406 1284 2490 exhibent,
1313 2409 1400 2471 etin
1428 2407 1556 2471 duobus

154 2512 299 2577 Senecae
321 2513 563 2598 tragoediarum
586 2513 763 2596 codicibus,
788 2536 868 2599 quos
892 2512 1079 2578 Fridericus
1095 2513 1173 2597 Leo,
1197 2514 1248 2575 vir
1270 2510 1324 2575 ille
1347 2512 1387 2575 de
1411 2511 1555 2577 Senecae

152 2617 271 2683 fabulis
295 2620 414 2704 optime
440 2620 574 2683 meritus
603 2619 757 2697 editione,
787 2640 871 2705 quae
897 2618 1017 2705 prodiit
1038 2617 1181 2683 Berolini
1211 2639 1286 2681 ann.
1309 2614 1461 2698 tarasia,
1485 2618 1555 2701 ipse

153 2724 298 2807 repperit
321 2733 353 2787 et
375 2726 498 2809 primus
522 2724 666 2787 excussit
681 2760 722 2769 -
738 2726 771 2787 in
794 2722 1011 2788 Ambrosiano
1027 2722 1061 2783 D
1082 2720 1146 2785 276
1166 2720 1222 2785 inf.
1248 2721 1314 2806 (M)
1339 2729 1372 2783 et
1394 2720 1554 2785 Vaticano

152 2826 207 2890 lat.
226 2826 308 2891 1769
326 2826 345 2912 (
344 2827 382 2889 N
374 2828 404 2913 ),
429 2829 607 2891 communis
630 2825 802 2913 archetypi
827 2829 886 2913 (Σ)
911 2827 1116 2913 apographis.
1161 2823 1369 2888 nihilominus
1391 2832 1500 2888 tamen
1524 2833 1555 2887 et

152 2930 228 2995 folia
258 2931 313 2996 illa
347 2934 506 3017 rescripta
533 2930 787 2996 Mediolanensia
819 2932 926 2996 littera
953 2932 985 2994 R
1016 2955 1036 2996 a
1064 2929 1224 2995 Guilelmo
1253 2927 1488 2993 Studemundio
1516 2929 1554 2991 si·

152 3046 251 3119 gnata
260 3036 285 3121 ¹)
312 3046 411 3121 atque
439 3036 675 3101 Ambrosianus
703 3035 756 3100 ille
785 3046 816 3099 ct
838 3036 1018 3101 Vaticanus
1046 3058 1088 3098 ex
1114 3034 1246 3098 meliore
1273 3035 1462 3097 recensione
1492 3031 1552 3117 (E)

151 3140 331 3221 fluxerunt,
358 3163 435 3206 nam
458 3140 656 3206 deteriorum
680 3142 829 3207 codicum
857 3143 1048 3228 scripturae,
1077 3162 1159 3227 quae
1186 3142 1220 3203 in
1242 3138 1304 3202 illis
1331 3139 1553 3219 inveniuntur,

152 3246 186 3309 in
210 3246 462 3332 exemplaribus,
487 3270 530 3311 ex
554 3247 670 3333 quibus
693 3248 725 3311 E
743 3257 775 3311 et
794 3253 822 3313 Σ
843 3248 1001 3332 originem
1024 3247 1197 3325 duxerunt,
1221 3244 1263 3309 ad
1287 3228 1430 3329 genuina
1451 3243 1554 3308 verba

150 3350 336 3436 adscriptae
358 3351 457 3416 fuisse
481 3351 641 3416 videntur.
650 3353 676 3432 ²)
716 3352 780 3418 duo
804 3363 912 3419 autem
935 3352 990 3417 illa
1013 3352 1162 3416 codicum
1185 3372 1307 3433 genera
1329 3350 1395 3412 iam
1417 3368 1552 3412 numero

150 3455 399 3538 tragoediarum,
428 3478 509 3541 quas
526 3459 708 3540 continent,
736 3468 768 3522 et
791 3458 913 3538 ordine,
938 3478 1000 3542 quo
1025 3479 1078 3520 eas
1101 3455 1266 3535 exhibent,
1298 3455 1382 3518 inter
1406 3476 1440 3518 se
1464 3452 1553 3517 diffe-

149 3566 234 3623 runt.
281 3562 400 3625 etenim
427 3562 461 3624 in
488 3561 626 3627 Etrusco
660 3562 751 3649 (nam
779 3562 901 3627 codicis
928 3562 1067 3627 Parisini
1095 3559 1178 3624 8071
1207 3558 1357 3623 Thuanei
1384 3568 1551 3644 excerpta,

258 3754 276 3817 ¹)
296 3754 335 3804 cf.
350 3755 408 3803 eius
428 3755 572 3819 epistulam
591 3756 619 3803 in
638 3756 737 3805 Leonis
755 3756 796 3805 ed.
809 3755 912 3819 vohss,
931 3774 956 3821 p.
970 3756 1059 3820 XVsq.

254 3840 275 3907 2)
295 3841 334 3891 Of.
349 3856 388 3903 ea,
407 3856 477 3905 quae
490 3841 659 3891 Studemnnd
678 3842 695 3891 l.
709 3858 731 3892 o.
744 3860 769 3909 p.
783 3843 902 3893 XXVIII
921 3844 1080 3909 disputarit:
1100 3844 1155 3891 ‘aut
1174 3843 1264 3891 omnia
1281 3855 1325 3890 me
1342 3839 1442 3890 fallunt
1460 3844 1508 3889 aut
1526 3840 1552 3891 R

148 3944 181 3979 ex
200 3928 293 3979 codem
312 3929 458 3994 archetypo
477 3929 611 3978 derivatus
631 3934 678 3992 est,
698 3946 730 3979 ex
743 3946 795 3996 quo
808 3930 853 3981 E.
869 3970 895 3980 ..
915 3931 985 3996 quod
1004 3936 1094 3979 autem
1113 3929 1174 3979 aliis
1192 3944 1243 3979 nec
1260 3929 1354 3994 paucis
1373 3927 1439 3976 locis
1452 3926 1551 3976 Reum

147 4017 170 4066 A
184 4018 326 4078 consentit,
345 4016 373 4065 id
390 4015 470 4065 facile
483 4016 544 4065 Tibi
563 4016 712 4067 concedent
729 4018 780 4067 riri
792 4018 865 4067 docti
883 4020 924 4067 ita
936 4017 1123 4083 explicandum
1138 4032 1203 4078 esse,
1222 4021 1252 4065 ut
1271 4020 1428 4076 statuamus,
1447 4016 1476 4063 in
1489 4028 1551 4063 eum

147 4102 268 4153 codicem
287 4102 462 4168 deperditum,
476 4117 509 4152 ex
521 4119 575 4169 quo
586 4103 612 4153 R
621 4104 768 4170 descriptus
780 4110 828 4167 est,
841 4105 946 4170 aliquot
958 4105 1088 4155 lectiones
1101 4106 1209 4153 arbitrio
1223 4104 1378 4153 correctoris
1391 4102 1505 4153 selectas
1518 4117 1551 4151 ex

145 4189 310 4255 interpolata
327 4191 544 4240 recensione...
565 4190 654 4241 illatas
672 4191 763 4242 fuissc'
781 4198 892 4257 atquae
906 4193 961 4242 Leo
980 4192 1033 4242 vol.
1046 4192 1060 4240 I
1078 4209 1102 4257 p.
1118 4195 1131 4240 7
1146 4192 1179 4241 de
1198 4193 1332 4241 communi
1347 4191 1469 4239 codIcum
1488 4196 1550 4245 Am.

145 4276 217 4326 bros.—
232 4283 260 4327 et
273 4278 360 4327 Vatic.
373 4277 519 4342 archetypo
531 4281 560 4329 Σ
569 4278 705 4329 disseruit:
726 4280 882 4329 ‘innumeris
895 4281 1024 4346 exemplis
1038 4281 1190 4341 edocemur,
1207 4283 1236 4329 Σ
1246 4278 1383 4344 exemplar
1403 4279 1485 4331 fuisse
1504 4300 1549 4348 ge·

146 4363 248 4412 nuinae
277 4362 401 4412 editionis
420 4362 548 4414 collatum
571 4382 632 4415 cum
656 4366 834 4432 interpolatae
853 4368 1008 4433 exemplari,
1026 4382 1041 4417 e
1060 4384 1113 4433 quo
1132 4369 1234 4417 variam
1253 4366 1397 4417 lectionem
1416 4376 1549 4421 corrector

149 4449 297 4501 adnotavit.
337 4466 417 4516 quam
436 4451 481 4501 vel
503 4452 572 4502 alter
590 4452 635 4503 vel
652 4460 766 4520 uterque
784 4456 813 4504 in
830 4456 972 4506 verborum
990 4461 1146 4506 contextum
1165 4458 1267 4520 recepit
1284 4457 1434 4521 marginive
1452 4459 1548 4507 variae

144 4537 270 4587 lectionis
292 4538 352 4588 loco
376 4538 513 4603 adpinxit,
541 4539 584 4589 vel
608 4540 724 4606 denique
747 4547 891 4608 utramque
914 4544 1071 4608 scripturam
1097 4544 1262 4593 coniunxere
1285 4544 1410 4593 variaeve
1440 4549 1545 4608 partem

144 4630 250 4675 mutum
270 4626 412 4692 recepere'.

1360 4717 1390 4765 lit·
