3392 5067
357 245 481 309 134

354 435 643 519 Theogn.
694 435 817 498 817
877 431 1089 516 Κύρν’,
1148 431 1356 521 ἔμπης
1401 436 1441 498 ὅ
1476 459 1539 497 τι
1594 440 1789 517 μοῖρα
1833 436 2098 512 παθεῖν,
2163 439 2274 497 οὐκ
2319 429 2468 499 ἔσθ’
2500 435 2834 517 ὑπαλύξαι,
2898 436 3024 501 Sol.
3076 438 3157 500 23

353 541 590 622 ὄλβιος,
640 536 688 627 ᾧ
737 538 968 617 παῖδές
1011 562 1078 602 τε
1125 536 1303 621 φίλοι
1350 536 1456 602 καὶ
1502 540 1780 622 μώνυχες
1824 538 2026 601 ἵπποι
2066 536 2073 621 Ι
2113 535 2223 601 καὶ
2266 542 2442 617 κύνες
2495 539 2787 622 ἀγρευταὶ
2831 539 2938 605 καὶ
2985 540 3159 620 ξένος

353 645 736 726 ἀλλοδαπός,
788 641 1085 726 Xenoph.
1130 642 1190 723 2,
1235 642 1274 703 2
1330 638 1495 707 ἔνθα
1540 693 1551 704 .
1589 693 1601 705 .
1639 693 1652 705 .
1696 639 1980 724 τέμενος,
2029 641 2318 725 Theogn.
2369 644 2444 705 17
2493 645 2634 708 ὅττι
2678 645 2885 725 καλόν,
2945 645 3029 708 34
3074 642 3160 710 ὧν

352 749 590 833 μεγάλη
639 749 921 832 δύναμις,
968 747 1094 810 336
1141 750 1285 833 ἥντε
1330 747 1552 827 λαβεῖν
1597 746 1896 826 χαλεπόν,
1955 745 2077 807 631
2123 740 2299 831 ᾧτινι
2351 748 2722 832 (Emperius
2763 745 2876 835 ᾧτ’
2907 746 3028 834 ἔνι)
3075 757 3158 836 μὴ

353 856 567 937 θυμοῦ
606 851 887 937 κρέσσων
917 855 1079 932 νόος,
1115 852 1241 914 636
1274 845 1344 915 οἳ
1368 860 1473 914 νῦν
1508 902 1519 913 .
1558 902 1569 913 .
1602 900 1613 910 .
1649 848 1874 933 ὀλίγοι,
1915 848 2079 912 1186
2121 848 2189 915 οἳ
2223 857 2464 917 τούτων
2503 852 2883 940 ἀμφοτέρων
2912 852 3155 938 ταμίαι.

353 967 695 1040 praeterea
752 958 1063 1019 omittitur
1116 956 1182 1017 in
1230 955 1557 1018 enuntiato
1606 955 2067 1036 interrogativo
2115 953 2404 1037 Theogn.
2454 956 2581 1018 996
2626 955 2839 1045 γνοίης
2884 952 2942 1039 χ’
2965 959 3159 1023 ὅσσον

353 1061 513 1127 ὄνων
565 1059 897 1145 κρέσσονες
948 1058 1223 1149 ἡμίονοι,
1280 1069 1424 1143 post
1481 1059 1581 1123 ὅτι
1641 1057 1828 1139 1305,
1885 1067 2031 1142 post
2087 1061 2172 1137 ὡς
2225 1059 2372 1139 477,
2430 1070 2574 1144 post
2626 1063 2686 1125 εἰ
2740 1061 2864 1125 Sol.
2920 1062 3017 1141 13,
3051 1062 3156 1142 41,

354 1174 497 1251 post
541 1160 687 1230 ἐπεί
733 1165 889 1230 ibid.
945 1164 1042 1248 15,
1078 1163 1137 1226 3.

562 1269 879 1349 Quamvis
943 1270 1138 1350 igitur
1197 1290 1389 1351 saepe
1454 1267 1693 1351 ellipsis
1756 1268 2107 1331 formarum
2162 1266 2303 1331 ἐστί
2357 1278 2421 1330 et
2473 1266 2604 1332 εἰσί
2659 1271 2999 1334 statuenda
3056 1273 3156 1351 sit,

357 1375 480 1442 alia
543 1375 876 1437 indicativi
933 1374 1140 1437 forma
1194 1373 1516 1436 rarissime
1575 1372 1886 1435 omittitur
1944 1381 2135 1455 atque
2183 1375 2271 1435 ita
2317 1382 2584 1455 tantum,
2639 1383 2710 1437 ut
2757 1378 3158 1439 enuntiatum

358 1481 439 1542 sit
497 1479 878 1562 primarium
941 1487 1005 1539 et
1064 1499 1419 1562 pronomen
1468 1476 1638 1559 (ἐγώ,
1687 1477 1792 1559 σύ)
1857 1476 2154 1541 addatur.
2243 1479 2335 1539 sic
2397 1477 2686 1561 Theogn.
2737 1480 2859 1544 257
2923 1479 3158 1564 legitur

353 1585 561 1662 ἵππος
616 1579 737 1666 ἐγὼ
797 1583 956 1667 καλὴ
1017 1581 1123 1646 καὶ
1182 1579 1443 1666 ἀεθλίη,
1511 1580 1633 1642 407
1686 1582 1809 1664 ἐγὼ
1875 1579 1945 1646 δέ
2003 1604 2105 1645 τοι
2168 1581 2372 1660 αἴτιος
2428 1583 2628 1663 οὐδέν,
2698 1584 2863 1647 1226
2920 1590 3157 1670 μάρτυς

355 1689 498 1772 ἐγώ,
564 1687 727 1750 1249
782 1693 859 1751 σὺ
903 1736 916 1750 .
953 1738 965 1750 .
1005 1736 1015 1747 .
1053 1686 1276 1764 ἵππος.
1354 1686 1567 1748 omissi
1635 1686 1904 1768 optativi
1960 1684 2207 1749 nullum
2261 1696 2441 1748 extat
2498 1686 2887 1772 exemplum.
2982 1689 3153 1774 quod

356 1815 512 1855 vero
562 1793 645 1857 ad
694 1792 1175 1855 coniunctivum
1225 1789 1491 1870 adtinet,
1550 1811 1705 1852 sane
1763 1789 1945 1852 deest
1997 1788 2102 1851 ille
2158 1790 2446 1874 Theogn.
2498 1790 2622 1854 859
2678 1794 2752 1878 ἢν
2808 1792 2881 1858 δέ
2932 1792 2996 1856 τί
3040 1792 3157 1877 μοι’

353 1902 570 1963 ποθεν
599 1897 858 1970 ἐσθλόν,
906 1894 946 1958 ἃ
991 1898 1268 1978 παυράκι
1315 1893 1551 1977 γίνεται
1606 1891 1808 1978 ἀνδρί,
1868 1894 1982 1957 sed
2029 1893 2151 1956 hoc
2204 1895 2344 1958 loco
2392 1918 2475 1957 ex
2523 1896 2874 1959 indicativo
2919 1895 3153 1980 γίνεται

356 2002 754 2086 supplendus
811 2010 925 2080 est,
984 2009 1053 2061 ut
1100 1999 1221 2062 541
1245 2021 1336 2082 sq.
1397 1996 1729 2082 δειμαίνω,
1786 2003 1871 2086 μὴ
1925 1999 2112 2086 τήνδε
2168 2000 2376 2082 πόλιν,
2428 2001 2848 2088 Πολυπαΐδη,
2897 2005 3093 2085 ὕβρις,
3146 2000 3155 2084 Ι

354 2110 517 2193 ἥπερ
563 2108 957 2190 Κενταύρους
997 2108 1376 2190 ὠμοφάγους
1423 2103 1642 2169 ὄλεσεν
1690 2125 1775 2165 ex
1817 2103 2016 2166 verbo
2064 2104 2281 2168 ὄλεσεν
2327 2104 2760 2189 supplendum
2806 2116 2904 2168 est
2949 2105 3155 2195 ὀλέσῃ.

357 2211 587 2274 similia
628 2218 844 2274 autem
886 2211 1082 2273 etiam
1123 2208 1296 2293 apud
1345 2208 1500 2271 alios
1548 2218 1773 2291 poetas
1815 2209 2254 2288 inveniuntur,
2297 2230 2690 2294 quamquam
2730 2213 3154 2291 enuntiatum,

354 2317 421 2377 in
490 2336 616 2399 quo
672 2315 945 2377 verbum
1017 2316 1213 2393 inest,
1277 2312 1673 2396 praecedere
1737 2311 1914 2374 solet.
2004 2333 2087 2374 ex
2149 2312 2420 2376 Homeri
2488 2316 2689 2397 ipsius
2761 2316 3156 2377 carminibus

355 2419 655 2502 Krueger
717 2419 851 2502 (Di.
903 2417 1005 2499 62,
1053 2417 1113 2497 4,
1169 2416 1253 2501 1),
1326 2417 1479 2479 citat
1540 2421 1612 2480 H
1653 2413 1782 2478 286
1844 2414 2113 2500 ἀρχέτω·
2179 2420 2372 2502 αὐτὰρ
2434 2419 2555 2501 ἐγὼ
2615 2419 2787 2501 μάλα
2850 2400 3161 2504 πείσομαι

356 2519 518 2611 ᾗπερ
564 2523 641 2585 ἂν
689 2518 873 2600 οὗτος
932 2522 1047 2607 (εο.
1107 2520 1314 2610 ἄρξῃ);
1378 2520 1553 2604 apud
1611 2542 1822 2603 quem,
1880 2522 2130 2583 etiamsi
2187 2542 2270 2582 ex
2327 2522 2448 2585 alio
2499 2524 2827 2585 enuntiato
2876 2523 3158 2607 suppleri

362 2649 491 2690 non
532 2635 765 2711 potest,
810 2627 913 2689 1110
952 2625 1080 2688 11110
1111 2624 1150 2713 ᾖ
1184 2626 1511 2705 omittitur,
1559 2624 1738 2687 velut
1770 2629 1847 2689 Α
1879 2624 2003 2687 547
2038 2620 2176 2689 ἀλλ’
2201 2625 2273 2689 ὃν
2303 2624 2417 2709 μέν
2449 2623 2506 2689 κ’
2529 2628 2807 2704 ἐπιεικὲς
2837 2626 3158 2710 ἀκουέμεν,

359 2735 417 2797 Ε
456 2730 578 2793 481
631 2726 774 2795 κὰδ’
800 2731 869 2795 δὲ
914 2734 1203 2818 κτήματα
1250 2729 1480 2811 πολλά,
1528 2725 1668 2792 τάτ)
1692 2724 1943 2793 ἔλδεται
1990 2727 2059 2807 ὃς
2102 2724 2160 2792 κ’
2186 2731 2499 2816 ἐπιδευής.

569 2835 675 2897 De
732 2833 1158 2913 adtributO,
1223 2833 1305 2895 ad
1363 2833 1534 2917 quod
1590 2833 2006 2897 tractandum
2059 2836 2185 2896 iam
2243 2834 2649 2917 accedamuS,
2714 2856 2839 2898 non
2898 2845 2994 2898 est
3050 2857 3165 2899 cur

364 2940 568 3004 fusius
626 2960 966 3023 exponam.
1061 2940 1253 3001 immo
1308 2960 1520 3021 pauca
1583 2945 1833 3001 tantum
1889 2938 1969 3000 de
2014 2940 2090 3000 iis
2145 2938 2301 3001 locis
2359 2938 2638 3001 dicenda
2692 2951 2865 3020 sunt,
2930 2940 3163 3024 quibus

364 3045 842 3108 substantivum
884 3065 1029 3105 cum
1072 3043 1471 3106 substantivo
1514 3045 1600 3105 ita
1645 3045 2071 3126 coniungitur,
2123 3053 2190 3106 ut
2234 3043 2542 3106 adtributi
2584 3046 2784 3106 instar
2818 3045 2916 3125 sit,
2966 3044 3164 3107 veluti

363 3150 550 3234 Tyrt,
575 3149 635 3229 4,
658 3147 698 3211 5
733 3148 1014 3233 δημότας
1045 3149 1294 3231 ἄνδρας,
1336 3148 1625 3231 Theogn.
1654 3148 1736 3209 39
1752 3171 1842 3232 sq.
1878 3148 2074 3231 ἄνδρα
2102 3153 2107 3232 ξ
2135 3152 2506 3233 εὐθυντῆρα,
2548 3149 2671 3212 457
2704 3149 2879 3233 ἀνδρὶ
2903 3150 3163 3232 γέροντι,

364 3252 487 3317 868
521 3254 827 3339 αἰχμητὴς
860 3303 871 3314 .
903 3304 914 3315 .
944 3304 956 3315 .
992 3253 1165 3337 ἀνήρ,
1221 3251 1378 3315 1081
1425 3253 1621 3335 ἄνδρα
1652 3250 2003 3339 Ιῦβριστήν,
2060 3251 2226 3314 1204
2264 3254 2561 3337 τύραννος
2591 3256 2772 3340 ἀνήρ,
2816 3252 2998 3336 Tyrt.
3033 3253 3093 3334 5,
3127 3253 3166 3314 6

363 3355 713 3444 αἰχμηταὶ.
743 3408 797 3421 ..
834 3354 1131 3441 πατέρες,
1194 3355 1348 3419 ibid.
1401 3357 1505 3436 15,
1549 3357 1587 3418 2
1641 3357 1930 3440 πατέρων
1975 3356 2319 3436 πολιατᾶν,
2384 3357 2607 3419 Mimn.
2662 3359 2760 3439 ll,
2810 3356 2848 3419 3
2900 3361 3166 3446 ὑβριστῇ

368 3457 599 3549 Πελίης
651 3461 939 3543 Theogn.
977 3461 1101 3524 775
1144 3465 1413 3545 στρατὸν
1442 3462 1770 3549 ὑβριστήν;
1821 3460 1946 3523 Sol.
1986 3460 2085 3540 23,
2121 3461 2161 3522 2
2199 3463 2374 3538 κύνες
2406 3460 2701 3545 ἀγρευταί
2732 3461 2842 3546 (cf.
2880 3461 3166 3544 Theogn.

371 3566 555 3646 1254,
591 3566 700 3628 ubi
732 3564 926 3628 iidem
962 3588 1187 3627 versus
1221 3574 1620 3649 repetuntur,
1663 3563 1970 3650 θηρευταὶ
1999 3615 2011 3627 .
2044 3616 2054 3627 .
2087 3565 2358 3650 .κύνες);
2402 3564 2702 3650 Xenoph.
2729 3566 2787 3646 7,
2823 3566 2861 3627 2
2893 3559 3170 3631 (Ελλάδα

365 3679 491 3756 γῆν,
543 3669 666 3732 Sol.
706 3668 807 3748 32,
859 3672 997 3753 lsq.
1038 3669 1344 3751 (tetram.)
1380 3679 1488 3755 γῆς
1514 3667 1957 3752 ...πατρίδος
2024 3691 2182 3753 quos
2223 3669 2396 3732 locos
2439 3671 2490 3731 si
2535 3692 2681 3733 cum
2724 3669 3065 3733 homericis
3109 3680 3171 3731 et

368 3796 517 3837 cum
555 3775 657 3851 iis,
710 3777 814 3859 qui
865 3775 1037 3860 apud
1088 3784 1310 3858 poetas
1356 3776 1684 3835 scaenicos
1734 3785 1987 3856 extant,
2041 3797 2517 3859 comparamuS,
2566 3785 2635 3836 ut
2682 3776 3038 3839 Homerum
3081 3777 3171 3837 ita

369 3881 563 3941 ctiam
598 3889 820 3962 poetas
854 3880 1173 3961 elegiacos
1207 3878 1328 3939 hac
1362 3880 1425 3939 in
1460 3901 1527 3940 rc
1561 3878 1759 3941 multo
1795 3880 2035 3942 minore
2069 3879 2343 3943 audacia
2378 3901 2522 3942 usos
2557 3900 2697 3941 esse
2725 3901 2918 3963 quam
2948 3889 3170 3963 poetas

369 3985 698 4045 scaenicos
745 3982 932 4046 facile
980 3983 1266 4067 adparet.
1362 4005 1508 4044 nam
1559 4004 1814 4066 semper
1862 3983 1997 4045 fere
2047 3984 2125 4045 de
2173 3983 2536 4047 hominibus
2584 3983 2740 4068 (Sol.
2784 3983 2866 4047 23
2916 3983 2995 4046 (10
3042 3984 3173 4046 ani-

369 4086 548 4172 mali)
595 4091 806 4170 agitur
853 4098 934 4167 et,
986 4088 1034 4149 si
1085 4109 1208 4170 quo
1255 4087 1393 4148 loco
1444 4086 1522 4148 dc
1571 4086 1766 4149 rebus
1814 4087 2290 4150 substantivum
2336 4091 2423 4151 ita
2469 4087 2814 4152 adhibetur
2859 4081 3172 4170 (Ἑλλάδα

368 4202 496 4278 γῆν,
539 4202 646 4278 γῆς
684 4190 1044 4277 πατρίδος),
1099 4191 1221 4253 1100
1263 4193 1351 4252 ita
1392 4201 1488 4252 est
1529 4201 1997 4275 comparatum,
2048 4201 2117 4253 ut
2164 4192 2403 4277 ubique
2454 4216 2568 4278 pro
2625 4192 2947 4255 adiectivo
2997 4214 3173 4254 usur·

371 4305 591 4380 patum
634 4298 1021 4359 inveniatur.
1100 4318 1269 4374 nam,
1318 4304 1389 4357 ut
1436 4296 1516 4358 de
1563 4297 1980 4359 usitatissima
2036 4296 2338 4376 formula,
2413 4318 2578 4380 quae
2638 4306 2733 4359 est
2790 4306 2864 4385 γῆ
2921 4293 3174 4380 πατρίς,

370 4411 641 4481 taceam,
677 4393 902 4477 Ἑλλάς
940 4398 1045 4462 vel
1086 4402 1149 4461 in
1184 4421 1375 4483 prosa
1416 4402 1700 4463 oratione
1744 4399 2052 4463 adiectivi
2094 4403 2294 4463 instar
2327 4413 2441 4480 est,
2487 4402 2662 4463 velut
2701 4400 2944 4463 Herod.
2971 4400 3068 4463 IV
3097 4400 3177 4462 78

371 4506 661 4589 γλῶσσάν
690 4527 758 4568 τε
789 4497 1089 4584 ζΕλλάδα,
1137 4505 1342 4568 Τ11110.
1377 4505 1587 4567 &⁷162
1634 4497 1862 4584 Ἑλλὰς
1905 4507 2110 4584 πόλις.
2193 4505 2363 4590 quod
2413 4506 2585 4579 idem
2630 4508 2693 4567 in
2742 4514 2992 4590 partem
3039 4503 3179 4567 reli-

375 4630 647 4694 quorum
680 4611 1126 4695 exemplorum
1169 4610 1368 4691 cadit3
1417 4632 1567 4674 nam
1590 4609 1788 4696 γέρων
1819 4614 2076 4696 proprie
2110 4623 2205 4673 est
2249 4611 2660 4695 participium
2694 4609 2806 4696 (cf.
2835 4610 2883 4674 I.
2910 4607 3179 4674 Classen
