3392 5067
1448 225 1507 289 127

105 414 151 474 ita
181 415 274 497 quasi
304 416 506 479 enuntiatum
532 417 721 499 primarium
748 416 782 479 in
808 426 918 500 partes
949 416 1118 479 dirimitur.
1163 418 1265 479 rarius
1288 416 1306 481 ὁ
1329 416 1370 479 ad
1395 440 1508 501 prono-

107 538 182 581 men
209 516 499 583 demonstrativum
526 518 579 581 vel
603 519 802 604 adscriptum
825 518 878 581 vel
902 518 1119 603 supplendum
1142 520 1291 603 pertinet.
1338 520 1509 603 singularis
1564 588 1568 603 ⁸

107 630 217 685 autem
240 631 289 685 111
311 623 460 708 Xenopb.
484 645 516 685 v.
538 623 568 707 2,
595 623 644 699 ll,
673 624 730 687 ubi
758 622 861 687 verba
890 625 929 688 τό
958 623 1020 708 πέρ
1044 624 1120 688 ’ἐστι
1149 625 1307 708 πρότιμον
1338 623 1380 687 ad
1407 632 1508 687 totum

108 727 308 790 enuntiatum
338 728 533 791 referuntur.
579 730 634 812 qui
665 728 755 791 locus
786 730 884 791 etiam
915 728 1036 791 idcirco
1066 729 1200 810 insignis
1232 738 1288 807 111,
1320 728 1407 812 quod
1437 752 1508 813 par-

105 828 206 893 ticula
231 853 292 915 περ
320 830 447 896 adiecta
476 839 543 912 est,
567 853 728 915 nusquam
754 834 842 895 enim
867 831 945 894 alibi
968 834 1001 895 in
1024 832 1072 895 his
1095 831 1238 917 reliquiis
1262 832 1422 915 particula
1444 831 1509 895 ulla

107 936 260 1018 sequitur,
285 956 350 1018 qua
369 938 402 998 in
422 958 457 999 re
477 936 585 999 differt
601 958 678 999 usus
694 935 736 999 ab
757 958 819 999 usu
834 936 1011 1017 homerico,
1036 938 1068 999 in
1092 936 1227 999 Homeri
1252 938 1338 999 enim
1362 938 1508 999 carmini-

107 1037 167 1101 bus
205 1038 275 1102 aliis
312 1038 391 1103 locis
430 1041 493 1104 alia
530 1041 647 1104 vocula
685 1040 883 1122 adnectitur,
922 1041 963 1103 de
1002 1040 1118 1125 quibus
1157 1041 1322 1124 particulis
1361 1039 1509 1103 conferas

106 1142 269 1226 Ebelingii
295 1143 359 1209 lex.
392 1144 476 1208 hom.
505 1145 538 1207 ΙΙ
565 1167 597 1229 p.
622 1144 674 1209 20.
720 1143 831 1224 veluti,
863 1154 898 1206 ut
929 1167 1028 1208 unam
1059 1144 1206 1208 adferam
1237 1166 1279 1207 ex
1306 1144 1429 1208 voculis
1460 1145 1508 1226 iis,

105 1268 170 1310 non
197 1250 241 1310 ita
268 1270 341 1312 raro
369 1248 457 1333 apud
485 1250 665 1312 Homerum
693 1270 767 1311 cum
795 1251 995 1332 pronomine,
1025 1248 1065 1311 de
1094 1271 1156 1333 quo
1180 1236 1296 1331 agitur,
1324 1272 1357 1313 τε
1382 1250 1509 1312 coniun-

106 1354 207 1435 gitur„
230 1354 262 1414 in
291 1375 353 1437 quo
380 1376 442 1416 usu
469 1355 629 1436 genuinae
657 1354 803 1437 notionis,
836 1375 919 1436 quae
946 1354 1121 1437 respondet
1148 1353 1246 1416 latino
1271 1352 1383 1437 ί1111,
1414 1354 1508 1418 vesti-

105 1458 194 1539 gium
222 1458 314 1520 inest.
359 1468 471 1521 contra
498 1460 532 1521 in
555 1457 682 1541 elegeis,
713 1467 870 1542 quantum
901 1457 1032 1541 quidem
1060 1458 1101 1521 ad
1129 1479 1306 1542 pronomen
1337 1458 1354 1522 ὁ
1385 1456 1510 1520 adtinet

106 1558 372 1639 -ὅςτε1111111
394 1585 459 1626 non
482 1561 639 1625 deest-
662 1562 738 1626 talia
761 1584 825 1625 nou
848 1564 1065 1625 inveniuntur.
1108 1572 1143 1625 ut
1166 1572 1274 1625 autem
1297 1562 1331 1640 ὅς
1353 1585 1387 1625 τε
1411 1582 1508 1645 saepe
1541 1620 1543 1622 ,

105 1664 231 1747 legitur,
255 1666 276 1729 d
296 1689 330 1729 τε
353 1688 541 1750 numquam,
571 1668 625 1746 ita,
654 1688 850 1749 quamquam
877 1666 1029 1749 frequens
1057 1666 1091 1744 ὅς
1113 1691 1162 1744 τις
1185 1677 1243 1747 111,
1272 1666 1361 1743 ὅτις
1383 1675 1508 1729 tantum

106 1767 250 1851 Theogn.
268 1770 387 1855 tilbsq.
412 1770 565 1834 traditum
590 1781 651 1833 est:
675 1773 865 1857 κυβερνήτην
888 1774 945 1855 μὲν
968 1766 1111 1835 ἕπουσαν
1131 1772 1134 1853 l
1154 1772 1282 1849 ἐσθλόν,
1311 1771 1393 1848 ὅτις
1408 1771 1509 1855 φυλα-

106 1878 163 1959 κὴν
185 1866 268 1955 εἶχεν
289 1873 520 1961 ἐπισταμένως.

212 1978 374 2057 Quoniam
404 1979 445 2041 ad
478 2001 685 2062 pronomen
716 1980 924 2042 relativum
961 1980 1181 2063 pervenimuS,
1219 2001 1292 2042 cum
1323 1980 1363 2043 de
1394 1982 1508 2043 ceteris

104 2083 347 2167 pronominibus
385 2082 642 2147 demonstrativis
679 2084 765 2168 quod
801 2083 976 2147 dicendum
1012 2093 1080 2147 erat
1119 2106 1217 2168 supra
1251 2086 1508 2169 exposuerimuS,

106 2188 170 2249 iam
196 2186 236 2249 de
259 2187 391 2272 reliquis
414 2188 659 2272 pronominibus
682 2187 825 2250 relativis
853 2210 949 2271 agere
973 2210 1112 2271 possum.
1153 2188 1209 2250 sed
1233 2186 1275 2250 ad
1299 2188 1379 2251 haec
1402 2210 1508 2252 recur-

106 2292 199 2355 rendi
227 2293 311 2356 infra
339 2294 484 2355 occassio
512 2294 581 2355 erit.
629 2314 728 2376 quare
756 2292 809 2355 hic
836 2295 948 2377 paucis
971 2292 1080 2356 verbis
1104 2303 1229 2356 tantum
1253 2315 1306 2356 eos
1330 2293 1416 2356 locos
1440 2314 1508 2377 per-

107 2397 273 2479 stringam,
297 2396 414 2480 quibus
438 2397 472 2474 ὅς
495 2399 692 2480 pronominis
716 2397 962 2460 demonstrativi
985 2400 1051 2460 vim
1075 2397 1182 2460 habet.
1227 2391 1318 2460 certa
1339 2418 1422 2481 quae
1445 2396 1509 2460 huc

108 2509 258 2584 spectant
281 2500 432 2584 exempla
456 2499 519 2563 duo
543 2510 626 2582 sunt,
642 2502 782 2565 Demod.
804 2502 869 2582 2,1
899 2500 954 2566 καὶ
977 2503 1054 2567 ’τόδε
1078 2502 1279 2589 Δημοδόκου·
1303 2506 1384 2566 Χῖοι
1405 2500 1507 2583 κακοί,

106 2608 163 2687 οὐχ
183 2602 278 2688 ὁμέν,
303 2603 338 2682 ὃς
353 2600 440 2683 t'oo',
465 2603 564 2668 Phoc.
585 2605 646 2687 1,1
672 2604 726 2670 καὶ
748 2607 822 2672 τόδε
842 2603 1047 2671 Φωκυλίδεω·
1071 2604 1188 2691 Λέριοι
1211 2605 1312 2685 κακοί,
1337 2608 1394 2687 οὐχ
1409 2606 1426 2670 ὁ
1441 2604 1508 2689 μέν,

107 2707 143 2787 ὃς
158 2705 247 2790 d'ob',
271 2731 406 2793 quorum
423 2709 559 2773 alterum
575 2709 666 2773 alteri
683 2710 831 2796 exemplo
853 2711 951 2773 fuisse
975 2711 1120 2794 adparet.
1153 2720 1289 2795 utroque
1310 2721 1418 2774 autem
1437 2710 1508 2774 1000

107 2812 277 2876 masculini
299 2813 403 2878 forma
425 2814 542 2897 legitur
565 2814 608 2876 ad
631 2814 837 2878 efficiendam
858 2814 1018 2899 syllabam
1038 2814 1168 2898 longam
1187 2816 1379 2878 necessaria.
1419 2836 1508 2877 acce-

107 2917 190 2981 dunt
216 2917 361 3002 Theogn.
388 2917 450 2981 169
478 2927 510 2982 et
537 2916 610 2998 800,
640 2918 756 3003 quibus
783 2918 863 2982 locis
891 2918 966 2982 libri
992 2920 1084 2983 varia
1112 2919 1276 3003 exhibent,
1306 2920 1509 3002 grammatici

107 3024 199 3085 varia
222 3022 439 3086 coniecerunt.

211 3125 336 3204 Restat,
368 3137 403 3189 ut
431 3126 473 3189 de
503 3128 733 3211 pronomine
762 3129 1047 3211 interrogativo
1076 3126 1126 3207 τίς
1153 3136 1185 3190 11
1212 3128 1253 3191 de
1284 3129 1509 3214 pronomine

106 3231 319 3296 indefinito
353 3229 402 3310 τὶς
432 3241 623 3315 exponatur.
669 3241 767 3317 atque
796 3242 833 3295 ut
862 3232 904 3296 ab
935 3233 988 3296 illo
1018 3234 1182 3317 incipiam,
1217 3235 1383 3297 enuntiata
1412 3234 1508 3296 inter-

106 3338 265 3420 rogativa,
289 3356 486 3422 quamquam
507 3358 571 3399 non
596 3345 671 3399 sunt
692 3359 777 3418 rara,
800 3345 907 3400 tamen
932 3339 1038 3402 omnia
1062 3336 1129 3401 fere
1153 3339 1198 3401 ita
1218 3346 1405 3421 comparata
1425 3346 1508 3413 sunt,

105 3448 238 3523 ut„quo
261 3439 401 3503 vividior
424 3441 524 3503 011110
547 3440 613 3522 fiat,
637 3440 774 3504 eandem
798 3444 864 3505 vim
889 3442 1031 3505 habeant
1054 3463 1152 3528 quam
1176 3444 1339 3505 enuntiata
1362 3440 1509 3505 adfirma-

106 3545 184 3607 tiva.
223 3544 341 3628 quibus
362 3546 486 3608 omissis
498 3568 673 3630 *perpauca
693 3545 844 3631 exempla
865 3550 993 3632 proprie
1014 3549 1247 3629 interrogativa
1266 3556 1398 3627 restant,
1420 3545 1510 3622 uelut

108 3645 188 3711 Oatl.
216 3649 295 3729 1,1,
327 3670 390 3732 quo
417 3649 487 3713 loco
514 3648 563 3728 τίς
589 3650 631 3713 ad
654 3652 925 3735 praepositionem
949 3652 1089 3715 accedit:
1117 3650 1210 3736 μέχρι
1232 3662 1286 3715 τεῦ
1309 3645 1365 3737 (ch
1391 3650 1422 3713 Ω
1450 3650 1508 3713 128

106 3749 161 3816 τέο
184 3751 317 3837 μέχρις),
342 3763 374 3816 11
395 3753 539 3836 Theogn.
556 3753 638 3816 1299
661 3753 752 3841 μέχρι
775 3749 870 3836 τίνος,
894 3758 927 3818 in
952 3778 1013 3840 quo
1037 3779 1135 3819 versu
1158 3758 1343 3840 ceteroquin
1367 3779 1385 3817 a
1408 3756 1510 3819 Theo-

107 3856 205 3938 gnide
233 3857 338 3920 alieno
365 3858 468 3921 forma
495 3856 582 3936 τίνος
609 3869 708 3940 extat,
738 3882 820 3943 quae
847 3861 881 3923 in
904 3860 1038 3925 Homeri
1067 3861 1263 3924 carminibus
1290 3883 1354 3924 non
1382 3860 1533 3944 legitur„

107 3970 251 4025 ceterum
278 3964 309 4023 in
339 3964 512 4026 enuntiatis
539 3963 754 4026 subiunctivis
783 3986 943 4049 nusquam
971 3966 1004 4026 in
1033 3964 1162 4047 elegeis,
1194 3964 1235 4028 ab
1264 3965 1406 4027 Homero
1437 3986 1509 4027 raro

105 4062 156 4145 rig
178 4065 360 4146 adhibetur,
385 4067 441 4130 sed
465 4068 500 4145 ὅς
522 4091 571 4146 τις
594 4067 824 4151 frequentatur.
1505 4056 1515 4073 ⁶

211 4169 413 4233 Pronominis
436 4170 595 4234 indefiniti
617 4170 667 4250 τὶς
688 4196 764 4235 usus
787 4172 876 4257 apud
899 4174 1078 4237 Homerum
1101 4173 1272 4236 artioribus
1296 4173 1414 4236 finibus
1438 4194 1509 4235 con-

106 4275 228 4337 tinetur
250 4295 347 4357 quam
370 4275 457 4360 apud
481 4278 683 4359 posteriores
722 4299 787 4361 qua
813 4279 845 4340 in
870 4300 905 4340 11
933 4277 1156 4340 observatione
1185 4277 1319 4359 dignum
1343 4287 1391 4340 111
1421 4276 1510 4340 illum

106 4401 166 4463 pro
187 4378 297 4442 verbis
318 4377 431 4460 οὐδείς,
456 4379 565 4467 μηδείς
589 4403 686 4465 saepe
710 4383 749 4446 011
761 4407 818 4462 τις,
842 4384 885 4468 μή
897 4362 949 4459 ’τις
972 4382 1095 4462 dicere,
1119 4405 1195 4445 nam
1217 4380 1328 4470 μηδείς
1350 4381 1392 4445 ab
1408 4381 1510 4444 lliadc

107 4494 140 4546 11
162 4481 305 4568 Odyssia
327 4484 423 4568 plane
450 4484 591 4548 alienum
614 4496 676 4561 est,
702 4484 805 4564 οὐδεὶς
828 4497 957 4571 praeter
979 4486 1117 4549 formam
1140 4486 1240 4567 οὐδέν,
1269 4509 1352 4570 quae
1375 4509 1432 4571 pro
1456 4487 1510 4550 ad-

107 4586 221 4652 verbio
238 4610 308 4651 esse
325 4587 415 4670 solet,
439 4590 601 4653 rarissime
618 4591 795 4672 invenitur3
820 4588 954 4675 οὐδεμία
970 4592 1055 4654 enim
1072 4613 1243 4676 nusquam,
1268 4586 1370 4669 οὐδείς
1385 4600 1511 4655 tantum
