3392 5067
1478 242 1544 306 163

145 448 225 510 esse,
246 429 313 513 ἅμα
335 430 369 493 in
391 430 503 514 primis
526 433 614 516 apud
634 431 814 498 Homerum
833 440 866 496 et
885 431 1088 497 Herodotum
1111 434 1239 517 saepius
1262 438 1383 497 extare.
1425 433 1543 498 vocula

145 536 225 616 μετά
246 555 319 599 eum
349 537 501 619 genetivo
533 540 716 601 consociata
744 537 778 601 in
800 537 936 601 Hesiodi
962 536 1025 621 Op.
1054 547 1086 600 et
1114 536 1210 614 dieb,
1242 539 1276 601 in
1303 536 1402 601 Scuto
1429 536 1541 621 Here,

145 639 178 700 in
197 637 313 723 Pugna
332 662 438 703 ranar.
461 650 493 704 et
515 662 606 723 mur,
630 643 662 705 in
686 641 863 706 maioribus
886 641 1015 727 hymnis
1036 640 1207 705 homericis
1230 662 1392 725 nusquam
1415 641 1542 726 legitur,

145 744 314 828 quinquies
337 744 425 829 apud
445 744 634 827 Homerum,
660 747 759 811 semel
781 748 815 810 in
834 745 971 810 Hesiodi
990 745 1179 829 Theogonia
1200 744 1303 831 (347),
1329 746 1433 809 sexies
1456 745 1543 831 apud

145 847 332 911 Pindarum.
378 858 489 913 eontra
516 854 573 915 σύν
598 852 632 913 in
654 850 756 915 Iliade
779 860 810 914 et
833 851 975 936 Odyssia
1004 850 1082 914 loeis
1113 858 1243 913 eentum
1275 850 1438 932 octoginta
1468 872 1544 933 uno,

144 952 177 1014 in
199 951 334 1016 Hesiodi
356 952 544 1038 Theogonis
570 963 703 1039 septem,
727 955 815 1040 apud
837 955 1016 1019 Pindarum
1039 963 1169 1018 eentum
1191 952 1349 1017 tredecim
1372 953 1545 1018 invenitur.

145 1056 263 1139 quibus
287 1060 471 1141 praemissis
494 1060 560 1121 iam
583 1060 616 1121 in
639 1058 766 1143 elegeas
789 1060 876 1145 ipsas
899 1060 1110 1143 inquiramus.
1145 1066 1244 1143 atque
1267 1055 1309 1121 de
1331 1055 1447 1121 vocula
1469 1060 1545 1142 ἅμα,

145 1168 264 1243 quanto
289 1162 394 1226 studio
416 1171 531 1246 poetae
552 1162 687 1247 elegiaci
711 1185 784 1228 eam
806 1165 937 1246 evitent,
961 1165 1025 1228 iam
1047 1185 1079 1248 p.
1107 1161 1168 1226 155
1192 1163 1375 1246 expositum
1395 1169 1452 1225 est.
1492 1166 1547 1226 σύν
1625 1190 1627 1194 ’

144 1285 222 1328 vero
246 1265 346 1329 semel
362 1276 401 1330 et
423 1267 524 1330 vicies
549 1276 648 1349 extat,
671 1271 752 1352 μετά
776 1290 850 1331 oum
872 1269 1023 1351 genetivo
1048 1274 1268 1330 constructum
1291 1266 1409 1350 septies
1433 1264 1546 1352 (semel
1584 1290 1585 1293 ¹
1638 1328 1640 1331 .

145 1369 232 1453 apud
248 1368 409 1453 Solonem,
431 1372 537 1435 sexies
557 1371 645 1456 apud
661 1369 910 1457 Theognidem).
957 1371 1014 1435 sed
1037 1372 1101 1434 iam
1127 1391 1164 1435 εο
1187 1370 1369 1453 redeamus,
1392 1370 1478 1433 unde
1502 1369 1546 1432 di·

144 1474 247 1555 gressi
275 1496 395 1557 sumus,
423 1485 456 1539 et
483 1474 524 1539 de
551 1477 787 1561 praepositione
810 1480 867 1541 σύν
894 1497 1104 1561 exponamus.
1151 1474 1232 1538 haeo
1254 1473 1371 1538 vooula
1393 1474 1492 1557 igitur
1514 1483 1546 1537 et
1650 1550 1651 1553 Ἴ

144 1576 186 1640 de
209 1576 392 1644 hominibus
420 1579 516 1643 etde
542 1578 641 1642 rebus
664 1579 791 1643 dieitur.
837 1588 937 1663 atque
966 1578 1052 1664 quod
1080 1579 1122 1642 ad
1150 1577 1220 1641 illos
1242 1576 1329 1642 locos
1355 1577 1487 1661 adtinet,
1512 1588 1546 1641 ut

143 1681 284 1766 reliquos
306 1691 518 1767 praeteream,
539 1682 684 1768 Theogn.
704 1682 784 1746 1041
796 1704 843 1767 sq.
861 1684 952 1768 δεῦρο
968 1688 1024 1747 σὺν
1040 1683 1205 1771 αὐλητῆρι·
1229 1676 1317 1768 παρὰ
1330 1680 1473 1747 κλαίοντι
1495 1703 1546 1765 γε·

143 1785 276 1864 λῶντεςί
292 1784 434 1870 ττίνωμεν
449 1787 541 1850 deest
563 1786 710 1872 verbum,
734 1787 767 1850 id
784 1787 871 1871 quod
893 1788 927 1850 in
942 1785 1100 1851 adverbio
1121 1787 1214 1872 δεῦρο
1234 1808 1330 1872 saepe
1346 1785 1396 1867 fit,
1420 1784 1545 1871 supple,

145 1898 181 1955 ut
210 1894 267 1955 σύν
295 1890 510 1974 intellegatur,
538 1901 646 1955 mente
671 1891 784 1976 ἰ’ωμεν,
827 1890 891 1956 Sol.
913 1892 964 1968 35,
996 1892 1011 1953 1
1039 1890 1196 1977 (tetram.)
1223 1894 1279 1955 σὺν
1305 1894 1434 1957 θεοῖσιν
1460 1887 1545 1977 ἥκετ’

145 2004 178 2058 et
204 1994 349 2078 Theogn.
376 1994 508 2081 1117sq.
540 1997 766 2075 Πλοῦτε,
791 2000 796 2076 Ι
824 2000 881 2060 σὺν
915 1994 969 2061 σοί
1001 1992 1056 2060 καί
1085 1997 1181 2073 κακὸς
1210 1994 1254 2059 ὢν
1280 1992 1400 2078 γίνεται
1426 1990 1547 2073 ἐσθλὸς

143 2102 231 2185 ἀνήρ,
254 2100 311 2164 σύν
333 2123 396 2166 τινι
420 2100 490 2184 ‘ope
506 2098 650 2163 aliouius'
675 2099 845 2183 signifieat.
879 2121 921 2163 ex
943 2100 1086 2163 hisvero
1108 2097 1278 2162 adserendi
1301 2108 1376 2161 sunt
1397 2098 1544 2183 Theogn.

144 2204 206 2267 241
224 2225 293 2289 sqq.
321 2210 378 2269 mlv
399 2201 578 2270 αὐλίσκοισι
599 2204 828 2291 λιγυφθόγγοις
922 2205 1058 2291 ᾄσονται
1081 2201 1189 2289 (unter
1215 2201 1544 2287 Fldtenbegleitung),

143 2307 265 2393 237sq.
283 2307 338 2374 ool
359 2310 416 2392 μὲν
438 2303 498 2393 ἐγὼ
521 2303 612 2394 πτέρ’
621 2303 734 2389 ἔδωκα,
759 2313 816 2372 σὺν
838 2297 887 2387 οἷς
908 2304 962 2372 ἐντ’
971 2305 1126 2394 ἀπείρονα
1149 2314 1267 2374 πόντον
1286 2307 1291 2392 l
1311 2310 1460 2396 ιτωτηση,
1489 2306 1544 2369 ubi

145 2417 201 2476 σὺν
223 2401 272 2491 οἷς
293 2410 354 2498 (Ξ
370 2411 485 2496 quibus
507 2411 698 2497 instructus)
729 2435 749 2475 a
776 2412 886 2476 dativo
908 2414 1113 2476 instrumenti
1136 2434 1199 2475 non
1222 2410 1358 2475 multum
1381 2411 1545 2494 disorepat

145 2514 266 2602 (011ss
287 2515 350 2579 219
372 2521 430 2581 σὺν
452 2511 554 2581 ἔντεσι
576 2514 813 2602 μαρμαίροντας
840 2527 882 2598 et,
906 2516 992 2601 quod
1020 2537 1116 2600 saepe
1139 2517 1172 2579 in
1202 2514 1303 2578 Iliade
1334 2515 1461 2598 legitur,
1489 2520 1545 2579 σὺν

144 2621 269 2701 τεύχεσι
291 2617 541 2706 θωρηχθέντες).
586 2641 682 2704 porro
712 2620 769 2684 σύν
798 2622 875 2683 satis
905 2619 1013 2683 multis
1043 2619 1122 2683 locis
1151 2640 1225 2682 eum
1254 2618 1465 2683 substantivis
1492 2618 1546 2681 ab·

145 2726 273 2788 straotis
305 2724 526 2808 coniungitur,
562 2724 617 2808 qui
648 2744 725 2787 usus
755 2723 797 2787 ab
827 2723 962 2788 Homeri
994 2722 1192 2788 carminibus
1222 2731 1308 2786 totus
1341 2721 1409 2785 fere
1443 2722 1544 2785 abest.

147 2828 210 2892 huo
244 2836 394 2914 spectant
427 2828 491 2893 Sol.
522 2827 574 2910 24,
602 2826 622 2890 6
652 2833 708 2893 σόν
735 2822 766 2894 d’
782 2829 846 2917 ὥρη
875 2826 995 2912 γίνεται
1022 2829 1171 2914 ἁρμόδια,
1195 2827 1339 2911 Theogn.
1363 2826 1406 2891 50
1432 2826 1544 2912 κέρδεα

146 2931 290 3021 δημοσίῳ
313 2938 369 2997 σὺν
390 2943 477 3021 κακῷ
499 2934 661 3018 ἐρχόμενα,
685 2931 768 2996 1068
788 2933 934 3019 τερπωλη
957 2941 1028 3018 νικᾷ
1050 2935 1156 2996 πάντα
1171 2937 1227 2996 σὺν
1248 2932 1436 3021 εὐφροσύνῃ,
1459 2930 1544 2995 adde

145 3037 246 3101 Phoe.
280 3036 309 3122 9,
341 3036 362 3100 2
396 3044 452 3103 σὺν
485 3044 593 3125 κόσμηι
628 3036 818 3119 στείχοντες,
856 3038 1001 3121 Theogn.
1033 3035 1092 3099 197
1116 3058 1163 3122 sq.
1195 3035 1213 3101 ὃ
1247 3039 1304 3122 μὲν
1337 3039 1459 3102 Διόθεν
1490 3036 1544 3101 καί

145 3148 201 3206 σὺν
228 3139 301 3228 δίκῃ
327 3140 418 3227 ἀνδρί
447 3140 575 3228 γένηται
602 3143 606 3227 l
632 3140 686 3207 καί
712 3147 878 3229 καθαρῶς,
915 3140 979 3204 330
1009 3146 1064 3206 σὺν
1095 3139 1184 3230 ίθείη
1207 3191 1215 3206 .
1241 3193 1247 3205 .
1273 3189 1280 3203 .
1305 3135 1391 3229 δίκη,
1427 3141 1543 3225 quibus

145 3244 248 3309 tribus
270 3244 349 3308 locis
369 3244 483 3309 modus
506 3246 715 3330 significatur.

146 3503 182 3589 d)
216 3503 273 3568 De
303 3504 674 3590 praepositionibus,
702 3526 798 3590 quae
828 3514 865 3569 et
896 3526 979 3570 oum
1006 3506 1188 3589 genetivo
1217 3513 1253 3568 et
1280 3526 1362 3568 oum
1390 3527 1542 3571 aecusa-

643 3611 725 3673 tivo
749 3610 1045 3695 coniunguntur.

251 3750 337 3829 Διά,
362 3746 560 3832 ubicumque
583 3748 625 3811 ad
647 3750 835 3831 genetivum
857 3748 987 3814 accedit
1009 3748 1115 3834 (Tyrt.
1135 3748 1184 3831 12,
1205 3747 1247 3812 25
1270 3757 1302 3812 et
1321 3747 1374 3832 26,
1397 3749 1542 3835 Theogn.

148 3851 198 3932 18,
214 3851 301 3933 691),
325 3851 367 3916 ad
389 3851 496 3915 looum
518 3861 654 3937 spectat.
681 3853 831 3937 genetivo
852 3874 930 3917 vero
952 3854 1098 3916 usitatior
1118 3862 1166 3917 est
1188 3854 1404 3937 aecusativus,
1427 3856 1460 3917 in
1481 3878 1544 3941 qno

145 3955 269 4021 Archil.
297 3955 332 4037 4,
358 3956 375 4017 1
406 3955 461 4021 διὰ
488 3953 630 4039 σέλματα
656 3963 730 4044 νηός
760 3965 793 4020 et
819 3956 933 4021 Mimn.
963 3956 1018 4039 12,
1046 3955 1066 4021 5
1098 3957 1153 4022 διὰ
1181 3965 1265 4042 κῦμα
1291 3954 1380 4044 φέρει
1410 3967 1443 4022 et
1470 3983 1544 4046 que-

145 4059 319 4126 dammodo
350 4062 446 4124 etiam
472 4059 618 4145 Theogn.
648 4060 766 4146 671sq.
798 4067 911 4128 οὕνεκα
936 4072 989 4127 νῦν
1015 4066 1204 4149 φερόμεσθα
1229 4057 1309 4127 καθ’
1332 4057 1420 4130 ἱστία
1450 4066 1543 4132 λευκὰ

144 4167 297 4249 βαλόντες
324 4163 328 4250 l
354 4162 483 4253 Μηλίου
516 4166 552 4230 ἐκ
581 4167 700 4231 τιόντοο
730 4170 826 4231 νύκτα
858 4167 912 4232 διὰ
943 4166 1099 4254 όνοφερην
1128 4165 1183 4252 (of.
1209 4192 1221 4231 ι
1251 4166 1322 4249 143,
1346 4167 1404 4233 ubi
1426 4168 1544 4253 legitur

143 4275 240 4337 νύκτα
256 4264 299 4335 δι’
310 4269 453 4355 (wegen)
468 4267 635 4358 ὀρφναίην)
651 4271 713 4335 1οοί
729 4271 997 4356 significationem
1017 4272 1123 4334 inesse
1138 4269 1285 4356 adparet.
1324 4282 1436 4338 eontra
1450 4273 1543 4359 Tyrt.

144 4376 176 4457 5,
200 4375 221 4438 2
248 4372 285 4439 ὃν
316 4375 369 4440 διὰ
400 4372 476 4458 (per
502 4376 611 4461 quem)
641 4379 814 4465 Μεσσήνην
842 4376 968 4459 εἵλομεν
997 4375 1040 4439 ad
1068 4374 1232 4441 hominem
1258 4376 1405 4442 refertur.
1452 4380 1543 4443 vides

144 4478 241 4560 locos,
266 4499 346 4562 quos
373 4481 597 4560 tractavimuS,
624 4478 667 4543 ab
694 4502 757 4543 usu
779 4481 973 4566 scriptorum
995 4481 1176 4563 atticorum,
1200 4482 1321 4567 quippe
1344 4484 1400 4567 qui
1425 4481 1544 4547 talibus

144 4582 225 4647 loeis
248 4582 304 4648 διό
326 4604 411 4661 τινος
438 4582 558 4668 dicant,
582 4582 723 4667 differre,
748 4586 929 4648 consentire
958 4604 1032 4648 oum
1053 4606 1116 4648 usu
1137 4583 1281 4649 Homeri.
1327 4588 1413 4651 notio
1436 4597 1544 4651 autem
1663 4632 1669 4644 ‚

1342 4692 1390 4741 11*
