3392 5067
1460 202 1523 266 323

130 397 231 451 erant.
278 398 310 450 ct
339 388 480 475 primum
510 409 584 451 cum
615 388 803 473 saepissime
833 389 867 450 in
897 382 986 451 initio
1014 388 1067 452 vcl
1097 389 1130 452 in
1161 387 1225 452 fine
1256 390 1522 476 fragmentorum,

130 515 214 579 quae
238 493 458 578 compluribus
480 491 629 558 versibus
653 495 867 573 continentur,
896 492 1022 575 singula
1049 503 1160 556 extent
1182 493 1294 572 verba,
1323 496 1440 581 quibus
1467 508 1523 562 aut

130 619 187 682 pes
211 608 332 681 sextus,
362 601 417 684 qui
443 598 486 663 ad
513 620 573 661 nos
601 621 664 662 non
692 598 841 682 pertinet,
871 606 927 660 aut
949 618 1006 681 pes
1031 601 1158 661 omnino
1181 620 1244 662 non
1268 599 1417 683 efficitur,
1441 601 1522 666 haec

129 704 303 766 omisimus.
350 705 427 767 item
458 725 497 766 ea
526 703 708 786 fragmenta
738 702 938 766 removenda
973 712 1073 786 erant,
1108 724 1191 787 quae
1225 725 1268 767 ex
1302 705 1522 790 compluribus

129 807 261 892 quidem
277 807 397 892 verbis,
421 808 479 872 sed
502 830 564 871 non
585 829 682 871 versu
705 807 789 869 inter
811 829 845 869 se
870 805 1117 870 cohaerentibus
1141 817 1299 892 constant,
1322 810 1435 892 itaut,
1459 831 1522 895 quo

127 933 240 975 versus
267 912 337 976 loco
365 912 441 976 olim
468 934 508 976 ea
535 913 639 996 posita
666 911 794 992 fuerint,
823 912 892 974 erui
915 911 979 974 iam
1004 933 1067 975 non
1090 913 1201 994 possit.
1247 912 1386 998 denique
1408 937 1521 980 versus

126 1015 296 1080 lacunosos
319 1039 430 1080 omnes
455 1016 628 1095 omisimus,
652 1017 684 1078 in
708 1015 826 1099 quibus
851 1015 990 1079 discerni
1013 1037 1077 1079 non
1099 1023 1213 1100 potest,
1235 1037 1297 1100 quo
1318 1039 1431 1083 versus
1450 1019 1521 1084 loco

127 1121 230 1184 verba
252 1120 371 1186 tradita
396 1120 585 1184 collocanda
608 1122 671 1183 sint
693 1140 820 1204 quoque
843 1118 914 1182 loco
937 1117 1054 1182 lacuna
1078 1121 1118 1182 sit
1141 1120 1322 1184 statuenda,
1365 1122 1522 1207 neglectis

127 1225 225 1307 igitur
248 1225 397 1290 omnibus
413 1247 566 1288 versuum
589 1223 765 1309 particulis,
790 1222 831 1286 de
855 1222 971 1308 quibus
995 1224 1101 1308 aliquo
1125 1224 1220 1287 modo
1245 1224 1385 1289 dubitari
1409 1229 1520 1311 potuit,

127 1351 181 1392 eas
204 1329 425 1393 tantummodo
449 1330 640 1414 recepimuS,
665 1327 706 1390 de
729 1327 847 1412 quibus
871 1329 949 1390 certi
974 1326 1096 1413 aliquid
1112 1330 1209 1391 statui
1225 1351 1320 1412 posse
1337 1330 1519 1396 videbatur.

231 1469 360 1533 Deinde
383 1470 468 1554 quod
491 1469 617 1532 adtinet
638 1467 680 1531 ad
703 1489 827 1548 versus,
853 1489 990 1553 quorum
1013 1468 1115 1531 verba
1142 1467 1249 1552 aliqua
1272 1468 1313 1531 de
1338 1491 1436 1534 causa
1457 1491 1521 1536 non

127 1596 207 1637 sana
228 1573 389 1657 videntur,
417 1573 479 1636 hoc
501 1573 597 1637 modo
624 1571 831 1635 statuendum
855 1570 933 1635 mihi
956 1573 1062 1635 visum
1090 1579 1147 1654 est,
1171 1580 1206 1635 ut
1228 1571 1309 1634 tales
1332 1595 1445 1636 versus
1468 1595 1521 1658 po·

125 1679 188 1742 tius
211 1680 382 1759 reicerem3
406 1699 482 1740 nam
505 1679 537 1739 in
561 1678 672 1762 primis
694 1677 728 1739 in
752 1675 939 1760 quaestione
964 1677 1099 1738 metrica
1119 1675 1365 1740 fundamentum
1386 1679 1520 1741 certissi-

126 1803 215 1845 mum
239 1791 336 1866 atque
360 1783 564 1846 sanissimum
587 1801 656 1842 esse
681 1777 800 1842 debere
823 1780 946 1862 putavi.
979 1801 1079 1862 quare
1103 1778 1144 1842 de
1166 1782 1279 1862 paucis
1301 1782 1521 1845 tantummodo

126 1884 205 1948 locis
228 1885 391 1969 agendum
415 1887 554 1970 suscepi,
579 1883 760 1969 dequibus
784 1905 856 1946 meo
880 1883 1011 1968 quidem
1034 1884 1153 1947 iudicio
1178 1887 1257 1948 certi
1280 1885 1401 1969 aliquid
1425 1889 1521 1950 statui

127 2012 221 2074 posse
248 1989 431 2056 videbatur.
478 1999 554 2052 sunt
585 1996 691 2052 autem
722 1987 806 2071 hi:,¹)
836 1990 878 2050 in
897 1986 1091 2071 Antiphanis
1123 1988 1161 2051 fr.
1194 1987 1249 2071 21,
1285 1988 1372 2074 quod
1403 1990 1521 2072 legitur

127 2092 215 2179 apud
239 2093 403 2158 Pollucem
425 2093 503 2175 IIII,
534 2092 604 2173 125,
629 2114 743 2155 versus
769 2090 852 2154 alter
879 2090 897 2156 ὃ
924 2093 1080 2176 πρότερόν
1106 2087 1182 2156 ποτ’
1204 2089 1242 2180 ἦν
1268 2099 1336 2171 τοῖς
1362 2092 1398 2169 ἐξ
1425 2097 1521 2179 ἀγροῦ

126 2197 220 2279 βουσὶ
235 2201 383 2284 σταθμός
397 2207 509 2282 aperte
530 2220 594 2260 una
617 2195 743 2281 syllaba
765 2195 926 2275 abundat3
951 2217 1032 2280 quae
1056 2217 1107 2258 res
1131 2205 1166 2259 ut
1188 2196 1327 2277 tollatur,
1349 2197 1431 2260 duae
1448 2200 1519 2260 viae

126 2305 308 2388 propositae
333 2319 415 2366 sunt.
462 2303 581 2366 etenim
605 2299 782 2366 Salmasius
805 2302 934 2386 scripsit
955 2298 974 2364 ὃ
996 2298 1072 2385 πρίν
1094 2293 1178 2379 ποτ’,
1201 2299 1373 2364 Behkerus
1397 2300 1415 2366 ὃ
1437 2303 1520 2386 πρό-

125 2431 216 2493 τερον
246 2401 355 2494 [noa'l
402 2417 498 2491 atque
530 2426 725 2490 quamquam
756 2405 860 2487 primo
891 2403 1048 2487 adspectu
1078 2401 1139 2465 hae
1170 2406 1373 2469 coniecturae
1407 2427 1519 2489 parem

124 2533 203 2595 prae
215 2532 250 2574 se
263 2512 348 2575 ferro
359 2511 510 2576 videntur
525 2507 763 2594 probabilitatis
780 2508 931 2592 speciem,
948 2516 1066 2584 tamen,
1084 2509 1110 2569 si
1127 2528 1195 2570 rem
1214 2506 1518 2593 palaeographicam

125 2616 316 2699 respexeris,
341 2614 476 2678 dubium
499 2636 562 2677 non
586 2613 658 2693 erit,
681 2613 759 2696 quin
780 2633 846 2673 una
869 2609 1014 2673 Bekkeri
1038 2613 1224 2674 coniectura
1246 2633 1323 2675 vera
1351 2613 1392 2674 sit
1414 2633 1519 2674 emen·

1331 2715 1358 2750 τε

126 2771 223 2834 datio.
271 2793 345 2835 cum
373 2773 458 2834 enim
486 2772 642 2856 πρότερον
669 2768 825 2852 scriptum
853 2775 938 2828 esset
961 2786 1019 2850 per
1042 2765 1271 2850 compendium
1294 2769 1396 2852 apol),
1425 2766 1520 2830 facile

126 2896 185 2957 per
212 2874 463 2960 dittographiam
491 2895 588 2958 quam
617 2872 753 2935 dicimus
776 2870 854 2933 illud
882 2871 964 2934 ποτὲ
987 2872 1096 2933 enasci
1118 2871 1231 2954 potuit.
1278 2869 1407 2934 accedit
1433 2869 1519 2955 quod

126 2977 207 3041 haec
237 2979 345 3042 mendi
377 2978 550 3064 explicatio
581 2978 700 3061 optime
731 2973 961 3058 comprobatur
990 2975 1060 3057 ipso
1090 2972 1152 3036 loci
1183 2995 1292 3037 sensu:
1324 2977 1362 3038 τὸ
1396 2972 1520 3039 altalon

126 3081 302 3168 πεποίηκεν
316 3083 532 3169 ἐργαστήριον,
556 3080 574 3146 ὃ
594 3087 749 3165 πρότερον
763 3076 800 3167 ἦν
824 3128 857 3142 ..
880 3079 1037 3160 σταθμός,
1055 3076 1117 3140 ‘die
1132 3078 1245 3158 Hutte,
1266 3076 1387 3140 welche
1409 3077 1521 3141 frtihcr

126 3188 177 3249 ein
206 3185 285 3249 Stall
309 3187 396 3267 war',
420 3187 451 3251 h.
476 3209 504 3249 e.
529 3187 738 3270 priusquam
766 3182 994 3245 transformata
1022 3190 1071 3244 est
1099 3202 1174 3244 casa
1202 3183 1235 3245 in
1259 3180 1432 3263 officinam,
1455 3203 1519 3245 non

126 3288 144 3354 ὃ
166 3293 322 3378 πρότερόν
344 3285 419 3356 ποτ)
435 3291 488 3354 vel
509 3290 528 3356 ὃ
550 3288 627 3376 πρίν
648 3282 724 3352 nor’
739 3285 776 3374 dv
800 3336 831 3350 ..
857 3287 1014 3368 σταθμός,
1036 3283 1169 3348 ‘welche
1193 3284 1304 3348 frtiher
1328 3285 1445 3349 einmal
1468 3287 1519 3347 ein

125 3393 205 3458 Stall
229 3395 316 3475 war',
340 3396 385 3460 ita
407 3403 444 3459 ut
467 3395 600 3478 cogitari
624 3393 724 3478 possit
748 3412 857 3453 casam
880 3388 998 3452 deinde
1021 3389 1156 3452 fortasse
1180 3387 1277 3452 aliam
1297 3389 1429 3452 adrem
1449 3391 1521 3453 usui

125 3499 233 3581 fuisse,
257 3499 361 3563 donec
384 3499 514 3563 officina
537 3499 624 3562 facta
646 3506 741 3559 esset.
787 3494 873 3557 idem
901 3493 968 3556 fere
992 3493 1080 3556 valet
1108 3493 1148 3556 de
1172 3493 1342 3556 Menandri
1365 3493 1403 3555 fr.
1427 3493 1520 3574 393„

127 3603 183 3666 ubi
205 3625 263 3688 pro
285 3606 340 3669 τόν
362 3627 442 3669 ποτε
466 3602 636 3688 ἀβέλτερον
658 3598 832 3684 legendum
857 3606 906 3660 est
929 3618 1003 3660 cum
1025 3595 1146 3661 Cobeto
1169 3600 1224 3663 τὸν
1246 3599 1401 3684 πρότερον
1423 3595 1520 3678 ἀβέλ-

126 3730 225 3793 τερον.
249 3745 292 3754 -
315 3707 356 3772 de
391 3707 587 3793 Antiphanis
622 3705 660 3769 fr.
697 3703 776 3785 1003
812 3703 892 3764 certi
927 3699 1049 3784 aliquid
1083 3701 1219 3796 proferri
1253 3722 1348 3786 posse
1382 3699 1520 3780 videtur,

125 3813 317 3896 praesertim
340 3833 414 3875 cum
438 3812 606 3889 sententia,
632 3831 715 3894 quae
742 3809 846 3871 inesse
872 3804 970 3869 debet
996 3804 1071 3868 huic
1095 3805 1212 3885 versui,
1236 3805 1401 3867 notissima
1424 3814 1520 3887 atque

126 3915 313 4000 planissima
336 3917 391 3980 sit:
420 3916 549 3980 ‘Besser
575 3917 617 3977 ist
643 3936 677 3978 es
703 3912 765 3975 100
788 3911 926 3975 Stadien
950 3932 990 3973 zu
1017 3912 1132 3988 renen,
1157 3908 1205 3972 als
1232 3911 1303 3972 eine
1326 3908 1455 3972 Klafter
1481 3931 1521 3971 nu

127 4018 257 4102 segeln’.
305 4019 390 4104 quod
419 4021 445 4083 si
472 4019 557 4083 hanc
584 4017 883 4102 interpretationem
910 4024 1067 4093 tenemus,
1098 4015 1163 4076 iam
1191 4013 1407 4094 intellegimus
1435 4011 1521 4076 nullo

126 4130 221 4203 pacto
250 4122 400 4187 sufficere
424 4123 560 4187 verbum
582 4123 702 4201 ἐλθεῖν,
730 4119 787 4182 sed
815 4139 896 4203 opus
924 4137 995 4179 csse
1023 4115 1254 4197 additamento,
1283 4137 1346 4200 quo
1377 4117 1522 4200 perfecta

230 4399 249 4463 ¹)
267 4402 410 4452 Poetarum
429 4404 579 4468 fragmenta
598 4403 678 4450 citavi
697 4398 843 4449 secundum
862 4396 912 4444 Th.
930 4395 1028 4444 Kochii
1047 4393 1199 4444 editionem.

230 4484 250 4550 ²)
268 4487 308 4537 of.
322 4490 523 4541 Wattonbachii
542 4491 638 4540 librum
657 4487 816 4549 ‘Anleitung
834 4498 882 4532 zur
899 4482 999 4547 griech.
1013 4481 1215 4547 Paldographie'
1235 4479 1288 4530 tab.
1306 4481 1336 4528 18
1350 4484 1377 4528 et
1390 4479 1522 4529 Cobetum

125 4567 224 4620 Mncm.
243 4573 305 4635 1111,
324 4577 374 4626 264
394 4577 471 4641 (Nov.
492 4577 552 4625 lect.
572 4593 595 4641 p·
615 4575 669 4639 80).
1316 4651 1331 4701 ᾖ
1351 4649 1367 4682 ῃ

1337 4655 1348 4700 l
