3392 5067
200 216 238 280 18

197 408 330 471 Tacitus
362 407 460 491 igitur
493 414 525 468 et
551 402 710 468 Octaviae
738 404 877 487 scriptor
904 401 1020 465 eadem
1049 423 1129 465 voce
1158 401 1326 466 ‘maerens'
1354 404 1389 465 in
1416 400 1531 466 eadem
1558 424 1595 464 re

197 511 414 577 describenda
429 511 480 574 usi
495 518 578 575 sunt.
610 509 669 572 sed
684 507 763 593 qnid
778 506 877 571 inde?
909 507 980 591 quis
995 527 1114 591 quaeso
1130 528 1173 569 ex
1188 505 1251 570 hac
1273 526 1399 570 recum
1421 505 1608 591 Brauni01)

198 616 371 682 concludet
384 615 460 679 huic
476 614 582 677 Taciti
603 613 711 676 locum
725 619 800 676 ante
817 610 926 675 oeulos
941 610 1151 675 obversatum
1166 609 1258 673 esse?
1289 610 1424 674 Tacitus
1441 611 1595 674 ‘maeren-

198 722 257 784 tes’
282 722 412 805 scripsit
434 727 568 804 propter
590 715 786 782 antecedens
811 715 998 797 laetantes,
1022 712 1180 780 Octaviae
1204 716 1343 799 scriptor
1364 712 1482 779 eadem
1504 736 1595 798 voce,

198 826 364 911 aptissima
393 845 470 887 sane
500 821 543 886 ad
573 844 642 886 rem
665 822 863 907 minimeque
887 821 1042 906 quaesita,
1077 842 1154 884 usus
1184 829 1235 883 est
1257 819 1372 884 eodem
1401 819 1507 902 modo,
1532 839 1594 903 quo

16 940 18 1021 j
114 960 117 963 ·
198 928 355 993 similibus
370 927 450 991 locis
466 948 538 991 eam
554 925 712 1007 adhibuit,
736 925 825 990 velut
840 947 872 989 v.
888 924 941 1007 46,
965 924 1017 1002 60,
1043 924 1117 1007 104,
1142 923 1214 988 176.
1241 926 1343 989 risum
1364 924 1464 1008 igitur
1485 931 1597 988 movet

198 1034 320 1114 Braun,
344 1034 399 1116 qui
421 1031 477 1095 tali
499 1030 570 1095 loco
593 1028 716 1116 aliquid
739 1027 948 1093 tribuendum
970 1050 1040 1092 esse
1064 1028 1235 1113 censeat.²)

301 1136 341 1201 In
364 1135 436 1201 Oct.
453 1134 493 1199 21
502 1155 560 1220 sq.:
585 1133 710 1197 tulimus
732 1155 839 1197 saevae
862 1132 949 1197 iussa
971 1154 1142 1197 novercae.
1160 1179 1167 1195 .
1185 1180 1205 1210 .,
1236 1131 1366 1217 47sqq.:
1392 1132 1593 1217 (maeret...

198 1243 302 1327 soror)
327 1290 334 1305 .
358 1290 364 1304 .
388 1289 394 1303 .
416 1241 528 1305 conium
549 1262 603 1305 aec
625 1261 736 1323 proves
760 1237 858 1302 luctae
879 1237 961 1301 valet
976 1285 984 1300 .
1002 1285 1034 1299 ..
1059 1248 1156 1322 tepere
1179 1246 1212 1301 et
1233 1237 1312 1300 Tac.
1329 1236 1414 1300 Ann.
1437 1235 1525 1299 XIII
1541 1235 1595 1299 lb:

204 1346 334 1411 Octavia
361 1367 476 1431 quoque
500 1392 507 1407 .
533 1392 540 1408 .
565 1393 572 1408 .
597 1343 732 1407 dolorem
760 1343 924 1406 caritatem
950 1342 1047 1406 oanis
1075 1340 1202 1427 affectas
1229 1340 1413 1405 absandere
1439 1340 1596 1404 didicerat

199 1474 282 1537 quae
306 1450 421 1515 similia
442 1451 550 1530 insint,
573 1470 638 1513 non
661 1447 766 1512 video.
798 1448 940 1533 itemque
962 1447 1048 1510 inter
1062 1444 1135 1509 Oct.
1152 1444 1294 1530 45sq.3):
1317 1445 1406 1507 caius
1429 1443 1596 1531 (Neronis)

199 1556 351 1619 eatinctus
372 1555 452 1618 iacet
466 1554 579 1639 frater
594 1551 832 1639 (Britannicus)
855 1553 977 1615 oeneaie
1001 1560 1033 1615 et
1055 1551 1134 1615 Tac.
1151 1550 1237 1615 Ann.
1257 1550 1341 1614 XIII
1359 1550 1452 1635 lbsq.
1476 1549 1596 1613 autca-

200 1659 266 1722 tam
298 1658 440 1723 Caesaris
465 1659 556 1722 iuncta
586 1659 768 1742 decoquitur
797 1659 881 1721 uirus
912 1656 1040 1742 capnitis
1067 1666 1160 1719 antea
1186 1656 1309 1719 oeaeaia
1337 1654 1486 1739 rapidum
1508 1654 1597 1719 nulla

200 1762 264 1827 alia
280 1762 454 1827 similitudo
470 1761 643 1827 intercedit
657 1762 718 1826 nisi
734 1761 819 1846 quod
837 1760 1009 1824 decadem
1032 1781 1079 1842 re,
1103 1758 1144 1823 de
1160 1759 1340 1823 Britannici
1363 1779 1455 1840 nece,
1479 1758 1596 1842 agitur,

201 1888 283 1951 quae
305 1876 474 1951 praeterea
498 1866 571 1931 Oct.
595 1864 721 1950 llasq,
748 1864 876 1949 lttsq,
902 1863 974 1947 182,
998 1863 1072 1945 226,
1096 1861 1159 1925 242
1183 1869 1462 1925 commemoratur.
1508 1871 1597 1925 certe

201 1971 249 2035 his
272 1969 351 2034 locis
374 1969 521 2035 omnibus
536 1969 623 2034 Nero
646 1978 813 2054 tamquam
832 1968 1015 2033 Britannici
1037 1969 1127 2030 necis
1150 1975 1262 2031 auctor
1285 1966 1486 2051 apertissime
1503 1967 1597 2050 signi-

200 2075 327 2157 ficatur,
352 2078 434 2138 sicut
456 2073 544 2159 apud
567 2074 718 2138 Tacitum
740 2073 760 2139 l.
783 2096 822 2155 c.,
844 2072 933 2157 apud
957 2070 1147 2136 Suetonium
1170 2071 1246 2135 Ner.
1268 2070 1319 2150 33,
1342 2070 1483 2133 Dionem
1506 2068 1596 2135 Cass.

201 2179 282 2243 LXI
300 2179 329 2261 7,
352 2178 527 2264 Iosephum
549 2178 700 2243 Flavium
715 2176 792 2241 Ant.
809 2176 882 2240 Iud.
899 2177 968 2240 XX
984 2175 1013 2252 8,
1030 2176 1061 2258 2,
1086 2175 1292 2240 scholiastam
1316 2174 1358 2238 ad
1381 2174 1496 2238 Iuven.
1512 2174 1529 2237 I
1545 2174 1596 2237 71.
1680 2243 1681 2258 ³

202 2293 235 2347 at
258 2284 389 2347 minime
412 2284 556 2368 profecto
579 2282 655 2345 inde
679 2280 787 2366 colligi
809 2290 916 2367 potest
932 2280 1090 2345 Octaviae
1114 2283 1305 2365 scriptorem
1327 2280 1385 2343 hos
1410 2301 1521 2343 omnes
1544 2279 1599 2343 vel

202 2409 302 2451 unum
318 2388 414 2451 exiis
436 2388 579 2467 novisse3
603 2408 678 2449 nam
701 2387 766 2449 iam
782 2394 857 2449 ante
881 2406 935 2449 eos
958 2385 1040 2449 haee
1063 2385 1105 2449 dc
1121 2385 1301 2448 Britannici
1324 2405 1406 2447 nece
1429 2383 1517 2448 fama
1531 2382 1599 2446 uul-

201 2502 277 2577 gata
305 2492 413 2577 66614)

305 2596 626 2682 Sequiturlocus,qui
636 2593 921 2680 Brauuio⁵)magni
930 2596 1084 2659 momenti
1095 2591 1601 2676 cssevidebatur,dicovv.49sq.:
1680 2585 1681 2650 j

204 2700 544 2786 crudelisoirileeereta
552 2700 670 2785 rescipit
682 2698 1069 2785 semper(Octavia)atque
1081 2699 1152 2762 odio
1159 2700 1254 2784 pari.
1266 2749 1272 2761 .
1284 2696 1321 2783 .⁶)
1330 2696 1419 2783 apud
1427 2696 1505 2761 Tac.
1515 2698 1602 2759 enim
1680 2705 1681 2712 ’

202 2805 289 2870 Ann.
306 2804 391 2869 XIII
406 2804 454 2887 12,
473 2826 535 2890 quo
558 2803 629 2867 loco
646 2803 724 2867 dum
740 2803 781 2867 (16
797 2802 881 2867 Acte
904 2803 1042 2867 Neronis
1064 2802 1182 2866 liberta
1204 2801 1359 2866 nonnulla
1383 2800 1601 2885 proferuntur,

205 2910 340 2973 Neronis
362 2920 477 2972 secreta
494 2918 797 2973 commemorantur.
822 2929 920 2992 quam
934 2930 1003 2971 rem
1019 2907 1130 2970 Braun
1153 2909 1221 2970 sine
1244 2905 1309 2969 ullo
1331 2906 1401 2968 iure
1423 2926 1482 2990 pro
1506 2926 1540 2967 se
1555 2903 1603 2966 fa·
1680 2917 1681 2926 ¹

204 3036 278 3078 cere
302 3014 477 3078 contendit.
509 3033 584 3077 nam
608 3035 682 3077 cum
698 3013 830 3076 Tacitus
854 3011 936 3076 haee
959 3034 997 3076 eo
1019 3012 1089 3076 loco
1105 3010 1234 3094 dixerit,
1258 3031 1321 3094 quo
1343 3009 1385 3072 de
1400 3009 1483 3074 Acte
1498 3006 1604 3072 verba
1680 3069 1681 3072 ,

309 3207 327 3269 ¹)
347 3206 417 3255 Num
435 3206 458 3255 is
476 3204 566 3254 locum
584 3205 671 3255 Taciti
689 3209 761 3254 recte
779 3203 953 3267 intellexerit,
976 3204 1082 3270 dubit03
1106 3204 1146 3253 ita
1169 3203 1239 3252 enirn
1264 3217 1326 3251 eum
1348 3201 1443 3266 adfert,
1467 3206 1498 3251 ut
1523 3205 1604 3265 putes

204 3293 287 3343 verba
302 3292 364 3341 illa:
385 3293 469 3356 ‘sigua
488 3291 579 3342 dedit.
595 3330 601 3343 .
616 3293 630 3342 .'
649 3292 682 3341 dc
701 3290 846 3341 Messalina
865 3291 937 3340 dicta
955 3305 1020 3340 esse.

308 3377 329 3442 ²)
348 3378 478 3428 Numerat
497 3379 569 3427 enim
587 3378 659 3428 hunc
677 3377 767 3427 locum
786 3380 929 3441 intereos,
948 3377 981 3426 de
1000 3378 1097 3442 quibus
1115 3392 1140 3441 p.
1155 3378 1188 3425 23
1207 3375 1284 3425 dicit:
1304 3376 1379 3425 ‘Dies
1398 3376 1444 3439 (sc.
1460 3374 1603 3424 Octaviam

205 3482 238 3516 ex
250 3466 338 3515 Taciti
350 3466 503 3516 narratione
521 3465 650 3529 pendere)
670 3462 762 3514 hoffen
774 3466 822 3512 wir
836 3480 870 3512 au
883 3465 1024 3513 crweisen:
1046 3462 1072 3527 1)
1086 3462 1188 3525 ,Durch
1206 3462 1352 3512 desselben
1371 3460 1555 3511 tusserlichen
1573 3461 1604 3509 in
1680 3449 1681 3472 ¹

206 3553 252 3602 der
265 3550 445 3617 Capitelfolge
457 3551 514 3601 sich
528 3552 746 3617 kundgebenden
758 3550 1001 3615 Zusammenhang‚
1020 3566 1061 3599 wo
1073 3550 1143 3600 auch
1155 3550 1285 3599 mitunter
1303 3548 1477 3598 dieselben
1490 3548 1605 3596 Worte
1680 3530 1682 3556 a

208 3640 265 3689 sich
283 3638 422 3689 vernandt
439 3637 548 3689 finden'

309 3714 332 3791 ¹³)
351 3724 458 3776 Claudii
477 3742 547 3775 mors
566 3725 680 3787 06125,
700 3727 742 3788 44,
762 3726 803 3786 65,
824 3726 881 3787 102,
903 3726 997 3789 164sq.
1017 3722 1191 3789 significatur,
1210 3723 1243 3772 de
1262 3738 1316 3787 qua
1334 3737 1367 3772 ex
1386 3724 1450 3772 Tac.
1463 3721 1532 3770 Ann.
1551 3721 1605 3769 XII

207 3815 249 3876 66,
267 3812 342 3863 Suet.
357 3811 450 3862 Claud.
464 3814 506 3876 44,
524 3814 606 3863 Dion.
620 3813 692 3862 Cass.
705 3813 730 3861 X
744 3814 779 3862 34
796 3813 884 3862 edocti
906 3827 1005 3861 sumus.
1030 3812 1076 3860 sed
1095 3811 1122 3859 hi
1140 3810 1194 3860 loci
1213 3809 1280 3858 nihil
1299 3810 1333 3858 ad
1352 3824 1406 3858 rem
1426 3809 1459 3858 de
1478 3822 1532 3873 qua
1548 3807 1605 3871 agi-

206 3915 264 3949 mus
287 3900 398 3961 taciunt‚
420 3914 508 3964 neque
527 3902 671 3965 quicquam
694 3899 831 3949 lucramur
853 3898 926 3949 Suet.
945 3897 1040 3948 Claud.
1060 3900 1091 3946 17
1111 3904 1138 3947 et
1156 3896 1215 3946 Oct.
1235 3898 1268 3944 26
1278 3912 1316 3960 sq.
1336 3901 1364 3946 et
1381 3898 1415 3945 44
1425 3912 1464 3959 sq.
1483 3895 1553 3943 inter
1576 3908 1606 3943 se

207 3987 374 4051 comparatis,
392 3987 440 4036 ubi
458 3986 491 4036 de
509 3987 650 4036 Britannia
668 4001 684 4036 a
703 3986 817 4035 Claudio
835 3987 947 4036 subacta
964 3985 1066 4034 mentio
1084 3985 1203 4033 inicitur.

310 4073 331 4138 ⁴)
354 4074 440 4135 Quam
472 4074 652 4124 narrationem
679 4087 770 4122 veram
802 4087 860 4123 esse
891 4072 999 4137 quidam
1032 4075 1220 4136 negaverunt3
1256 4070 1290 4119 cf.
1320 4069 1413 4118 Herm.
1441 4068 1602 4119 Schillerum

207 4160 311 4210 ι666611.
325 4160 371 4209 (166
389 4160 465 4209 Rom.
479 4159 680 4209 Kaiserreiches
698 4164 776 4209 unter
795 4160 842 4209 der
859 4160 926 4223 Reg.
945 4159 991 4207 des
1010 4156 1092 4207 Nero'
1110 4175 1134 4223 p.
1149 4159 1182 4206 97
1200 4158 1261 4206 adn.
1281 4158 1305 4205 8.
1341 4170 1407 4205 sane
1424 4154 1558 4220 permulta
1576 4156 1605 4201 in

173 4239 176 4242 ⁴
207 4246 256 4310 his,
279 4262 348 4312 quae
368 4246 401 4295 de
419 4244 569 4296 Britannici
588 4263 655 4297 nece
678 4246 828 4309 traduntur,
853 4248 953 4307 insunt,
977 4260 1046 4310 quae
1070 4260 1163 4309 parurn
1182 4245 1238 4293 veri
1262 4241 1361 4292 similia
1378 4242 1533 4303 videantur3
1560 4238 1606 4289 sed

208 4334 317 4384 dubium
336 4350 391 4383 non
410 4339 458 4397 est,
482 4335 548 4399 quin
566 4336 619 4384 iarn
638 4335 803 4399 temporibus
821 4333 876 4382 illis
894 4334 966 4381 fama
984 4331 1018 4381 de
1035 4332 1143 4381 Nerone
1161 4332 1235 4380 necis
1253 4332 1402 4380 Britannici
1421 4334 1530 4378 auctore
1549 4342 1605 4393 per·

208 4421 351 4471 crebuerit.
488 4454 489 4459 ,

317 4508 337 4573 ⁵)
357 4507 396 4558 cf.
417 4522 478 4557 eum
496 4507 514 4557 l.
528 4524 550 4558 c.
569 4525 594 4575 p.
608 4510 641 4557 26
660 4514 687 4558 et
705 4510 746 4557 44.

312 4594 336 4659 ⁶)
353 4595 443 4643 Locus
460 4600 501 4643 est
513 4596 594 4643 variis
613 4595 774 4643 coniecturis
791 4598 946 4659 temptatus,
966 4592 999 4641 (16
1012 4608 1065 4657 quo
1084 4596 1178 4657 postea
1195 4591 1280 4640 fusius
1299 4590 1375 4639 nobis
1393 4589 1528 4654 agendum
1546 4590 1604 4638 erit.
