3392 5067
228 1054 423 1139 Priusquam
439 1064 548 1120 autem
560 1054 612 1119 ad
627 1076 696 1119 rem
719 1056 966 1140 grammaticam
982 1053 1115 1137 accedo,
1139 1076 1246 1140 pauca
1269 1053 1310 1118 de
1325 1076 1360 1118 re
1376 1056 1521 1136 metrica,

126 1179 232 1243 equa
253 1160 454 1243 potissimum
477 1160 658 1224 Hermanni
690 1167 882 1243 argumenta
906 1157 946 1223 de
969 1167 1085 1241 aetate,
1117 1180 1181 1243 qua
1210 1156 1272 1222 hoc
1295 1179 1427 1224 carmen
1451 1179 1523 1222 con-

125 1261 247 1327 fectum
277 1272 334 1341 est,
365 1262 535 1349 desumpta
562 1272 646 1346 sunt,
675 1263 914 1349 praemittenda
941 1285 1011 1327 esse
1034 1261 1196 1345 videntur,
1224 1283 1266 1326 ne
1292 1262 1378 1327 infra
1404 1261 1523 1327 talibus

126 1365 280 1432 admixtis
311 1366 485 1452 disputatio
514 1370 776 1453 interrumpatur.
822 1367 970 1447 Wielius,
995 1368 1047 1431 vir
1069 1366 1110 1430 de
1134 1365 1265 1452 Orpheo
1288 1368 1409 1452 optime
1430 1368 1523 1431 meri·

125 1479 178 1534 tus
215 1508 256 1518 --
294 1474 341 1535 616
369 1481 458 1536 recte
479 1471 615 1537 Abelius
637 1473 670 1536 in
692 1472 896 1559 praefatione
919 1470 1042 1536 iudicat
1080 1509 1120 1519 -
1157 1470 1191 1535 Il
1213 1494 1245 1557 p.
1260 1471 1281 1535 3
1298 1492 1367 1555 666.
1391 1470 1431 1535 16
1454 1492 1523 1535 666-

127 1596 201 1638 sura
230 1574 396 1641 trochaica
426 1578 513 1641 tertii
542 1577 644 1662 pedis,
672 1577 742 1661 p.6
765 1576 806 1640 de
829 1575 935 1641 vocali
966 1576 1064 1659 longa
1086 1584 1161 1640 ante
1184 1574 1331 1639 vocalem
1354 1573 1523 1660 producta,

126 1701 157 1764 p.
181 1679 199 1741 7
225 1679 265 1743 16
288 1679 388 1762 hiatu,
412 1679 463 1744 111
489 1703 521 1766 p.
545 1680 585 1744 12
609 1680 649 1745 de
673 1682 780 1765 quarti
802 1679 896 1766 pedis
921 1701 1056 1744 caesura
1078 1678 1242 1744 trochaica
1264 1689 1297 1743 et
1320 1678 1360 1742 de
1383 1678 1523 1763 elisione,

125 1782 193 1847 IIII
212 1805 243 1868 p.
263 1783 303 1847 14
326 1784 366 1848 (16
390 1783 559 1848 vocabulis
583 1784 814 1870 monosyllabis
836 1786 871 1848 in
892 1784 998 1869 prima
1020 1784 1085 1848 arsi
1107 1784 1218 1869 positis
1242 1784 1316 1867 egit.
1355 1791 1525 1868 praeterea

125 1889 157 1951 in
187 1896 349 1952 structura
375 1896 408 1951 et
437 1887 689 1973 proprietatibus
717 1888 899 1952 hexametri
927 1886 1128 1973 explicandis
1155 1888 1275 1951 versati
1302 1887 1525 1970 Argonautica

126 2001 340 2077 respexerunt
363 1991 403 2057 A.
422 1991 632 2057 Ludwiohius
661 2002 693 2058 et
716 1991 757 2058 A.
774 1992 976 2078 1166611661)
1021 1991 1074 2057 ille
1097 2014 1128 2078 p.
1152 1992 1192 2056 13
1216 1989 1311 2056 docet
1332 1992 1417 2054 inter
1440 1991 1524 2055 1376

126 2116 240 2159 versus
263 2096 558 2180 Argonauticorum
583 2097 642 2161 101
672 2097 866 2183 spondiacos
889 2118 971 2178 esse,
999 2097 1045 2160 ita
1071 2105 1107 2160 ut
1131 2106 1266 2180 quartus
1288 2096 1433 2160 decimus
1456 2096 1524 2161 fere

127 2200 263 2285 quisquc
283 2222 398 2265 versus
421 2200 619 2287 spondiacus
642 2204 683 2266 sit
706 2212 738 2266 et
759 2201 943 2266 homericus
965 2223 1119 2265 versuum
1142 2200 1390 2286 spondiacorum
1413 2223 1523 2264 nume·

128 2326 184 2367 rus
216 2314 394 2389 superetur.
439 2315 508 2371 tum
538 2305 613 2371 inde
644 2327 664 2368 a
693 2328 725 2391 p.
747 2305 789 2371 25
820 2307 965 2391 exponit,
998 2304 1110 2391 quales
1140 2306 1203 2369 sint
1227 2304 1379 2390 quattuor
1400 2306 1523 2391 priores

129 2430 283 2472 versuum
299 2408 549 2493 spondiacorum
564 2409 676 2496 pedes.
700 2409 785 2474 6116
802 2410 890 2496 6661
905 2412 938 2474 16
954 2410 1037 2491 libri,
1055 2412 1110 2495 qui
1124 2408 1311 2473 inscribitur
1327 2408 1523 2474 ‘Aristarchs

127 2511 328 2577 homerische
352 2514 553 2578 Textkritih'
577 2514 611 2577 II
632 2536 663 2601 p.
677 2514 738 2578 311
763 2516 796 2578 in
819 2513 930 2580 tabula
952 2514 995 2579 61
1018 2514 1235 2599 spondeorum
1249 2536 1343 2579 usum
1364 2513 1523 2578 illustran-

127 2616 206 2680 dum
236 2619 400 2703 proposita
429 2618 492 2681 hoo
522 2640 653 2683 carmen
682 2620 823 2705 respicit.
867 2627 942 2683 sunt
970 2620 1069 2702 igitur
1100 2618 1236 2703 spondei
1260 2619 1277 2680 1
1295 2642 1302 2680 ε
1320 2617 1425 2682 2:02
1442 2619 1461 2683 3
1479 2642 1486 2681 :
1503 2620 1524 2682 4

127 2722 161 2784 in
191 2721 340 2786 versibus
368 2721 801 2787 613:426:245:91:1.
839 2722 926 2787 unde
956 2724 1020 2786 iam
1050 2722 1146 2785 facile
1177 2724 1356 2807 computari
1387 2732 1522 2808 possunt

126 2826 262 2907 numeri,
287 2847 365 2911 quos
387 2825 568 2911 legeremus
592 2849 622 2912 p.
640 2825 714 2909 304,
738 2828 799 2891 6161
821 2826 867 2891 ibi
883 2828 1000 2891 omissa
1022 2835 1130 2890 666661
1145 2826 1376 2909 Argonautica.
1403 2831 1523 2891 extant

127 2931 213 2993 enim
235 2929 318 2993 1739
342 2930 477 3015 spondei
501 2940 533 2995 61
555 2930 638 2994 6517
664 2930 796 3016 dactyli,
820 2932 865 2996 ita
887 2940 924 2995 61
948 2939 1076 2995 centum
1097 2929 1236 3015 dactylis
1259 2930 1374 3013 viginti
1398 2939 1522 3016 septem

127 3034 263 3119 spondei
285 3026 512 3119 respondeant,
536 3036 591 3120 qui
606 3057 759 3100 numerus
775 3038 852 3099 satis
875 3056 1012 3119 magnus
1036 3043 1093 3116 est,
1118 3035 1248 3097 cumin
1265 3033 1399 3099 Homeri
1421 3034 1522 3117 libris,

127 3160 207 3222 quos
218 3137 428 3203 Ludwichius
441 3142 649 3222 examinavit,
664 3138 822 3227 spondeos
838 3138 1016 3203 habeamus
1028 3137 1168 3219 25-28,
1184 3137 1272 3225 apud
1288 3136 1522 3204 Callimachum

126 3241 265 3324 20-23,
289 3242 377 3329 apud
397 3242 604 3328 Apollonium
619 3243 671 3326 23,
694 3244 727 3307 16
751 3252 902 3328 quattuor
921 3242 1084 3328 prioribus
1100 3242 1214 3324 Quinti
1237 3242 1409 3328 Smyrnaei
1431 3243 1522 3307 libris

129 3346 265 3410 14-18,
304 3347 476 3425 Rzachius,
508 3356 544 3410 ut
574 3371 593 3412 a
623 3347 889 3435 productionibus
921 3347 1120 3433 syllabarum
1149 3349 1181 3410 in
1214 3369 1371 3411 consonas
1402 3370 1523 3412 exeun·

126 3452 207 3515 tium
230 3452 394 3537 incipiam,
426 3453 460 3515 in
482 3451 573 3535 libro,
606 3455 661 3537 qui
684 3452 873 3517 inscribitur
900 3451 1002 3517 ‘Neue
1024 3452 1178 3535 Beitrage
1206 3474 1264 3515 zur
1286 3450 1437 3516 Technik
1465 3452 1523 3517 des

126 3554 437 3620 nachhomerischen
452 3556 680 3621 Hexameters'
698 3555 935 3644 (Sitzungsber.
953 3555 1012 3620 der
1027 3555 1162 3620 Wiener
1178 3553 1282 3618 Acad.
1295 3555 1460 3640 phil-hist.
1473 3555 1522 3621 Ol.

127 3658 163 3741 O,
182 3659 197 3721 1
222 3682 277 3745 pp.
296 3659 356 3724 307
370 3659 466 3745 666),
490 3660 566 3725 1616
589 3684 609 3725 6
628 3684 659 3747 p.
674 3661 740 3726 400
759 3660 841 3725 haec
857 3660 1008 3747 exempla
1023 3660 1145 3725 adfert:
1169 3659 1238 3743 972)
1263 3660 1521 3749 (παραιφάμενος

126 3762 271 3850 ἐρεείνεις
294 3764 365 3830 6611.
388 3770 632 3851 παραιφάμενος
653 3764 802 3832 ἐπέεσσιν
824 3767 935 3850 hymn.
960 3764 1045 3829 hom.
1069 3765 1136 3828 IIII
1160 3764 1221 3829 337
1231 3766 1257 3852 3)
1286 3775 1318 3829 et
1340 3763 1420 3848 Arg.
1450 3763 1523 3847 764,

127 3866 215 3953 771),
243 3868 303 3931 717
342 3870 499 3953 (αἰγιαλὸν
521 3866 750 3956 ἐπενισσόμεθ’
773 3880 863 3935 recte
884 3873 1079 3955 impugnans
1101 3870 1281 3934 Hermanni
1306 3870 1523 3933 coniecturam

127 3972 271 4057 αἰγιαλόν
299 3966 331 4038 oi
359 3971 559 4059 ἐνισσόμεθ’;
598 3976 638 4039 cf.
663 3998 717 4063 pp.
741 3975 805 4040 370
828 3974 972 4061 61408),
1006 3974 1088 4039 1359
1119 3972 1330 4060 (περικτίονες
1352 3974 1524 4059 ἄνθρωποι

232 4184 252 4248 1)
271 4184 365 4249 Neque
383 4184 403 4234 Ι.
417 4184 573 4251 Hilbergius
591 4184 664 4251 (Ges.
682 4186 706 4237 d.
724 4186 808 4237 troch.
822 4186 1011 4237 Wortformen.
1031 4185 1145 4236 Vindob.
1160 4185 1235 4246 1878,
1254 4185 1363 4249 Princip
1382 4181 1523 4234 (16111166-

127 4272 194 4336 wiig.
208 4270 270 4320 ibid.
287 4271 364 4336 1879)
382 4270 565 4337 Argonautica
583 4272 709 4339 neglexit.
734 4288 804 4340 quae
823 4273 856 4323 de
874 4279 951 4323 textu
969 4272 1156 4323 constituendo
1175 4273 1219 4320 hic
1237 4271 1294 4321 illic
1313 4272 1354 4336 (in
1366 4271 1455 4320 indice
1473 4271 1542 4319 cri··

126 4358 181 4407 tico
199 4374 224 4407 v.
238 4358 297 4419 716,
315 4356 349 4406 16
368 4373 420 4422 666
439 4374 464 4422 p.
481 4358 529 4408 115
547 4360 630 4410 verba
647 4359 724 4423 fiunt,
740 4354 921 4412 desideratur:
945 4377 970 4426 p.
986 4361 1017 4409 17
1037 4359 1238 4425 typothetarum
1256 4373 1345 4408 erroro
1363 4374 1387 4406 v.
1407 4358 1456 4406 715
1476 4372 1522 4422 pro

127 4445 176 4493 751
197 4446 298 4509 positus
316 4444 367 4508 661)
386 4444 533 4507 adnotavit,
551 4446 679 4497 hocloco
699 4449 853 4498 examinare
870 4463 925 4497 non
942 4446 1054 4497 adtinet.

231 4531 253 4596 ²)
272 4532 395 4582 Numeris
413 4537 474 4581 utor
492 4532 617 4582 editionis
635 4534 791 4585 Abelianao.

231 4618 253 4683 1)
271 4620 303 4669 16
322 4621 441 4670 versibus
459 4619 574 4671 citandis
592 4635 690 4685 sequor
708 4622 837 4672 Gemollii
855 4622 1002 4674 editionem
1021 4622 1141 4687 (Lipsiae
1161 4619 1247 4687 1886).

1320 4706 1368 4754 16*
