3392 5067
144 202 207 265 276

145 399 273 479 θνογτῶν
295 393 485 477 ἀνθρώπων,
516 391 546 454 εἰ
574 388 628 455 καὶ
657 391 743 472 μάλα
765 414 813 468 τις
836 395 961 475 θρασὺς
981 390 1040 477 εἴη,
1069 391 1121 454 Ill
1147 391 1206 453 196
1228 397 1299 469 τοῖς
1320 391 1352 456 εἴ
1371 415 1443 469 παις
1465 395 1535 476 ἐρύ-

144 518 257 582 σαιμεν
280 490 427 579 Ἀχιλλέα
451 493 628 583 δῃωθέντα,
652 493 769 573 ἵπποις
790 496 847 577 μέν
870 494 949 578 μέγα
971 495 1066 573 κῦδος
1087 494 1276 581 δρέξομιν.1)

249 600 308 663 His
331 600 516 685 praemissis
538 598 603 661 iam
620 598 912 681 Argonauticorum
934 598 1041 663 locum
1055 622 1075 662 a
1098 601 1319 682 grammaticis
1343 601 1432 663 varie
1456 610 1537 684 trac·

144 714 247 770 tatum
277 705 494 789 inspiciamus.
546 700 740 766 Colchorum
771 724 830 765 rex
854 704 1059 786 quaesiverat
1089 726 1132 767 ex
1156 705 1353 788 Argonautis
1378 705 1470 768 cuius
1492 706 1539 767 rei

145 830 244 873 causa
273 810 305 872 in
336 817 456 873 terram
486 828 577 870 suam
602 814 634 869 et
663 805 706 870 ad
736 816 868 890 gentem
892 829 982 871 suam
1012 807 1128 872 fortem
1151 796 1338 872 venissent.
1373 809 1541 892 respoudit

143 914 238 979 Iason
270 935 303 976 se
331 935 351 975 a
381 921 495 997 patruo
520 910 624 973 vellus
647 932 781 977 aureum
813 910 937 974 Iolcum
964 912 1093 975 adferre
1123 913 1246 976 iussum
1268 913 1441 976 advenisse
1465 934 1539 976 cum

143 1021 220 1083 viris
243 1017 391 1097 fortibus,
425 1015 558 1079 deorum
581 1024 636 1078 aut
658 1013 793 1079 heroum
815 1013 898 1079 filiis.
951 1015 1136 1100 indignatus
1163 1018 1279 1081 Aeetes
1302 1016 1375 1080 dolo
1399 1016 1540 1100 quodam

144 1124 329 1206 excogitato
352 1121 444 1184 dicit:

415 1280 445 1343 εἰ
467 1280 525 1361 μὲν
547 1279 586 1363 δὴ
608 1278 784 1357 Κόλχοισιν
807 1279 1032 1365 άρηιφάτοισιν
1054 1277 1171 1342 ἐσάντα

329 1381 393 1446 845
416 1380 625 1466 μαρναμένοις
647 1382 847 1446 ἐπιθεῖσθον
869 1379 1071 1467 άποφθὶσειν
1094 1380 1186 1464 μένος
1207 1381 1332 1466 ἀνδρῶν

417 1482 554 1551 ἔλπεσθ’
571 1489 613 1563 ὥς
635 1510 688 1550 κεν
710 1485 861 1573 ἀδήριτον
883 1483 975 1569 γέρας
997 1481 1126 1551 έσσεται
1148 1486 1223 1569 ὑμῖν

415 1599 500 1667 κῶας
522 1586 724 1674 ἀειραμένους
747 1586 830 1654 ἰέναι
852 1592 934 1674 πρὸς
955 1587 1098 1675 πατρίδα
1120 1596 1213 1673 γαῖαν

415 1696 446 1759 εἰ
468 1692 505 1760 δέ
526 1719 561 1757 νο
584 1701 702 1779 παῦροι
725 1694 829 1772 ἐόντες
851 1691 1055 1759 δποκλένοιτε
1078 1696 1216 1781 φάλαγγι

416 1796 548 1887 ἡμετέρῃ
571 1800 643 1863 τότε
666 1806 724 1884 νῆα
745 1795 1020 1884 καταφθιμένοισι
1042 1804 1178 1862 κεάσσαι

330 1901 394 1966 850
416 1903 446 1966 εἰ
469 1900 504 1968 δέ
526 1900 562 1966 κέ
584 1925 641 1984 μοι
662 1898 847 1967 πείθοισθε
869 1904 907 1965 τδ
929 1900 982 1966 καὶ
1005 1902 1089 1967 πολὺ
1111 1900 1236 1987 κέρδιόν
1258 1902 1326 1966 ἐστι

313 2014 317 2021 ’
416 2003 576 2092 κρίναντες
598 2001 657 2069 τίν’
674 2005 804 2090 άριστον
827 2004 846 2093 ἣ
869 2004 905 2083 ὃς
927 2006 1152 2092 βασιλεύτερός
1173 2005 1261 2070 ἐστιν

416 2110 501 2198 δ’φρα
522 2135 557 2175 κε
579 2108 749 2197 πειρηθεὶς
770 2108 899 2175 ἀέθλων
922 2109 976 2188 οὓς
998 2113 1093 2189 αὐτὸς
1114 2108 1234 2175 ἐνίσπω

417 2223 502 2294 κῶας
523 2213 577 2304 ἕλῃ
599 2216 743 2301 χρύσειον
766 2212 784 2279 ὃ
806 2213 862 2279 καὶ
884 2212 975 2299 γέρας
997 2210 1126 2280 ἔσσεται
1147 2217 1230 2300 ὑμῖν.

250 2372 416 2455 Proposui‚
448 2392 530 2455 quae
561 2370 678 2435 Abelio
708 2380 790 2435 teste
821 2373 933 2457 optimi
961 2371 1055 2436 codd.
1081 2370 1252 2453 exhibent,
1283 2374 1543 2456 interpunctione

147 2475 292 2539 consulto
322 2472 512 2560 neglectai)
564 2484 701 2558 egerunt
731 2476 772 2539 de
803 2476 864 2538 hoc
894 2474 964 2539 loco
994 2486 1124 2559 praeter
1154 2475 1292 2540 editores
1323 2476 1460 2540 Wielius
1490 2476 1545 2539 III

147 2580 189 2643 22
202 2602 260 2665 sq,
285 2580 339 2643 Fr.
357 2579 569 2643 Schubertius
585 2579 603 2642 l.
622 2602 646 2641 s.
664 2602 692 2643 c.
708 2602 739 2665 p.
757 2578 821 2643 480
837 2602 896 2665 sq„
914 2579 1030 2643 Sitzler
1051 2578 1071 2643 l.
1090 2603 1113 2642 s.
1132 2602 1159 2642 c.
1176 2601 1428 2665 percenseamus
1445 2582 1544 2663 igitur

149 2706 231 2769 quae
254 2686 331 2747 viris
355 2683 458 2747 doctis
482 2683 727 2769 displicuermunt
774 2683 992 2764 He1mannus,
1016 2687 1072 2769 qui
1094 2686 1283 2771 ἐπιθῆσθον
1304 2684 1392 2768 legit,
1421 2707 1479 2769 pro
1501 2674 1544 2773 δή

148 2788 193 2873 (v.
212 2788 288 2872 844)
311 2812 364 2853 κεν
386 2790 595 2874 reposuit,u
564 2787 766 2852 uthaberet
754 2797 942 2852 comune
943 2812 1025 2869 ivus,
1049 2788 1136 2851 unde
1159 2788 1336 2873 penderet
1372 2790 1430 2852 sed
1453 2799 1542 2853 recte

147 2893 285 2957 Wielius
309 2892 390 2955 haec
414 2894 560 2976 opponit.
585 2892 683 2976 ‘quod
706 2915 770 2956 non
785 2894 1006 2956 necessarium
1029 2891 1128 2956 fuisse
1151 2892 1269 2956 docent
1292 2894 1457 2977 epicorum
1480 2893 1542 2956 loci

147 2996 234 3059 haud
257 2998 331 3077 rari,
361 2996 478 3080 quibus
504 2996 535 3059 εἰ
559 2997 766 3059 coniunctum
790 3005 838 3059 est
862 2996 1086 3061 coniunctivos
1132 3019 1192 3080 ego
1216 3019 1290 3061 cum
1315 2997 1430 3060 Abelio
1455 3005 1543 3081 opta·

147 3102 249 3163 tivum
280 3100 532 3183 praeferendum
563 3121 633 3163 esse
665 3100 763 3180 duc03
801 3122 876 3164 nam
909 3122 1107 3185 quamquam
1136 3102 1169 3163 in
1199 3110 1291 3164 tanta
1318 3101 1543 3185 exemplorum

146 3205 310 3289 paucitate
279 3204 546 3267 dteifficilet
491 3215 546 3266 est
577 3204 656 3267 certi
680 3203 838 3287 quidsta
789 3212 940 3286 satuere,
974 3214 1157 3268 ceterorum
1187 3206 1288 3289 script
1290 3227 1381 3268 orum
1411 3228 1472 3268 usu
1493 3227 1542 3267 re-

150 3319 261 3393 specto
285 3310 491 3372 coniunctivo
519 3310 572 3372 hic
601 3309 690 3373 locus
713 3330 777 3371 non
809 3331 879 3372 esse
903 3308 992 3372 videt
980 3319 1041 3373 tur.
1087 3331 1193 3394 neque
1217 3332 1291 3373 eum
1320 3310 1542 3375 Herwerdeno

147 3404 313 3493 faciemus,
346 3415 401 3497 qui
431 3413 450 3476 l.
476 3435 503 3475 c.
529 3433 586 3496 pro
618 3412 776 3476 ‘absurda
799 3412 912 3477 forma'
937 3414 1136 3479 ἒπιθεῖσθον
1165 3416 1315 3500 proponit
1344 3409 1541 3498 ἐποροάσιτζ

148 3518 336 3599 praesertim
367 3538 441 3579 eum
466 3516 667 3601 corruptelae
697 3519 855 3580 rationem
887 3540 921 3581 se
950 3518 1065 3601 fugere
1096 3521 1165 3603 ipse
1195 3518 1344 3583 fateatur.
1390 3521 1423 3581 iu
1455 3519 1542 3583 duali

147 3623 232 3683 enim
256 3622 455 3686 ἐπιθεῖσθον
477 3643 534 3705 pro
558 3643 692 3684 numero
715 3621 833 3706 plurali
860 3625 963 3707 posito
987 3623 1217 3687 offendendum
1240 3646 1309 3688 esse
1332 3646 1373 3686 ne
1404 3623 1541 3687 Wielius

148 3724 279 3807 quidem
307 3725 480 3807 contendit,
513 3746 708 3809 quamquam
739 3727 895 3790 suadente
927 3729 1114 3791 mutationis
1144 3728 1276 3792 lenitate
1307 3727 1406 3791 scribi
1436 3726 1542 3791 iubet:

146 3822 319 3917 ἒπιθῇσθ’,
350 3826 386 3893 ὃν
410 3827 614 3917 (ἀποφθίσει
636 3828 729 3915 μένος
751 3833 899 3918 άνδραςγι
930 3856 1006 3897 nam
1030 3835 1098 3896 sire
1125 3833 1188 3897 loci
1211 3834 1375 3913 homerici,
1400 3833 1454 3916 qui
1478 3832 1545 3895 huo

222 4074 225 4077 ·
254 4058 272 4123 ¹)
292 4058 359 4107 Loci
377 4056 521 4108 Nicandrei
540 4074 600 4108 cum
620 4064 667 4108 aut
685 4057 790 4110 obscuri
809 4066 857 4110 aut
874 4062 913 4110 ita
932 4061 1005 4111 dubii
1024 4064 1086 4124 sint,
1109 4067 1174 4111 uta
1192 4062 1313 4111 codicum
1336 4066 1442 4111 tantum
1464 4062 1544 4111 aesti-

147 4147 266 4194 matione
286 4146 417 4209 scriptura
435 4146 559 4209 pendeat,
579 4146 654 4195 nolui
673 4162 706 4195 ex
725 4162 756 4195 eo
777 4148 901 4213 exempla
919 4154 1011 4213 petere
1028 4154 1083 4199 tam
1103 4148 1208 4199 infirmo
1226 4150 1286 4198 nisa
1303 4149 1485 4199 fundamento.

252 4232 271 4297 ²)
292 4232 455 4282 ἒπιθεῑσθον
474 4232 492 4281 S
511 4239 538 4281 et
555 4239 586 4281 ut
603 4235 655 4283 vid.
669 4232 745 4300 RVo]
766 4233 922 4299 ἔτιθῆσθον
941 4236 964 4285 V
984 4234 1122 4303 .ἀνδρῶν]
1143 4234 1246 4304 άνδρας
1264 4236 1328 4285 dett.
1348 4232 1454 4286 ἔσσεται
1471 4234 1543 4300 ὑμῖν

146 4336 216 4369 unus
235 4320 253 4369 S
272 4319 315 4387 (cf.
330 4318 454 4368 Abelium
466 4321 495 4367 in
508 4320 687 4385 ephemeride,
707 4337 776 4385 quae
789 4322 944 4371 inscribitur
961 4323 1094 4389 Philolog.
1108 4322 1297 4372 Wochenschr.
1315 4338 1338 4373 a.
1354 4324 1429 4383 1882,
1441 4340 1466 4387 p.
1480 4319 1541 4387 227]

146 4402 231 4457 ’ἔσσετ’
245 4405 274 4457 ἐν
293 4406 362 4473 ὑμῖν
380 4406 485 4471 reliqui.
514 4408 538 4457 εἰ
557 4406 591 4458 δέ
606 4424 640 4459 νο
659 4407 702 4457 VS
722 4415 749 4457 et
767 4414 797 4458 ut
815 4409 868 4459 vid.
882 4408 932 4475 Vo]
953 4411 976 4460 εἰ
995 4408 1026 4460 δὲ
1044 4411 1069 4459 R
1087 4410 1249 4460 Schneidero
1268 4414 1344 4459 teste.
1370 4409 1543 4459 ὑποκλίνοιτε

146 4492 164 4542 S
183 4500 210 4542 et
227 4499 259 4542 ut
277 4494 330 4543 vid.
343 4492 376 4560 R]
396 4493 557 4558 ὑποκλίνηνε
570 4495 602 4544 V.
621 4492 742 4561 κεάσσαι]
763 4498 856 4555 κεάξαι
874 4496 924 4546 VS.
944 4497 975 4548 κέ
991 4498 1019 4546 in
1036 4498 1060 4547 V
1080 4513 1145 4547 corr.
1166 4512 1180 4545 e
1198 4496 1250 4547 καὶ.
1270 4499 1415 4547 πείθοισθε
1434 4511 1504 4544 unus
1523 4495 1544 4544 S

147 4579 191 4643 (cf.
205 4580 329 4628 Abelium
349 4580 366 4629 l.
380 4578 425 4646 c.)]
445 4584 579 4644 πείθησθε
599 4582 645 4631 rel.
664 4580 775 4648 κέρδιόν
795 4580 877 4648 ἔστιν]
897 4582 1007 4651 κέρδιον
1026 4578 1106 4651 οἶμαι
1124 4584 1150 4632 S.
