3392 5067
1441 238 1483 303 95

72 427 193 492 fabula
222 429 358 492 recitata
388 436 446 491 est.
493 448 634 512 quonam
666 435 775 491 autem
805 435 950 514 tempore
981 449 1020 491 ea
1051 450 1125 492 cum
1154 430 1269 493 ceteris
1300 429 1419 494 fabulis
1449 432 1483 494 in

71 554 178 597 unum
204 554 322 617 corpus
346 534 518 596 coniuncta
540 533 590 615 sit,
618 530 661 595 ad
688 530 847 617 liquidum
869 532 1004 618 perduci
1026 534 1146 617 nequit.
1193 534 1330 598 coniecit
1352 533 1483 619 quidem

73 637 251 723 Richter1)
279 637 321 701 ab
350 659 397 720 eo,
422 638 476 722 qui
499 636 715 722 archetypum
738 635 893 715 librorum
915 638 1110 701 recensionis
1135 637 1163 700 A
1188 646 1363 720 exorasset,
1387 636 1483 702 Octa·

72 742 161 806 viam
187 764 261 806 esse
283 750 459 827 receptam,
484 741 570 827 quod
593 740 661 805 Leo
684 740 876 827 probavitfl)
912 764 975 827 qua
991 741 1032 805 de
1048 764 1083 806 re
1104 741 1144 806 ob
1160 739 1245 805 hanc
1265 763 1396 805 causam
1416 764 1482 805 cer-

75 857 144 909 tum
169 845 329 910 iudicium
352 845 489 931 proferri
512 866 577 909 non
597 853 711 931 potest,
735 846 811 929 quia
833 847 1030 910 recensionis
1046 845 1174 910 Eunus
1198 845 1304 911 codex
1326 846 1482 910 Etruscus

75 959 176 1013 extat.
227 952 346 1014 scimus
369 958 494 1015 tantum
518 948 691 1014 Octaviam
720 951 862 1014 auctoris
894 951 1022 1015 nomine
1054 950 1223 1035 deperdito
1253 959 1385 1035 propter
1414 950 1483 1013 rhe-

73 1056 218 1119 toricum
248 1054 413 1118 scribendi
444 1075 547 1138 genus
580 1062 613 1118 et
646 1053 781 1118 fortasse
810 1064 982 1139 propterea
1013 1056 1124 1138 etiam,
1159 1054 1245 1141 quod
1279 1056 1312 1117 in
1345 1076 1383 1118 ea
1413 1057 1482 1139 ipse

76 1158 208 1222 Seneca
241 1159 420 1240 inducitur,
452 1180 526 1221 cum
560 1157 677 1222 fabulis
711 1160 779 1222 eius
814 1161 1017 1223 coniunctam
1051 1181 1129 1224 esse.
1182 1158 1297 1245 quodsi
1331 1158 1482 1222 Herculis

77 1262 195 1327 Oetaei
223 1262 368 1328 fabulam
395 1286 415 1327 a
440 1259 564 1325 Seneca
591 1262 745 1347 scriptam
772 1283 843 1325 esse
870 1262 939 1326 iure
967 1272 1119 1348 negatur,
1146 1272 1248 1328 totum
1277 1285 1394 1348 corpus
1421 1271 1482 1327 tra-

78 1367 281 1451 goediarum,
316 1388 399 1451 quae
430 1367 574 1432 Senecae
608 1388 723 1431 nomen
758 1388 837 1451 prae
868 1389 901 1431 se
932 1366 1050 1451 ferunt,
1081 1367 1159 1432 nihil
1189 1366 1276 1432 aliud
1308 1378 1356 1431 est
1386 1388 1482 1452 quam

79 1494 198 1557 corpus
230 1471 468 1556 tragoediarum
499 1469 763 1535 scholasticarum
793 1492 857 1535 uno
885 1471 1029 1554 vinculo,
1061 1471 1204 1537 Senecae
1234 1481 1269 1536 ut
1299 1472 1482 1556 gravissimi

79 1575 192 1639 talium
218 1575 403 1641 fabularum
423 1577 588 1661 scriptoris
611 1578 749 1658 nomine,
774 1577 1028 1642 coniunctorum.
1058 1576 1116 1641 sed
1135 1586 1309 1662 utcumque
1329 1576 1411 1640 haec
1430 1599 1482 1641 res

80 1703 111 1743 se
137 1680 257 1763 habet,
287 1680 321 1745 id
348 1681 501 1766 probasse
528 1680 621 1745 nobis
644 1681 794 1746 videmur
816 1681 990 1746 Octaviam
1013 1681 1119 1767 paullo
1146 1690 1219 1766 post
1240 1680 1379 1746 Neronis
1401 1703 1482 1745 mor-

82 1796 158 1867 tem,
188 1787 304 1871 primis
328 1785 515 1849 Flauiorum
542 1784 755 1870 temporibus,
785 1786 1001 1870 conscriptam
1025 1807 1096 1849 esse
1123 1785 1165 1849 ab
1189 1784 1317 1849 homine
1341 1780 1482 1869 quodam

83 1889 347 1954 scholasticorum
371 1890 518 1953 doctrina
540 1889 672 1953 imbuto.

182 2101 208 2164 '¹)
228 2100 269 2151 cf.
287 2099 369 2165 praef.
389 2116 413 2164 p.
432 2098 505 2147 XIII.

185 2186 209 2253 ²)
230 2187 269 2237 cf.
289 2187 405 2235 Hermae
423 2186 448 2235 X
465 2187 516 2233 439
524 2200 562 2249 sq.
581 2190 609 2234 et
627 2184 667 2234 ed.
687 2185 739 2235 vol.
758 2187 772 2235 Ι
788 2203 814 2251 p.
835 2190 859 2250 1,
877 2186 938 2240 adn.
958 2189 981 2236 3.
