3392 5067
1446 260 1509 326 299
1588 262 1590 266 ’

116 460 204 545 plum
227 459 370 523 locorum
393 457 484 522 velut
505 462 535 522 Β
558 456 600 520 22
627 455 779 542 Νέστορι,
806 457 862 521 τόν
892 461 931 540 ῥα
954 455 1094 540 μάλιστα
1125 456 1278 538 γερόντων
1308 449 1355 518 τῖ’
1375 447 1511 537 Ἀγαμέ-

115 585 215 649 μνων·
237 565 241 649 )
260 575 305 653 τῷ
336 587 390 648 μιν
415 563 599 646 ἐεισάμενος
619 566 824 647 προσεφώνεε
854 566 948 638 θεῖος
977 559 1097 644 όνειρος
1128 557 1183 644 (cf.
1200 565 1231 621 Z
1251 556 1329 642 398)
1360 556 1438 620 illud
1466 565 1511 643 τῷ

115 691 174 754 pro
197 669 451 733 demonstrativo
473 665 604 731 habere.
629 665 670 728 de
691 687 723 729 v.
741 664 803 729 546
826 664 913 728 infra
935 686 1040 748 agam.
1065 661 1187 726 accedo
1211 661 1253 724 ad
1276 684 1308 726 v.
1325 660 1389 723 762

543 820 657 887 αὐτίκα
679 814 712 886 οἱ
734 805 892 908 στέφανος
912 817 968 885 καὶ
989 825 1093 900 τεῖχος
1114 819 1246 906 ἐρυμνόν

356 939 416 991 762
440 929 575 1013 Αἰήτεω
597 925 769 1014 κατέφαινε
791 923 846 990 καὶ
868 926 981 990 ἄλσεα·
1005 930 1074 1002 τοῖς
1095 921 1143 989 ἔνι
1164 931 1248 1002 κῶας

439 1031 571 1116 χρύσεον
591 1034 717 1119 ᾐώρητο
739 1027 895 1118 χαλαζαίη
918 1026 975 1093 ἐντὶ
997 1035 1097 1116 φηγῷ.

116 1189 203 1275 quod
225 1189 267 1252 ad
290 1189 545 1274 praepositiones
569 1209 644 1250 cum
667 1187 856 1270 pronomine
885 1186 1137 1249 demonstrativo
1166 1185 1353 1248 coniunctas
1377 1183 1510 1263 adtinet,

115 1294 253 1377 legimus
277 1291 316 1359 οό
338 1298 418 1378 μετὰ
439 1300 545 1358 τοῖσιν
561 1292 650 1379 (146,
669 1290 756 1377 192),
779 1286 810 1355 τ’
823 1289 881 1356 ἐντὶ
902 1296 989 1356 τοῖσι
1006 1289 1110 1376 (756),
1133 1290 1168 1354 ἐν
1191 1284 1220 1355 δ’
1236 1287 1297 1373 doc
1318 1294 1392 1375 τῇσι
1409 1284 1512 1371 (898),

68 1403 70 1407 ’
114 1405 201 1464 τοῖσι
225 1393 254 1463 δ’
270 1393 321 1482 ἄρ’
335 1398 369 1463 ἐν
391 1401 566 1462 πάντεσσιν
589 1396 691 1481 (806).
737 1418 800 1459 uno
823 1397 923 1480 igitur
944 1395 1024 1478 loco,
1055 1393 1145 1457 illum
1170 1392 1252 1475 dioc,
1278 1414 1374 1478 quem
1397 1399 1513 1454 tracta-

115 1524 197 1584 mus,
229 1502 426 1587 praepositio
457 1502 636 1585 postposita
667 1508 728 1580 est,
761 1499 818 1563 sed
845 1499 928 1563 haec
953 1521 1051 1563 causa
1074 1521 1138 1562 non
1161 1497 1282 1560 sufficit
1305 1495 1347 1560 ad
1370 1495 1437 1557 vim
1460 1492 1512 1556 de-

116 1606 362 1669 monstrativam
389 1604 602 1685 reiciendum,
633 1603 806 1667 relativum
834 1605 922 1666 enim
948 1603 1144 1688 praepositio
1173 1621 1301 1686 semper
1324 1600 1478 1682 sequitur.
1490 1599 1513 1677 1)

116 1709 204 1794 apud
228 1709 409 1771 Homerum
440 1728 568 1793 quoque
598 1730 670 1772 raro
701 1716 776 1793 post
802 1706 1094 1772 demonstrativum
1117 1704 1311 1790 anastrophe
1335 1703 1515 1768 admittitur

117 1812 148 1899 (ζ
169 1813 221 1890 46,
246 1835 264 1876 ο
290 1812 360 1889 147,
384 1816 422 1876 Λ
445 1812 496 1892 36,
520 1817 550 1877 Ρ
566 1811 645 1899 459)
677 1820 709 1877 et
739 1811 827 1897 apud
855 1811 1064 1896 Apollonium
1094 1799 1236 1895 aequant
1266 1808 1334 1872 fere
1365 1809 1449 1870 inter
1479 1827 1513 1868 se

116 1917 241 1980 numeri
264 1916 418 1993 locorum,
451 1917 569 2001 quibus
592 1918 787 2001 praepositio
810 1916 988 2000 praecedit,
1020 1915 1120 1979 veluti
1143 1915 1159 1977 Ι
1182 1914 1234 1996 40,
1254 1912 1323 1990 115,
1342 1911 1415 1993 656,
1447 1911 1514 1995 qui-

115 2020 242 2105 busque
265 2023 418 2104 sequitur,
442 2021 543 2084 veluti
566 2022 582 2084 Ι
605 2020 657 2103 53,
674 2020 726 2105 96,
742 2020 799 2102 95η
823 2020 916 2084 vides
939 2021 1046 2104 igitur,
1077 2019 1175 2106 quam
1206 2017 1338 2082 difficile
1362 2017 1403 2080 sit
1429 2015 1514 2080 hanc

116 2145 186 2189 rem
209 2124 398 2189 diiudicare.
867 2159 869 2164 ·

223 2229 382 2293 Venimus
404 2228 447 2293 ad
470 2229 557 2294 locos
581 2252 680 2314 supra
703 2238 981 2310 commemoratos,
1005 2228 1061 2292 ubi
1084 2226 1244 2312 particula
1266 2231 1306 2311 ῥα
1328 2225 1441 2288 addita
1456 2232 1514 2288 est.

115 2335 147 2396 in
171 2356 225 2397 vv.
243 2333 305 2397 237
332 2334 404 2422 (τήν
426 2336 480 2421 ῥα)
510 2343 543 2396 et
573 2333 655 2397 1070
679 2331 732 2422 (τῇ
755 2333 810 2419 ῥα)
843 2355 1020 2418 pronomen
1051 2332 1302 2396 demonstrative
1333 2328 1516 2394 adhibitum

119 2458 190 2500 esse
212 2447 345 2523 propter
368 2441 600 2502 sententiarum
624 2459 786 2503 conexum
808 2440 887 2502 mihi
911 2438 1048 2503 videtur.
1094 2437 1182 2502 idem
1208 2435 1297 2500 valet
1324 2434 1365 2498 de
1388 2457 1419 2497 v.
1442 2432 1514 2512 803,

117 2544 144 2605 si
168 2565 242 2607 cum
265 2542 461 2607 Ruhnkenio
488 2565 547 2627 pro
574 2540 629 2608 καί
655 2547 694 2627 ῥα
716 2538 784 2608 τότ’
807 2543 981 2606 scribimus
1007 2539 1142 2626 (Ἀργώ)
1166 2543 1223 2628 τήν
1246 2545 1285 2626 ῥα
1307 2532 1376 2604 τότ’
1387 2539 1517 2626 Αἰήτης

118 2641 294 2733 ἐσέδρακεν.
333 2656 365 2710 et
389 2669 462 2711 cum
485 2645 623 2713 verbum
645 2645 850 2732 εἷσόέρκομαι
873 2645 1019 2712 absolute
1042 2667 1105 2708 non
1122 2654 1296 2730 usurpetur
1316 2652 1349 2705 et
1371 2643 1409 2706 iis
1433 2663 1516 2726 quac

118 2759 297 2835 sequuntur
314 2751 363 2835 (ἐν
380 2745 409 2816 δ’
425 2753 486 2836 ἄρα
501 2751 641 2829 πολλοὺς
661 2749 763 2838 ἑξείης
784 2751 903 2839 ήρωας)
929 2753 1022 2814 navis
1039 2751 1160 2813 mentio
1177 2750 1336 2831 exigatur,
1360 2748 1393 2808 in
1409 2745 1517 2808 Ruhn-

118 2856 207 2919 kenii
235 2856 421 2919 coniectura
444 2857 593 2941 quamvis
624 2854 766 2918 violenta
795 2855 982 2941 adquiesco.
1028 2877 1059 2917 v.
1084 2853 1167 2918 1053
1190 2877 1220 2938 p.
1238 2851 1302 2915 249
1331 2849 1372 2913 de
1395 2873 1429 2914 re
1453 2871 1517 2913 me-

119 2962 202 3024 trica
230 2981 330 3044 agens
358 2961 449 3043 tetigi
478 2969 511 3022 et
534 2960 603 3024 dixi
626 2969 682 3023 aut
703 2963 760 3024 τὸν
783 2956 811 3025 δ’
828 2961 890 3046 όρα
912 2968 969 3023 aut
990 2961 1046 3024 τόν
1068 2963 1108 3044 ῥά
1130 2981 1165 3022 τε
1188 2956 1413 3042 reponendum
1439 2954 1517 3019 mihi

118 3065 233 3128 videri.
258 3086 396 3149 quorum
418 3062 480 3126 hoc
502 3065 607 3148 magis
630 3064 746 3149 placet,
771 3064 858 3148 quod
881 3065 1081 3128 enuntiatum
1104 3062 1275 3126 relativum
1297 3061 1417 3145 requiri
1439 3068 1516 3145 puto

118 3168 162 3232 ad
186 3169 364 3252 Sarangem
389 3169 649 3232 describendum.
693 3177 837 3231 ceterum
861 3190 923 3231 non
946 3166 1082 3232 multum
1105 3169 1248 3250 interest,
1279 3188 1357 3229 num
1379 3164 1441 3228 hoc
1464 3163 1517 3227 vel

119 3272 173 3337 illo
204 3274 274 3337 loco
304 3293 482 3358 pronomen
513 3272 686 3336 relativum
717 3295 786 3336 esse
810 3270 1020 3356 statuatur32)
1051 3293 1126 3336 nam
1150 3272 1276 3356 saepius
1299 3268 1421 3334 formae
1448 3291 1518 3354 pro-

224 3450 243 3513 1)
263 3451 304 3514 45,
321 3451 363 3512 54,
380 3451 422 3512 τι,
440 3451 499 3511 614,
518 3450 576 3510 ιιι,
595 3449 653 3510 118,
671 3450 729 3508 res,
747 3449 806 3509 ιιι,
827 3450 900 3498 1191.
937 3450 1002 3496 tem
1026 3447 1097 3513 apud
1115 3448 1263 3496 Homerum
1283 3445 1342 3510 (ιιι.
1356 3445 1383 3495 ιι
1401 3444 1452 3494 aab
1470 3445 1518 3506 111,

119 3538 183 3587 Otto
201 3538 222 3599 I,
237 3536 332 3602 tsqq.)
352 3537 471 3600 exeeptis
490 3536 541 3584 his:
561 3537 599 3591 εἰς
617 3536 633 3584 ό
651 3551 705 3596 κεν,
725 3534 753 3594 ἐξ
771 3524 811 3596 οὗ,
831 3533 860 3593 ἐξ
879 3526 915 3598 ἧς.
936 3533 964 3594 ἐξ
983 3523 1015 3584 οὗ
1033 3537 1061 3583 in
1080 3534 1267 3598 Argonauticis
1280 3547 1387 3597 quoque
1406 3532 1518 3597 legitur:

120 3627 177 3675 750.
206 3625 322 3674 eundem
341 3639 441 3672 morem
460 3628 601 3672 servarunt
621 3621 803 3671 Callimachus
826 3622 869 3687 (ef.
883 3623 910 3670 ll
929 3623 969 3686 78,
987 3623 1028 3671 III
1048 3623 1106 3684 138,
1119 3623 1178 3683 206,
1196 3620 1234 3668 VI
1253 3622 1294 3681 39,
1308 3621 1349 3682 55,
1363 3620 1416 3685 64),
1439 3618 1518 3685 Apol·

119 3712 208 3762 lonius
227 3712 297 3774 (etr
316 3712 376 3774 286,
394 3712 422 3760 Π
439 3709 510 3773 396),
530 3711 646 3771 Quintus
665 3709 709 3774 (cf.
729 3711 742 3758 I
762 3707 831 3777 145).

224 3799 246 3865 ²)
263 3799 365 3848 Eadem
385 3798 517 3847 dubitatio
536 3797 569 3846 de
588 3796 725 3845 nonnullis
743 3796 877 3846 adverbiis
896 3803 943 3847 est.
963 3798 1013 3846 472
1032 3796 1144 3846 Abelius
1162 3797 1200 3845 sic
1219 3795 1398 3861 interpungit:

448 3920 606 3974 Σιντιακαῐς
624 3914 650 3966 d'
663 3916 802 3985 όφρύσσιν
821 3917 971 3984 ἐκέλσαμεν
990 3897 1112 3968 onustos
1130 3918 1198 3980 νηόν

378 4008 428 4055 472
447 4005 558 4072 Λήμνῳ
578 4004 608 4055 ἐν
627 4006 746 4073 ἠγαθέη·
765 4006 830 4056 τόθι
848 4022 899 4072 περ
917 4007 985 4056 κακὰ
1004 4003 1071 4073 ἔργα
1089 4004 1209 4071 μεμήλει

446 4093 619 4160 θηλυτέραις·
638 4093 669 4142 αἳ
686 4096 739 4160 γάρ
759 4094 786 4142 ot
804 4091 975 4144 ἄιστώσαντο
994 4090 1151 4148 σονεύνονς.

119 4230 179 4263 meo
203 4215 310 4280 quidem
333 4215 433 4265 iudicio
458 4231 563 4265 comma
585 4215 739 4280 ponendum
763 4221 812 4278 est,
835 4218 875 4266 ita
897 4221 927 4265 ut
950 4230 1037 4280 aeque
1060 4220 1142 4280 atque
1166 4215 1195 4263 in
1213 4229 1239 4263 v.
1252 4215 1302 4263 628
1323 4213 1388 4264 τόθι
1406 4213 1520 4264 relative

119 4301 287 4351 adhibeatur.
312 4301 446 4367 pluribus
465 4302 532 4351 locis
550 4302 583 4352 de
602 4301 800 4368 significatione
818 4303 940 4352 adverbii
959 4299 1028 4352 ’ἔνθα
1047 4303 1144 4366 agitur.
1175 4299 1244 4352 ἔνθα
1263 4303 1370 4366 saepius
1389 4328 1420 4337 —
1440 4301 1519 4366 parti-

120 4389 181 4438 cula
204 4387 238 4439 dt
258 4390 417 4454 plerumque
439 4389 530 4438 addita
553 4418 585 4425 —
609 4390 819 4440 demonstrative
841 4390 985 4439 adhibetur
1009 4394 1036 4438 et
1059 4404 1138 4438 sensu
1161 4389 1244 4439 locali
1263 4390 1402 4451 113,1268
1422 4385 1474 4449 (d')
1493 4392 1521 4437 et

120 4475 250 4525 translato
268 4478 319 4525 499
338 4474 405 4538 (δέ),
424 4478 473 4525 667
493 4480 520 4524 et
540 4477 606 4525 1128
625 4473 694 4526 ἔνθα
713 4474 739 4525 δ’
752 4477 973 4545 ἀφορμηθέντες,
994 4478 1135 4540 7221300
1158 4476 1282 4541 (Gesneri
1302 4479 1455 4526 coniectura
1472 4491 1520 4541 pro

120 4561 151 4612 ἐν
169 4560 196 4611 δ’
209 4559 252 4630 ἄρ’
270 4563 410 4613 scribentis
429 4559 489 4613 ἔνθ’
503 4559 546 4631 ἄρ’
564 4563 702 4629 probanda
720 4578 778 4613 esse
790 4565 910 4625 ridetur3
930 4564 963 4614 cf.
978 4563 1060 4630 rso),
1080 4566 1155 4614 1347.
1186 4564 1327 4613 relativum
1345 4567 1386 4612 est
1399 4591 1431 4599 -
1444 4563 1519 4625 locis,

120 4665 188 4715 quos
205 4656 299 4715 postea
317 4658 571 4702 commemoraturus
590 4666 656 4712 sum,
676 4651 779 4701 omissis
802 4679 835 4687 —
862 4653 918 4712 154,
932 4653 991 4714 659,
1005 4653 1064 4713 993,
1079 4652 1145 4700 1375
1164 4656 1192 4701 et
1210 4665 1242 4701 ea
1260 4650 1464 4714 significatione,
1487 4656 1518 4700 ut
