3392 5067
1538 292 1560 357 5

156 508 244 549 mors
267 484 425 549 Octaviae
452 486 563 549 uxoris
586 484 722 548 Neronis
751 493 918 566 tractatur,
947 506 1031 568 quae
1058 486 1189 548 vivente
1212 486 1341 548 Nerone
1368 485 1558 548 1166616111-

156 588 223 654 bile
247 597 392 652 6616616
415 588 525 671 fuisse,
549 587 606 652 sed
629 597 703 673 post
725 587 808 652 illius
832 598 977 652 mortem.
1010 610 1049 652 ea
1063 589 1202 673 aprime
1225 588 1351 653 Seneca
1374 588 1471 653 scribi
1494 609 1559 651 non

156 694 271 780 potuit,
296 715 370 757 cum
392 702 489 757 antea
510 700 674 757 mortuum
695 691 794 756 fuisse
811 700 946 756 constet.
977 700 1011 756 at
1032 691 1076 774 hi,
1100 694 1155 777 qui
1176 700 1344 774 excusant,
1367 713 1432 757 non
1448 712 1559 756 omnes

155 797 343 881 tragoedias
366 796 512 861 eiusdem
535 797 677 860 auctoris
700 795 799 859 fuisse
824 795 946 878 dicunt,
971 795 1058 881 quod
1073 798 1214 860 varietas
1236 795 1298 860 stili
1321 796 1492 880 diligenter
1514 797 1560 858 in·

156 900 323 966 tuentibus
350 900 474 965 indicat
497 909 528 964 et
552 902 599 964 sic
622 921 694 964 eam
717 900 848 964 alterius
871 900 972 963 fuisse
994 951 1001 963 .
1024 950 1030 963 .
1053 900 1071 962 .'
1099 899 1304 965 nihilominus
1332 911 1440 965 tamen
1462 900 1559 963 Mart.

157 1005 235 1070 Ant.
261 1005 373 1070 Delrio
402 1015 542 1070 exeunte
571 1005 700 1069 saeculo
723 1005 806 1071 XVI
815 1006 837 1088 ¹)
861 1003 1034 1069 Octaviam
1055 1014 1156 1069 totam
1178 1004 1311 1070 latinam
1333 1014 1366 1068 et
1388 1013 1489 1070 totam
1505 1003 1560 1069 Se·

156 1132 258 1174 necae
287 1131 357 1174 esse
385 1108 580 1175 adfirmavit.
627 1120 739 1175 contra
762 1110 891 1195 Lipsius
899 1108 926 1195 Ἰ)
954 1119 986 1173 et
1007 1109 1205 1196 Heinsiusi),
1233 1131 1368 1194 quorum
1396 1108 1449 1172 ille
1475 1108 1560 1171 inter

157 1222 319 1300 quattuor,
343 1214 396 1277 hic
418 1216 504 1277 inter
525 1215 668 1299 quinque
692 1215 866 1298 scriptores
888 1212 1017 1278 fabulas
1033 1213 1093 1277 sub
1110 1213 1255 1278 Senecae
1270 1216 1400 1278 nomine
1422 1211 1559 1276 traditas

157 1317 331 1401 distribuit,
348 1317 520 1383 Octaviam
536 1318 578 1382 ab
599 1318 728 1383 homine
744 1316 886 1404 ¹quodam
901 1341 922 1381 a
938 1326 1118 1382 ceterarum
1141 1316 1326 1382 fabularum
1349 1315 1559 1403 scriptoribus

156 1444 290 1507 prorsus
313 1420 443 1487 diverso
467 1424 677 1508 compositam
700 1444 771 1487 esse
794 1423 1015 1487 adfirmarunt.
1050 1444 1155 1508 neque
1178 1445 1262 1487 saec.
1280 1422 1381 1487 XVII
1395 1432 1427 1486 et
1441 1421 1560 1487 XVIII

157 1526 308 1609 editores,
329 1528 414 1591 inter
430 1549 510 1612 quos
527 1549 605 1611 prae
622 1529 737 1591 ceteris
752 1528 798 1591 Io.
816 1526 905 1591 Frid.
923 1526 1107 1592 Gronovius
1115 1527 1140 1613 ⁴)
1161 1522 1377 1591 nominandus
1393 1535 1451 1608 est,
1468 1525 1560 1590 dubi·
1657 1518 1666 1523 ‘¹

157 1639 320 1713 taverunt,
344 1632 422 1715 quin
443 1630 555 1696 fabula
569 1630 624 1695 illa
638 1640 810 1717 praetexta
833 1654 853 1695 a
875 1632 913 1695 L.
930 1630 1066 1696 Annaeo
1082 1631 1208 1696 Seneca
1230 1631 1449 1696 abiudicanda
1465 1639 1560 1694 esset.

158 1757 242 1820 quae
266 1757 339 1800 cum
363 1738 409 1799 ita
432 1736 505 1818 sint,
533 1736 659 1799 mireris
683 1758 760 1799 sane
783 1734 903 1801 Rue.
928 1735 1153 1801 Klotnschium
1174 1736 1269 1801 huius
1293 1734 1559 1821 66666111111165)

157 1839 331 1905 Octaviam
350 1840 389 1904 L.
408 1839 447 1906 A.
465 1840 611 1905 Senecae
634 1840 802 1904 vindicare
823 1839 994 1904 studuisse.
1023 1862 1120 1925 quem
1138 1843 1253 1905 merito
1282 1839 1443 1905 editorum
1464 1862 1558 1904 nemo

157 1954 289 2008 secutus
306 1952 364 2008 est.
389 1965 464 2009 nam
479 1944 516 2008 F.
529 1944 571 2007 H.
588 1943 692 2008 Bothe
700 1944 726 2029 1)
742 1956 775 2009 61
786 1944 823 2008 T.
837 1943 993 2031 Baden7),
1014 1945 1069 2029 qui
1085 1954 1198 2030 postea
1213 1944 1358 2010 Senecae
1373 1944 1559 2029 tragoedias

158 2048 341 2130 ediderunt,
365 2047 539 2113 Octaviam
561 2049 684 2113 incerto
707 2048 921 2133 adsignarunt
944 2049 1101 2135 scriptori.
1132 2048 1324 2113 firmissimis
1344 2057 1453 2113 autern
1467 2071 1560 2133 argu·

157 2154 275 2217 mentis
298 2176 341 2217 ex
363 2174 470 2217 rerum
492 2152 626 2217 historia
647 2154 848 2239 potissimum
870 2154 980 2239 petitis
1002 2153 1195 2239 61611118)
1219 2154 1452 2219 demonstravit
1474 2153 1559 2218 hanc

157 2257 362 2343 tragoediam
384 2279 404 2321 a
426 2257 466 2322 L.
482 2256 523 2322 A.
545 2256 670 2323 Seneca
698 2278 803 2344 neque
827 2259 1046 2344 conscriptam
1072 2280 1178 2343 neque
1207 2259 1327 2322 editam
1355 2279 1426 2322 esse
1453 2279 1558 2344 posse.

157 2384 266 2448 pauca
288 2361 334 2424 eis
359 2383 442 2447 quae
466 2360 645 2448 disputavit
666 2362 720 2426 ille
743 2362 870 2427 addidit
891 2362 1092 2450 16111619).

262 2464 332 2529 Iam
355 2474 555 2551 argumenta,
579 2488 663 2551 quae
686 2468 720 2530 in
743 2467 806 2531 hac
827 2489 864 2531 re
879 2466 1071 2532 illustranda
1093 2468 1287 2552 gravissima
1310 2476 1395 2552 sunt,
1417 2466 1561 2532 breviter

157 2571 332 2657 proferam.
361 2572 396 2634 in
411 2568 484 2634 Oct.
502 2570 649 2657 619sqq.
677 2570 880 2657 Agrippinae
902 2571 1020 2636 umbra
1044 2572 1085 2635 de
1108 2573 1303 2658 imperatore
1325 2571 1455 2637 Nerone
1478 2571 1560 2637 haec

158 2674 339 2740 efflamat:
449 2725 552 2790 11111116
573 2726 693 2815 Erinys
714 2727 810 2813 impio
833 2728 959 2814 6191111111
979 2738 1078 2813 parat

447 2830 542 2895 1611111
564 2842 708 2917 tyranno,
732 2832 861 2896 verbera
884 2843 912 2896 61
934 2843 1053 2917 turpent
1067 2832 1186 2919 supera

379 2987 381 2991 .
445 2958 628 3021 poenosque,
651 2937 721 3021 qais
743 2946 772 2999 61
798 2935 928 2999 Tantali
949 2937 1056 3000 oincot
1077 2937 1185 3000 sitim.
1203 2984 1235 2999 ..
1253 2986 1260 2999 .

447 3042 545 3105 ueniet
567 3041 632 3104 dies
655 3051 830 3126 tempusque
851 3062 911 3125 qno
933 3040 1047 3105 reddat
1069 3043 1134 3104 sois

446 3146 585 3208 animam
607 3155 762 3208 nocentem
785 3144 956 3222 6661611666,
979 3144 1124 3229 inputant
1145 3143 1280 3208 1166116116

445 3249 583 3313 1166611116
606 3273 643 3312 66
665 3249 836 3313 destructus
859 3260 887 3312 61
910 3250 1025 3313 61116111
1047 3272 1145 3336 opens.

122 3409 126 3415 ’
159 3407 278 3493 quibus
304 3406 454 3471 versibus
481 3405 620 3470 Neronis
646 3405 726 3490 fuga
752 3415 784 3469 61
806 3405 946 3470 verbera
974 3406 1004 3470 ei
1031 3430 1051 3471 a
1079 3416 1194 3471 senatu
1222 3405 1353 3471 decreta
1383 3415 1416 3470 et
1437 3406 1506 3470 sitis
1527 3407 1562 3470 in

160 3510 361 3576 deverticulo
389 3509 573 3575 absconditi
601 3519 632 3573 et
659 3532 760 3592 mors,
790 3530 888 3595 quam
917 3510 979 3575 sibi
1005 3511 1068 3595 ipsi
1095 3510 1216 3592 intulit,
1247 3510 1480 3596 praedicuntur
1505 3508 1562 3573 tali

159 3615 266 3700 modo,
291 3614 379 3701 quali
406 3613 552 3699 praedici
575 3615 704 3678 omnino
727 3635 791 3678 non
813 3624 977 3700 poterant3
1002 3614 1043 3679 cf.
1068 3636 1151 3699 quae
1175 3615 1346 3680 Suetonius
1368 3615 1402 3678 in
1424 3614 1561 3678 Neronis

266 3808 286 3873 ¹)
306 3809 346 3858 ‘In
372 3807 403 3857 1..
425 3805 457 3856 Α.
479 3806 598 3857 Senecae
627 3806 742 3856 Gordub.
770 3807 923 3872 tragoedias
949 3808 975 3856 X
1008 3807 1174 3873 amplissima
1200 3806 1370 3869 adversaria,
1397 3805 1562 3871 Antverpiae

162 3896 352 3947 1576616666.
1202 3909 1204 3912 ’

265 3982 287 4047 ²)
305 3982 337 4031 In
355 3980 631 4032 animadversionibus
650 3981 684 4031 ad
702 3980 761 4031 Sen.
781 3986 849 4046 trag.
868 3981 954 4047 Lugd.
973 3982 1032 4031 Bar.
1054 3982 1130 4042 1688,
1148 3996 1190 4046 ap.
1210 3980 1323 4031 Scriver.
1342 3996 1367 4045 p.
1381 3982 1405 4032 5.

264 4067 286 4134 ³)
303 4069 335 4117 In
353 4067 632 4118 animadversionibus
654 4070 682 4117 in
700 4068 762 4121 Sen.
781 4073 849 4133 trag.
867 4068 954 4133 Lugd.
972 4069 1031 4118 Bat.
1053 4069 1129 4130 1611,
1146 4083 1188 4132 ap.
1208 4066 1322 4117 Scriver.
1340 4084 1366 4133 p.
1380 4068 1439 4116 292.

264 4157 287 4221 ⁴)
304 4156 337 4205 In
354 4156 517 4205 editionibus
534 4155 621 4221 Lugd.
641 4156 700 4205 Bat.
721 4157 785 4204 1661
806 4160 834 4205 61
852 4154 1046 4205 Amstslodami
1066 4155 1132 4205 1682
1152 4155 1262 4205 emissis.

265 4241 287 4309 ⁵)
305 4243 338 4292 In
356 4241 450 4292 libello
469 4242 510 4291 ‘de
529 4241 643 4292 Octavia
662 4241 789 4292 Senecas'
809 4242 999 4307 vitembergae
1019 4242 1087 4291 1804
1105 4241 1185 4292 edito.

266 4330 288 4396 ⁸)
308 4327 348 4379 cf.
367 4330 425 4379 eius
444 4328 485 4378 ed.
504 4329 613 4393 Lipsiae
633 4330 708 4393 1819,
727 4328 862 4380 Halberst.
883 4331 956 4379 1822.
1010 4333 1014 4341 “

266 4416 287 4481 ⁷)
306 4415 346 4466 (11.
365 4418 423 4466 eius
441 4414 482 4465 611.
501 4416 609 4481 Lipsiae
629 4418 704 4466 1821.

265 4502 287 4569 ⁸)
306 4502 419 4553 Octavia
436 4507 612 4568 praetextata.
648 4502 769 4553 Curiatio
787 4502 910 4554 Materno
929 4503 1092 4554 vindicatam
1111 4503 1146 4553 ad
1169 4503 1229 4554 libr.
1249 4504 1333 4569 antiq.
1353 4518 1470 4569 recogn,
1489 4502 1564 4554 brevi

158 4589 222 4642 adn.
240 4592 316 4640 instr.
336 4589 376 4639 ed.
394 4590 425 4640 F.
438 4589 534 4640 Ritter.
553 4590 666 4641 Bonnae
686 4592 759 4643 1843.

266 4674 288 4745 ⁹)
306 4675 346 4727 cf.
365 4674 453 4727 Iahnii
471 4690 533 4725 ann.
552 4675 616 4741 phil.
635 4675 722 4742 suppl.
735 4676 841 4727 XVIIII
859 4694 884 4743 p.
897 4679 948 4728 666
956 4694 1012 4745 sqq.
