3392 5067
1455 191 1517 256 291

120 377 152 448 οἱ
173 383 381 448 referendum
404 405 474 446 esse
497 382 628 446 videtur
651 382 692 444 ad
716 405 813 468 rupes
829 381 990 466 Cyaneas.
1014 419 1057 428 ——
1080 405 1111 443 v.
1128 382 1192 446 693
1215 385 1320 467 potius
1342 383 1385 446 ad
1408 405 1519 446 omnes

119 487 328 571 Argonautas
351 495 478 572 spectat
501 481 533 552 οἱ
556 508 654 571 quam
678 487 720 550 ad
742 510 843 552 unum
866 487 1018 572 Tiphym.
1047 525 1090 564 ε
1117 510 1148 550 v.
1166 487 1226 549 761
1257 485 1368 553 αὐτίκα
1392 481 1424 553 oi
1446 487 1519 554 στέ-

120 615 220 678 φανος
245 591 303 657 καὶ
328 598 432 673 τεῖχος
459 592 591 678 ἐρυμνὸν
613 591 747 678 Αἰήτεω
775 590 956 679 κατέφαινε,
1002 593 1208 656 Hermannus
1235 594 1269 655 in
1296 592 1404 656 iudice
1436 614 1519 656 com·

121 706 278 760 memorat
293 697 593 781 interpretationem
609 695 739 776 ‘nobis'3
764 696 822 760 sed
838 690 880 777 oi,
904 695 961 760 ubi
976 695 1170 760 reflexivum
1186 719 1250 762 non
1274 706 1331 782 est,
1356 699 1519 764 rarissime

5 808 10 817 ‘
121 802 205 866 hane
236 801 503 884 significationem
534 800 669 863 induere
699 800 837 885 adparet
868 822 885 862 e
917 809 1092 887 conspectu
1114 801 1267 887 locorum.
1314 825 1420 887 neque
1442 825 1519 868 vero

123 928 197 969 cum
219 904 338 970 Wielio
362 905 490 989 faciam,
516 906 570 990 qui
593 904 627 967 II
650 904 692 968 36
715 928 734 968 a
757 905 835 970 dett.
862 907 1022 991 scriptura
1044 901 1147 970 αὐτίκ’
1163 907 1224 992 όρα
1246 906 1413 998 profectus
1437 929 1519 971 com-

122 1009 290 1074 mendavit
319 1007 483 1096 όνιιπέρα,
515 1031 713 1094 quamquam
740 1009 802 1073 hoo
831 1011 901 1074 loco
930 1020 962 1074 et
989 1033 1019 1074 v.
1039 1009 1122 1074 1256
1151 1019 1290 1096 excepto
1320 1012 1391 1100 (νῆα
1419 1008 1449 1078 δ’
1469 1006 1520 1098 ἄρ’

122 1117 241 1180 αὐτόθι
268 1108 298 1180 oi
326 1113 457 1196 κατέχεν
483 1115 573 1200 ῥόος)
605 1137 783 1200 pronomen
810 1114 1003 1181 reflexivum
1031 1114 1202 1179 abundans
1231 1138 1358 1202 semper
1386 1115 1428 1180 ad
1450 1138 1520 1202 per-

122 1240 217 1282 sonas
240 1219 394 1300 refertur,
419 1218 510 1302 Argo
534 1219 621 1282 enim
643 1221 736 1282 navis
759 1221 901 1282 animata
924 1219 1065 1302 fingitur.
1088 1258 1130 1266 —
1159 1220 1236 1303 quid
1260 1220 1301 1284 de
1324 1244 1355 1284 v.
1374 1220 1435 1284 778
1460 1231 1520 1285 sta-

121 1323 279 1387 tuendum
307 1322 357 1406 sit,
386 1321 520 1387 difficile
548 1334 597 1385 est
624 1322 722 1386 dictu.
769 1324 952 1387 Hermanni
976 1325 1163 1389 coniectura
1185 1323 1220 1403 ὃς
1243 1314 1277 1390 οἷ
1297 1319 1387 1402 ἔδοξε
1411 1324 1519 1411 (codd.

123 1428 158 1506 ός
179 1427 242 1512 νιν)
273 1448 351 1490 sane
374 1427 418 1490 ad
442 1448 572 1490 sensum
596 1428 715 1510 optime
739 1428 879 1510 quadrat
902 1436 935 1490 et
956 1428 1070 1492 melior
1093 1438 1180 1492 certe
1205 1438 1263 1510 est,
1292 1451 1388 1514 quam
1412 1430 1521 1495 Abelii

122 1530 158 1611 ὅς
180 1536 220 1617 ῥά
242 1527 272 1594 τ>
298 1526 405 1611 ι’όόοξε,Ι
436 1529 493 1593 sed
522 1530 828 1615 corruptelae'ratio
853 1532 1011 1617 explicari
1039 1533 1097 1596 vix
1124 1541 1238 1617 potest.
1263 1572 1305 1580 -
1328 1556 1358 1598 v.
1376 1533 1439 1598 816
1462 1557 1521 1620 pro

124 1635 217 1698 codd.
235 1636 395 1719 scriptura
410 1640 482 1712 ταῖς
496 1639 554 1720 γάρ
569 1659 623 1698 κεν
641 1634 856 1718 ἀγαλλόμενος
877 1637 1042 1723 πεφόρητο
1066 1637 1153 1721 quod
1168 1637 1282 1701 melius
1304 1640 1353 1718 sit,
1377 1639 1521 1703 nondum

122 1742 291 1803 inventum
314 1746 363 1800 est
385 1737 566 1801 Hermanni
590 1741 776 1802 coniectura
798 1743 857 1825 γάρ
880 1733 921 1805 oi.
945 1779 987 1786 -
1010 1762 1041 1802 v.
1060 1740 1121 1803 818
1149 1740 1204 1807 καί
1231 1735 1262 1807 oi
1285 1745 1351 1807 ἀπὸ
1374 1741 1522 1829 στηθέων

123 1849 256 1931 βριαρὴν
285 1840 465 1908 ἀνενείκατο
495 1846 603 1932 φωνήν
625 1844 834 1907 Hermannus
866 1844 906 1908 de
936 1847 1126 1931 pronomine
1154 1845 1310 1909 reflexivo
1334 1845 1521 1911 abundante

123 1947 177 2010 vel
208 1948 249 2010 de
279 1948 543 2031 interpretatione
573 1952 600 2009 ‘e
627 1957 759 2033 pectore
788 1949 855 2011 suo'
885 1949 1053 2033 cogitavit,
1085 1949 1263 2034 simplicius
1292 1972 1362 2015 esse
1389 1960 1467 2036 puto
1490 1945 1522 2017 oi

122 2074 180 2136 pro
204 2053 458 2115 demonstrativo
481 2052 641 2135 accipere.
689 2075 727 2115 ac
751 2061 883 2138 propter
905 2053 1009 2118 verba
1032 2074 1115 2138 quae
1139 2063 1331 2138 sequuntur:
1355 2054 1521 2141 φράζετον,

119 2154 235 2234 οἵτινές
256 2156 330 2220 ἐστε
350 2164 441 2218 verto
458 2155 524 2217 ‘eis'
542 2154 780 2241 (Argonautis),
804 2179 869 2220 non
887 2157 935 2220 ‘ei'
955 2157 1101 2245 (Iasoni).
1118 2197 1161 2206 -—
1177 2181 1207 2221 v.
1226 2158 1288 2222 838
1306 2159 1523 2245 supplendum

122 2281 194 2323 esse
218 2281 334 2322 censeo
357 2257 448 2335 εἰσίν,
472 2260 517 2322 ita
540 2268 576 2323 ut
598 2282 679 2346 opus
702 2282 765 2324 non
790 2263 830 2324 sit
854 2263 1030 2347 confugere
1052 2262 1095 2329 ad
1118 2264 1378 2350 explicationem,
1403 2286 1467 2348 qua
1490 2257 1522 2329 oi

124 2364 210 2428 idem
235 2387 305 2428 esse
328 2386 367 2427 ac
391 2363 484 2427 nobis
507 2367 666 2429 statuitur.
698 2403 740 2412 -
770 2389 801 2429 v.
824 2365 886 2430 927
916 2368 1011 2433 codd.
1041 2371 1220 2455 scripturae
1247 2371 1383 2433 vitiosae
1409 2377 1448 2436 τό
1469 2393 1522 2434 κεν

126 2461 213 2555 αἶψα
236 2469 357 2533 δοκεύει
380 2467 493 2531 melior
515 2467 661 2532 nondum
683 2471 817 2535 inventa
840 2481 890 2534 est
916 2472 1042 2538 medela
1066 2474 1245 2538 Hermanni
1273 2477 1458 2540 coniectura
1484 2477 1522 2540 τό

126 2566 157 2637 οἱ
179 2573 397 2659 όμφιόοκεύει.
443 2581 531 2635 certe
554 2572 597 2634 ad
620 2572 725 2655 deam,
757 2573 797 2636 de
825 2578 944 2659 quain
968 2600 999 2640 v.
1017 2577 1079 2641 909
1103 2578 1206 2643 verba
1228 2578 1319 2660 fiunt,
1351 2573 1383 2644 oi
1410 2579 1522 2642 referri

125 2678 184 2739 vix
205 2685 320 2761 potest.
344 2714 385 2722 —
408 2697 439 2738 V.
457 2675 520 2738 936
544 2669 575 2741 oi
598 2676 640 2739 ad
663 2678 800 2761 primam
824 2699 996 2761 personam
1019 2681 1210 2745 translatum
1232 2704 1296 2747 non
1319 2684 1458 2747 refertur
1480 2683 1523 2747 ad

125 2779 307 2844 subiectum
329 2781 497 2860 enuntiati,
522 2781 608 2865 quod
628 2782 828 2845 rarissimum
844 2805 915 2845 esse
931 2793 964 2847 et
978 2783 1067 2868 apud
1083 2785 1264 2850 Homerum
1279 2787 1523 2872 Hesiodumque

125 2893 158 2946 et
170 2883 257 2968 apud
270 2885 462 2967 posteriores
474 2905 491 2945 e
504 2884 682 2967 Brugmani
694 2884 777 2950 libro
791 2886 836 2970 (p.
848 2886 909 2950 107
924 2887 1009 2972 sqq.)
1027 2892 1177 2972 cognosci
1193 2899 1308 2976 potest.
1347 2891 1425 2976 quid
1438 2891 1523 2976 quod

126 2990 255 3052 omnino
278 2987 312 3050 id
334 2986 405 3050 fieri
428 2990 571 3072 potuisse
594 2992 728 3072 negavit
747 2990 910 3055 Rzachius
934 2991 1115 3077 (Situ-Ber.
1133 2993 1164 3058 d.
1181 2994 1289 3059 Wien.
1307 2995 1416 3060 Akad.
1433 2995 1524 3082 phil.-

125 3091 198 3154 hist.
217 3088 265 3154 01.
282 3089 334 3175 89,
351 3113 382 3176 p.
399 3090 489 3177 536).
528 3092 585 3156 sed
608 3094 678 3178 ipse
701 3115 733 3178 p.
750 3093 815 3157 544
838 3116 881 3157 ex
904 3095 1075 3180 Apollonio
1098 3097 1215 3161 adtulit
1242 3100 1428 3185 exemplum
1455 3123 1523 3185 pro-

126 3196 265 3259 nominis
289 3196 463 3280 possessivi
486 3197 532 3258 ita
554 3199 711 3282 usurpati,
743 3197 829 3280 quod
854 3199 1013 3282 quomodo
1037 3200 1099 3262 hac
1121 3203 1155 3263 in
1182 3223 1216 3265 re
1240 3226 1259 3266 a
1280 3205 1443 3288 personali
1458 3205 1524 3291 dif-

126 3301 210 3364 ferat
232 3323 295 3364 non
319 3299 425 3383 video,
450 3299 522 3365 dico
543 3322 675 3365 versum
690 3301 859 3365 11111015
881 3307 924 3388 μὴ
948 3301 984 3368 ds'
1002 3328 1041 3388 με
1057 3305 1198 3386 Κόλχοις
1217 3305 1221 3391 Ι
1241 3307 1360 3397 ἒκόῴρς
1380 3305 1405 3396 ᾧ
1426 3308 1525 3396 πατρὶ

127 3401 304 3488 κομίζεμεν,
350 3402 412 3467 hoc
435 3402 505 3468 loco
528 3398 560 3469 oi
583 3427 640 3488 pro
665 3406 854 3489 pronomine
877 3408 992 3470 tertiae
1020 3430 1178 3493 personae
1208 3409 1403 3478 abundante.
1440 3411 1526 3498 quod

128 3507 171 3570 ad
194 3506 345 3571 Medeam
368 3508 536 3584 referatur,
562 3510 667 3593 accipi
689 3531 754 3572 non
776 3532 871 3595 posse
894 3511 1033 3577 videtur.
1057 3551 1099 3558 -
1123 3537 1153 3576 v.
1174 3513 1256 3578 1028
1277 3515 1391 3580 melius
1412 3520 1526 3602 opinor

128 3604 160 3676 oi
190 3611 234 3675 ad
264 3612 445 3695 Absyrtum
477 3634 575 3696 quam
606 3612 648 3675 ad
679 3623 808 3677 noctem
838 3617 1027 3680 referemus.
1058 3656 1100 3663 —
1131 3640 1162 3680 v.
1190 3619 1270 3680 1141
1302 3614 1334 3685 οἱ
1363 3624 1526 3707 pertinere

128 3715 207 3778 mihi
237 3715 367 3780 videtur
393 3715 436 3779 ad
459 3715 613 3797 homiues,
647 3716 827 3801 dequibus
851 3718 928 3783 inde
952 3743 971 3784 a
994 3743 1025 3784 v.
1045 3720 1127 3784 1138
1152 3721 1253 3785 verba
1276 3723 1366 3806 fiunt,
1398 3747 1461 3788 non
1485 3725 1528 3788 ad

127 3821 284 3883 enuntiati
301 3818 445 3883 subiecta
456 3816 570 3886 Ἀίδαο
585 3821 685 3886 πύλαι
700 3820 755 3887 καὶ
771 3823 870 3909 δῆμος
885 3820 1047 3910 Ὀνείρων.
1065 3862 1107 3872 -
1123 3847 1153 3887 v.
1171 3825 1251 3888 1181
1269 3826 1324 3891 καί
1338 3823 1370 3893 oi
1387 3829 1528 3895 όπισθεν

126 3913 229 3988 ἷκτο.
256 3974 263 3987 .
289 3923 441 3989 ,θύελλα
473 3925 515 3987 ad
545 3924 751 4007 Argonautas
779 3921 811 3991 oi
841 3938 990 4011 spectare
1020 3937 1109 4012 puto,
1141 3952 1203 3993 non
1235 3930 1277 3994 ad
1308 3945 1450 3997 ventum.
1486 3971 1527 3980 —

128 4048 160 4089 v.
179 4025 263 4089 1236
291 4026 385 4090 codd.
407 4027 503 4091 lectio
531 4027 612 4093 ἀλλά
639 4052 695 4112 μιν
722 4027 825 4095 αὐτίκ’
846 4033 907 4115 ἐγὼ
931 4034 1086 4119 πρόφρων
1108 4032 1228 4120 ξεινήια
1252 4031 1375 4121 πέμψω
1397 4036 1528 4100 retineri

129 4132 242 4215 nequit
278 4152 384 4214 neque
424 4133 593 4215 quisquam
627 4134 740 4216 opinor
772 4135 837 4196 iam
875 4134 1111 4200 Schneiderum
1146 4145 1299 4222 sequetur
1333 4139 1529 4204 scribentem

129 4235 209 4299 atto
231 4232 298 4320 μέν,
327 4235 414 4320 quod
437 4234 489 4298 ille
513 4235 600 4299 idem
624 4235 734 4300 valere
758 4237 837 4301 dicit
859 4248 957 4323 atque
980 4241 1060 4306 ἀλλὰ
1083 4244 1153 4330 μήν.
1194 4241 1279 4326 quod
1303 4244 1427 4306 sicum
1448 4244 1529 4308 Her·

129 4360 248 4401 manno
276 4334 309 4403 οἱ
335 4338 557 4422 reponendum
581 4349 639 4422 est,
668 4362 727 4423 pro
750 4342 823 4424 ὑμῖν
845 4345 997 4427 accipere
1019 4345 1104 4409 malo
1128 4367 1225 4430 quam
1248 4368 1306 4430 pro
1333 4344 1406 4431 ἐμοί
1428 4347 1529 4412 abun-

131 4441 239 4523 dante,
271 4464 468 4528 quamquam
498 4465 537 4506 ea
567 4444 724 4527 respicias
755 4468 886 4529 quaese,
918 4469 1001 4531 quae
1032 4449 1074 4511 ad
1105 4471 1135 4510 v.
1161 4448 1224 4511 936
1255 4452 1373 4513 monui.
1421 4455 1529 4514 nescio

130 4556 239 4609 tamen
262 4569 303 4608 au
328 4545 427 4608 scribi
442 4546 544 4632 possit
559 4541 631 4611 ἀλλ’
647 4541 724 4630 ὔμμ’
739 4545 841 4613 αὐτίκ’
857 4551 932 4632 ἐγώς
955 4545 1032 4635 t‘pp'
1048 4549 1133 4614 idem
1150 4553 1296 4636 estquod
1314 4556 1392 4637 όμμι
1408 4559 1443 4620 Κ
1456 4555 1530 4638 551,

1327 4655 1375 4707 19*
