3392 5067
1381 166 1384 173 ¹
1496 214 1557 277 119

319 309 323 343 1

155 408 188 471 in
218 407 316 470 rebus
347 407 388 469 ad
416 408 550 470 Homeri
582 407 726 471 carmina
757 406 980 489 spectantibus
1011 406 1056 468 ita
1086 406 1182 467 etiam
1217 404 1277 467 hac
1308 408 1339 468 in
1370 428 1406 468 re
1440 408 1556 471 nimius

76 546 79 550 ·
155 534 225 575 esse
252 512 393 592 videtur3
430 511 471 576 cf.
506 534 559 595 ea,
595 533 678 596 quae
713 511 755 574 de
789 534 828 575 ea
858 532 893 573 re
925 510 1048 574 monuit
1083 507 1316 573 Friedlaender
1345 510 1436 575 Ialm.
1470 511 1554 577 Ann.
1599 542 1602 545 >

154 616 353 681 LXXVHH
389 638 419 701 p.
448 616 521 692 595.
564 625 637 680 utut
673 626 781 679 autem
816 615 850 679 id
885 624 946 695 est,
986 615 1020 678 in
1055 614 1173 698 elegeis
1210 625 1295 678 certe
1329 618 1423 694 αὐτός
1458 638 1555 702 saepe

154 723 351 805 pronominis
381 721 560 805 personalis
590 742 723 785 munere
754 721 909 804 fungitur.
956 719 1042 803 quod
1071 741 1136 782 non
1163 719 1265 783 solum
1293 728 1365 804 post
1394 722 1555 805 praeposi-

154 827 256 888 tiones
286 825 333 904 fit,
363 824 556 910 quibuscum
583 825 706 889 formae
735 824 912 906 encliticae,
938 844 1020 908 quae
1050 832 1123 886 sunt
1147 818 1184 887 οὗ
1206 832 1277 904 cet,
1302 821 1357 907 μίν
1382 823 1458 909 (νίν)
1483 848 1554 888 nus-

154 952 249 1015 quam
266 932 513 1013 coniunguntur,
538 930 595 993 sed
612 932 708 994 etiam
724 929 795 993 aliis
810 928 900 1009 locis,
916 928 1007 991 velut
1029 928 1120 1012 Tyrt.
1141 927 1190 1007 12,
1207 928 1246 990 31
1264 922 1331 993 οὐδ’
1343 924 1431 1012 ὄνομ’
1447 932 1553 1009 αὐτοῦ,

154 1034 216 1098 Sol.
238 1034 287 1116 12,
307 1032 543 1121 1εη.11νδε’τις
563 1040 658 1123 αὐτην
677 1033 680 1120 1
696 1040 738 1120 μὴ
759 1042 839 1119 κινῇ,
865 1032 1010 1116 Theogn.
1027 1031 1088 1094 211
1102 1054 1149 1117 sq.
1170 1033 1208 1120 ἢν
1224 1030 1259 1097 δέ
1269 1056 1318 1111 τις
1334 1035 1429 1097 αὐτὸν
1447 1032 1451 1118 1
1468 1031 1553 1122 πίνη.

154 1140 242 1223 quod·
264 1161 342 1202 vero
366 1137 408 1202 ad
431 1122 614 1223 graviorem
638 1142 705 1202 vim
728 1138 862 1219 adtinet,
891 1159 933 1201 ex
957 1137 1188 1220 significatione
1218 1138 1310 1222 ‘ipse'
1335 1137 1430 1201 facile
1453 1138 1555 1201 altera

152 1243 248 1327 notio,
274 1265 355 1327 quae
380 1254 427 1306 est
449 1243 565 1325 ‘solus',
590 1246 679 1307 nasci
703 1244 816 1328 potuit,
846 1251 878 1305 et
906 1264 979 1305 cum
1006 1248 1103 1306 etiam
1130 1243 1163 1303 in
1187 1242 1305 1325 elegcis
1329 1243 1455 1308 articuli
1477 1266 1554 1306 usus

151 1347 322 1411 artioribus
349 1349 706 1431 finibusoontineatur,
736 1348 847 1411 eadem
873 1346 989 1410 vocula
1014 1346 1233 1431 compluribus
1256 1346 1334 1410 locis
1358 1348 1444 1411 idem
1467 1348 1555 1412 valet
1671 1432 1672 1435 Ἴ

151 1462 247 1537 atque
270 1452 287 1517 δ
307 1456 410 1531 αὐτός.
450 1456 515 1518 iam
538 1464 573 1517 ut
596 1476 650 1517 eos
673 1452 760 1518 locos
785 1452 910 1516 silentio
935 1461 1144 1537 praeteream,
1169 1451 1285 1536 quibus
1310 1455 1404 1530 αὐτός
1426 1456 1553 1515 notione

152 1557 244 1641 ‘ipse'
268 1560 460 1621 instructum
482 1569 539 1641 est,
564 1558 698 1622 alteram
719 1559 785 1620 vim
805 1557 951 1639 Theogn.
968 1556 1030 1619 221
1043 1542 1089 1641 sq.
1114 1554 1203 1635 ὅστις
1214 1580 1266 1621 τοι
1282 1554 1385 1621 δοκέει
1400 1559 1456 1620 τδν
1470 1557 1553 1644 πλη-

150 1658 221 1725 σίον
247 1660 376 1746 ἴδμεναι
407 1662 506 1742 οὐδέν,
529 1659 622 1745 111111
657 1666 750 1742 αὐτὸς
782 1670 898 1746 μοῦνος
931 1660 1065 1727 moralia
1102 1655 1185 1747 δήνε’
1208 1656 1290 1741 ἔχειν
1322 1662 1459 1745 recepit,
1496 1660 1552 1723 sed

150 1777 265 1850 μοῦνος
287 1766 435 1831 additum
458 1778 516 1854 est,
539 1777 574 1831 ut
597 1768 684 1851 apud
700 1768 879 1831 Homerum
902 1805 942 1815 —-
969 1766 1008 1829 cf.
1033 1764 1130 1841 5450
1154 1769 1247 1843 αὐτὸς
1268 1767 1408 1853 κτήσατο
1428 1756 1496 1841 οἷος
1512 1782 1574 1811 -’

150 1862 231 1951 οἶος,
271 1893 334 1956 quo
368 1871 526 1935 vocabulo
558 1871 701 1935 obsoleto
731 1881 846 1957 poetae
878 1864 1011 1953 elegiaci
1046 1891 1205 1953 nusquam
1239 1880 1382 1932 utuntur.
1437 1868 1552 1931 vocula

150 1976 245 2057 μόνος
272 1985 380 2038 autem
408 2000 473 2040 non
503 1978 630 2041 adiecta
658 1978 774 2040 eadem
802 1978 835 2039 vi
863 1985 1037 2061 usurpatur
1065 1974 1209 2056 Theogn.
1235 1973 1298 2036 902
1327 1972 1431 2051 οὐδεὶς
1459 1968 1552 2038 δάν-

150 2082 294 2162 dodam
324 2084 418 2159 αὐτὸς
447 2085 576 2148 ἅπαντα
607 2083 710 2170 σοφός
740 2080 865 2155 eccos)
897 2076 968 2145 ἕστε
999 2078 1056 2163 μὲν
1083 2082 1178 2156 αὐτὸς
1204 2074 1315 2143 ἔτεινον
1348 2080 1413 2142 ἀπὸ
1439 2080 1552 2164 κρήνης

148 2184 349 2268 μελανύδρου.
397 2208 435 2249 ea
464 2197 573 2249 autem
601 2186 806 2269 significatio,
839 2207 903 2270 qua
931 2184 1029 2247 latino
1060 2183 1168 2246 ‘idem'
1198 2182 1382 2267 respondet,
1410 2184 1443 2244 in
1471 2205 1557 2244 voce>

148 2289 242 2366 αὐτός
264 2290 348 2351 inest
371 2288 514 2373 Theogn.
533 2290 650 2374 621sq.
675 2298 738 2369 τεᾶς
753 2314 802 2368 τις
825 2290 980 2354 πλούσιον
1003 2289 1102 2369 ἄνδρα
1125 2285 1195 2367 τίει,
1221 2285 1302 2351 ἀτίει
1319 2287 1354 2352 δὲ
1369 2290 1526 2372 πενιχράν,
1547 2287 1549 2373 1

148 2399 249 2457 πᾶσιν
268 2389 298 2458 δ’
307 2397 494 2478 ἀνθρώποις
515 2399 609 2474 αὐτὸς
623 2392 726 2461 ἔνεστι
746 2398 827 2473 νόος,
852 2394 925 2473 334,
943 2392 1016 2455 930.
1056 2401 1168 2455 contra
1188 2391 1352 2475 articulus,
1376 2393 1430 2475 qui
1454 2394 1550 2455 etiam

148 2496 236 2581 apud
259 2497 438 2563 Homerum
466 2501 659 2586 compluries
688 2521 762 2563 cum
789 2499 978 2583 pronomine
1003 2518 1039 2560 eo
1065 2498 1279 2579 coniungitur,
1310 2495 1436 2560 duobus
1460 2507 1551 2560 extat
1618 2555 1622 2563 ,

147 2600 235 2685 locis,
259 2602 405 2685 Theogn.
430 2603 492 2667 378
517 2614 549 2667 ct
573 2604 665 2667 1334.

252 2706 322 2770 Iam
346 2709 378 2769 in
402 2730 439 2770 eo
464 2718 522 2789 est,
547 2710 637 2770 utin
662 2730 755 2770 usum
778 2707 1014 2791 pronominis
1038 2705 1055 2769 δ
1078 2706 1260 2767 accuratius
1283 2706 1472 2788 inquiratur.
1512 2728 1550 2769 ao

149 2812 289 2896 primum
316 2812 446 2896 quidem
475 2811 568 2875 huius
595 2811 747 2875 vocabuli
774 2812 949 2894 genuinam
976 2811 1042 2872 vim
1070 2831 1140 2871 esse
1169 2808 1455 2873 demonstrativam
1480 2833 1551 2873 con·

150 2923 221 2977 stat.
269 2938 351 2999 quae
379 2917 466 3000 apud
495 2916 672 2980 Homerum
700 2916 795 2998 longe
823 2915 970 2999 plurimis
997 2914 1074 2977 locis
1105 2912 1262 2976 sumenda
1292 2922 1353 2991 est3
1387 2914 1444 2977 sed
1475 2937 1551 2999 pau·
1667 2916 1676 2935 ³

148 3018 236 3082 latim
259 3022 305 3081 ita
327 3020 519 3102 infringitur,
544 3030 579 3084 ut
595 3021 777 3084 Atticorum
801 3019 1001 3103 temporibus
1023 3019 1170 3101 exceptis
1190 3017 1335 3081 formulis
1357 3017 1551 3102 quibusdam

148 3145 212 3186 non
240 3126 304 3187 iam
332 3125 526 3188 inveniatur.
569 3128 602 3187 in
626 3125 745 3207 elegeis
768 3146 845 3187 vero
870 3123 947 3187 satis
976 3144 1073 3206 saepe
1097 3124 1238 3205 genuina
1266 3124 1351 3185 notio
1380 3124 1552 3187 statuenda

149 3238 208 3305 est,
232 3226 265 3290 id
284 3228 370 3313 quod
386 3229 528 3315 exempli
552 3232 657 3312 gratia
680 3252 722 3292 ex
745 3230 805 3294 boc
829 3228 900 3292 loco
923 3227 1136 3311 intellegitur:
1160 3227 1306 3310 Theogn.
1331 3227 1394 3291 395
1403 3250 1471 3314 sqq.
1496 3237 1552 3293 τοῦ

148 3334 284 3417 μὲνγὰρ
307 3338 348 3397 τὰ
372 3331 481 3399 δι’καια
504 3343 616 3421 φρονεῖ
636 3337 716 3415 νόος,
742 3329 780 3400 οὗ
801 3334 836 3399 ιε’
851 3358 912 3418 περ
936 3331 999 3397 αἰεὶ
1020 3332 1023 3417 1
1045 3334 1135 3397 ἰθεῖα
1150 3337 1257 3419 γνώμη
1273 3336 1429 3422 στήθεσιν
1452 3335 1551 3417 ἐμπε-

148 3441 228 3524 φύη
250 3436 253 3522 1
273 3447 330 3502 τοῦ
353 3433 383 3502 δ’
399 3433 469 3504 αὖτ’
492 3437 567 3504 οὔτε
593 3447 703 3518 κακοῖς
733 3438 848 3526 ἕπεταιΙ
876 3440 948 3516 νόος
978 3433 1044 3503 οὔτ’
1063 3440 1249 3521 ἀγαθοῖσιν·
1272 3436 1275 3521 1
1300 3441 1355 3502 τὸν
1385 3432 1415 3503 δ’
1427 3442 1552 3521 ἀγαθὸν

148 3540 269 3626 τολμᾶν
291 3548 349 3629 χρη
372 3549 413 3606 τά
428 3567 464 3607 τε
485 3542 539 3607 καὶ
562 3549 602 3608 τὰ
625 3542 741 3631 φέρειν.
780 3541 932 3607 verumd
955 3565 1018 3606 non
1041 3544 1106 3605 iam
1128 3564 1186 3627 per
1210 3564 1243 3605 se
1266 3544 1350 3627 poni,
1376 3543 1433 3606 sed
1457 3566 1551 3605 voca-

149 3644 261 3709 bulum
290 3645 462 3730 quoddam,
492 3668 553 3731 quo
577 3657 743 3731 tamquam
767 3646 961 3710 adminiculo
986 3647 1115 3730 nitatur,
1144 3646 1301 3710 accedere
1326 3646 1414 3710 solet.
1462 3657 1493 3709 et
1516 3657 1551 3710 ut

149 3751 260 3833 paucis
287 3749 366 3813 locis
394 3752 551 3814 eiusmodi
578 3751 715 3815 fulcrum
745 3750 838 3835 desit,
868 3750 974 3814 nullus
1006 3760 1115 3813 tamen
1144 3756 1234 3814 extat
1262 3750 1361 3832 loeus,
1394 3756 1455 3836 q'uo
1486 3776 1551 3814 una

149 3874 191 3916 ex
219 3856 257 3916 iis
285 3854 407 3938 formis,
437 3877 520 3940 quae
544 3866 682 3919 accentu
706 3864 827 3939 carent,
857 3857 903 3918 sic
926 3865 1107 3939 usurpetur.
1151 3856 1327 3940 particulae
1351 3878 1438 3940 vero,
1468 3880 1549 3941 quae

149 3960 189 4022 ad
220 3981 333 4022 vocem
362 3959 379 4023 δ
408 3960 565 4023 accedere
598 3961 710 4041 solent,
740 3960 802 4023 hae
832 3970 920 4023 sunt:
951 3958 1008 4043 μέν
1036 3970 1067 4023 et
1091 3958 1135 4039 δέ,
1167 3960 1257 4023 velut
1287 3969 1415 4046 praeter
1445 3962 1551 4025 locum

149 4086 173 4127 s.
190 4085 218 4126 o.
235 4064 347 4126 Mimn.
367 4063 416 4143 14,
433 4063 453 4126 5
476 4067 605 4147 τοῦμὲν
620 4059 798 4147 δροδιιοτε
815 4070 955 4149 ιτδμιιαν
970 4062 1148 4148 ἐμέμψατο,
1174 4064 1265 4148 Tyrt.
1283 4064 1312 4142 b,
1325 4065 1396 4149 lsq.
1414 4067 1549 4153 εἰκοστῷ

149 4163 178 4232 δ’
194 4161 225 4232 oi
247 4167 304 4251 μὲν
333 4219 340 4232 .
365 4220 371 4232 .
401 4170 550 4247 λιπόντες
569 4171 573 4250 1
594 4179 717 4257 φεῦγον,
753 4169 897 4252 Theogn.
929 4169 991 4231 266
1025 4171 1043 4253 ἡ
1073 4169 1107 4233 δὲ
1139 4167 1226 4254 τέρεν
1254 4164 1420 4255 qoda'yyec'3
1455 4193 1550 4253 porro

147 4276 205 4357 γάρ
238 4272 383 4355 Theogn.
412 4272 476 4335 392
505 4276 524 4359 ἡ
553 4279 612 4358 γὰρ
641 4272 696 4338 καὶ
725 4275 867 4362 χαλεπὴν
897 4272 997 4339 τίκτει
1028 4271 1212 4360 ἀμηχανίην,
1248 4273 1282 4357 γε’
1315 4274 1406 4359 Tyrt.
1435 4276 1483 4352 11),
1509 4275 1549 4336 26

148 4377 264 4461 αἰσχρὰ
284 4382 325 4441 τά
342 4399 376 4459 με
398 4386 429 4439 et
452 4400 494 4440 ex
518 4387 606 4439 certa
630 4376 870 4441 Schneidewini
894 4380 1080 4441 coniectura
1104 4378 1215 4441 Mimn.
1236 4379 1285 4460 14,
1307 4379 1382 4462 6sq.
1407 4373 1479 4443 εδδ)
1493 4373 1550 4461 δν)

148 4484 207 4544 ἀνὰ
229 4485 414 4566 προμάχους
433 4482 437 4567 1
458 4479 597 4561 σεύαι9’,
624 4485 659 4546 τε
689 4481 745 4549 καί
775 4483 921 4566 Theogrr.
946 4482 1008 4545 398
1039 4486 1079 4546 τά
1109 4506 1142 4547 τε
1173 4481 1228 4547 καὶ
1257 4487 1308 4563 τά,
1338 4481 1393 4548 καί
1423 4482 1549 4568 (etiam)

148 4583 213 4649 Sol.
239 4585 289 4669 13,
305 4584 347 4649 58
370 4585 524 4668 καὶτοῖς,
548 4608 631 4674 quae
654 4587 756 4652 verba
779 4587 857 4652 ibid.
882 4586 950 4673 5,4
973 4586 1085 4653 itidem
1108 4589 1280 4655 coniuncta
1303 4597 1386 4672 sunt,
1414 4589 1473 4651 sed
1496 4591 1549 4667 ita,
