<?xml version="1.0" encoding="UTF-8"?>
<!DOCTYPE html PUBLIC "-//W3C//DTD XHTML 1.0 Transitional//EN"
    "http://www.w3.org/TR/xhtml1/DTD/xhtml1-transitional.dtd">
<html xmlns="http://www.w3.org/1999/xhtml" xml:lang="en" lang="en">
 <head>
  <title>
</title>
<meta http-equiv="Content-Type" content="text/html;charset=utf-8" />
  <meta name='ocr-system' content='tesseract 3.04.00' />
  <meta name='ocr-capabilities' content='ocr_page ocr_carea ocr_par ocr_line ocrx_word'/>
</head>
<body>
  <div class='ocr_page' id='page_1' title='image "./dissertationesp04wiengoog_0128.png"; bbox 0 0 3392 5067; ppageno 0'>
   <div class='ocr_carea' id='block_1_1' title="bbox 1513 235 1572 297">
    <p class='ocr_par' dir='ltr' id='par_1_1' title="bbox 1513 235 1572 297">
     <span class='ocr_line' id='line_1_1' title="bbox 1513 235 1572 297; baseline -0.017 0"><span class='ocrx_word' id='word_1_1' title='bbox 1513 235 1572 297; x_wconf 92' lang='grc'>117</span> 
     </span>
    </p>
   </div>
   <div class='ocr_carea' id='block_1_2' title="bbox 156 430 1573 3237">
    <p class='ocr_par' dir='ltr' id='par_1_2' title="bbox 156 430 1573 1960">
     <span class='ocr_line' id='line_1_2' title="bbox 170 430 1572 519; baseline -0.003 -22"><span class='ocrx_word' id='word_1_2' title='bbox 170 436 336 519; x_wconf 90' lang='lat' dir='ltr'>repetitur,</span> <span class='ocrx_word' id='word_1_3' title='bbox 371 434 503 518; x_wconf 90' lang='lat' dir='ltr'>reliquis</span> <span class='ocrx_word' id='word_1_4' title='bbox 534 433 621 513; x_wconf 91' lang='lat' dir='ltr'>locis,</span> <span class='ocrx_word' id='word_1_5' title='bbox 657 434 724 496; x_wconf 92' lang='lat' dir='ltr'>sive</span> <span class='ocrx_word' id='word_1_6' title='bbox 756 443 805 496; x_wconf 90' lang='lat' dir='ltr'>est</span> <span class='ocrx_word' id='word_1_7' title='bbox 835 435 930 496; x_wconf 88' lang='lat' dir='ltr'>tertia</span> <span class='ocrx_word' id='word_1_8' title='bbox 960 454 1099 518; x_wconf 86' lang='lat' dir='ltr'>persona</span> <span class='ocrx_word' id='word_1_9' title='bbox 1129 432 1197 495; x_wconf 89' lang='lat' dir='ltr'>sive</span> <span class='ocrx_word' id='word_1_10' title='bbox 1228 431 1299 515; x_wconf 89' lang='lat' dir='ltr'>alia,</span> <span class='ocrx_word' id='word_1_11' title='bbox 1335 430 1438 507; x_wconf 89' lang='lat' dir='ltr'>solum</span> <span class='ocrx_word' id='word_1_12' title='bbox 1469 432 1572 507; x_wconf 81' lang='grc' dir='ltr'><em>αὐτός.</em></span> 
     </span>
     <span class='ocr_line' id='line_1_3' title="bbox 171 537 1572 625; baseline -0.004 -23"><span class='ocrx_word' id='word_1_13' title='bbox 171 539 257 625; x_wconf 93' lang='lat' dir='ltr'>quod</span> <span class='ocrx_word' id='word_1_14' title='bbox 301 541 335 602; x_wconf 92' lang='lat' dir='ltr'>in</span> <span class='ocrx_word' id='word_1_15' title='bbox 376 541 473 604; x_wconf 72' lang='grc' dir='ltr'><em>αὑτοῦ</em></span> <span class='ocrx_word' id='word_1_16' title='bbox 515 548 548 602; x_wconf 89' lang='lat' dir='ltr'>et</span> <span class='ocrx_word' id='word_1_17' title='bbox 589 539 705 602; x_wconf 83' lang='lat' dir='ltr'>similia</span> <span class='ocrx_word' id='word_1_18' title='bbox 745 560 809 601; x_wconf 92' lang='lat' dir='ltr'>non</span> <span class='ocrx_word' id='word_1_19' title='bbox 849 537 925 601; x_wconf 90' lang='lat' dir='ltr'>licet</span> <span class='ocrx_word' id='word_1_20' title='bbox 962 547 1105 618; x_wconf 81' lang='lat' dir='ltr'>mutare3</span> <span class='ocrx_word' id='word_1_21' title='bbox 1148 558 1253 620; x_wconf 88' lang='lat' dir='ltr'>neque</span> <span class='ocrx_word' id='word_1_22' title='bbox 1294 538 1379 598; x_wconf 90' lang='lat' dir='ltr'>enim</span> <span class='ocrx_word' id='word_1_23' title='bbox 1419 555 1572 619; x_wconf 89' lang='lat' dir='ltr'>umquam</span> 
     </span>
     <span class='ocr_line' id='line_1_4' title="bbox 169 640 1572 728; baseline -0.005 -19"><span class='ocrx_word' id='word_1_24' title='bbox 169 644 284 709; x_wconf 78' lang='grc' dir='ltr'><em>ἑαυτοῦ</em></span> <span class='ocrx_word' id='word_1_25' title='bbox 311 653 411 723; x_wconf 83' lang='lat' dir='ltr'>extat,</span> <span class='ocrx_word' id='word_1_26' title='bbox 443 665 527 728; x_wconf 87' lang='lat' dir='ltr'>quae</span> <span class='ocrx_word' id='word_1_27' title='bbox 554 664 616 725; x_wconf 89' lang='lat' dir='ltr'>res,</span> <span class='ocrx_word' id='word_1_28' title='bbox 648 644 676 705; x_wconf 92' lang='lat' dir='ltr'>si</span> <span class='ocrx_word' id='word_1_29' title='bbox 703 643 801 708; x_wconf 80' lang='grc' dir='ltr'><em>αὑτοῦ</em></span> <span class='ocrx_word' id='word_1_30' title='bbox 829 642 997 725; x_wconf 78' lang='lat' dir='ltr'>dixissent,</span> <span class='ocrx_word' id='word_1_31' title='bbox 1027 644 1145 706; x_wconf 92' lang='lat' dir='ltr'>mirum</span> <span class='ocrx_word' id='word_1_32' title='bbox 1173 640 1232 704; x_wconf 88' lang='lat' dir='ltr'>tibi</span> <span class='ocrx_word' id='word_1_33' title='bbox 1260 640 1436 723; x_wconf 88' lang='lat' dir='ltr'>videretur,</span> <span class='ocrx_word' id='word_1_34' title='bbox 1466 661 1572 724; x_wconf 91' lang='lat' dir='ltr'>neque</span> 
     </span>
     <span class='ocr_line' id='line_1_5' title="bbox 171 745 1573 832; baseline -0.002 -21"><span class='ocrx_word' id='word_1_35' title='bbox 171 756 302 832; x_wconf 89' lang='lat' dir='ltr'>praeter</span> <span class='ocrx_word' id='word_1_36' title='bbox 335 747 445 810; x_wconf 87' lang='lat' dir='ltr'>Mimn.</span> <span class='ocrx_word' id='word_1_37' title='bbox 482 747 502 811; x_wconf 93' lang='lat' dir='ltr'>l.</span> <span class='ocrx_word' id='word_1_38' title='bbox 540 769 566 810; x_wconf 91' lang='lat' dir='ltr'>c.</span> <span class='ocrx_word' id='word_1_39' title='bbox 602 769 758 832; x_wconf 83' lang='lat' dir='ltr'>personae</span> <span class='ocrx_word' id='word_1_40' title='bbox 792 748 916 832; x_wconf 84' lang='lat' dir='ltr'>primae</span> <span class='ocrx_word' id='word_1_41' title='bbox 951 746 1004 810; x_wconf 85' lang='lat' dir='ltr'>vel</span> <span class='ocrx_word' id='word_1_42' title='bbox 1038 746 1170 811; x_wconf 90' lang='lat' dir='ltr'>alterius</span> <span class='ocrx_word' id='word_1_43' title='bbox 1204 745 1328 808; x_wconf 87' lang='lat' dir='ltr'>formae</span> <span class='ocrx_word' id='word_1_44' title='bbox 1366 745 1439 808; x_wconf 90' lang='lat' dir='ltr'>voci</span> <span class='ocrx_word' id='word_1_45' title='bbox 1476 746 1573 810; x_wconf 78' lang='grc' dir='ltr'><em>αὑτοῦ</em></span> 
     </span>
     <span class='ocr_line' id='line_1_6' title="bbox 170 851 1571 937; baseline -0.001 -23"><span class='ocrx_word' id='word_1_46' title='bbox 170 851 404 937; x_wconf 86' lang='lat' dir='ltr'>respondentes</span> <span class='ocrx_word' id='word_1_47' title='bbox 435 852 615 934; x_wconf 89' lang='lat' dir='ltr'>traduntur,</span> <span class='ocrx_word' id='word_1_48' title='bbox 651 851 708 915; x_wconf 90' lang='lat' dir='ltr'>sed</span> <span class='ocrx_word' id='word_1_49' title='bbox 740 851 873 915; x_wconf 90' lang='lat' dir='ltr'>eaedem</span> <span class='ocrx_word' id='word_1_50' title='bbox 904 861 976 916; x_wconf 91' lang='lat' dir='ltr'>sunt</span> <span class='ocrx_word' id='word_1_51' title='bbox 1007 860 1117 935; x_wconf 88' lang='lat' dir='ltr'>atque.</span> <span class='ocrx_word' id='word_1_52' title='bbox 1133 851 1256 913; x_wconf 83' lang='lat' dir='ltr'>tertiae.</span> <span class='ocrx_word' id='word_1_53' title='bbox 1305 852 1375 935; x_wconf 89' lang='lat' dir='ltr'>quis</span> <span class='ocrx_word' id='word_1_54' title='bbox 1405 871 1482 914; x_wconf 92' lang='lat' dir='ltr'>vero</span> <span class='ocrx_word' id='word_1_55' title='bbox 1512 858 1571 931; x_wconf 86' lang='lat' dir='ltr'>est,</span> 
     </span>
     <span class='ocr_line' id='line_1_7' title="bbox 171 954 1572 1042; baseline -0.001 -23"><span class='ocrx_word' id='word_1_56' title='bbox 171 958 236 1042; x_wconf 88' lang='lat' dir='ltr'>qui,</span> <span class='ocrx_word' id='word_1_57' title='bbox 269 959 295 1019; x_wconf 90' lang='lat' dir='ltr'>si</span> <span class='ocrx_word' id='word_1_58' title='bbox 318 956 360 1019; x_wconf 92' lang='lat' dir='ltr'>ad</span> <span class='ocrx_word' id='word_1_59' title='bbox 384 955 454 1019; x_wconf 87' lang='lat' dir='ltr'>illas</span> <span class='ocrx_word' id='word_1_60' title='bbox 481 978 636 1041; x_wconf 87' lang='lat' dir='ltr'>personas</span> <span class='ocrx_word' id='word_1_61' title='bbox 664 955 897 1040; x_wconf 90' lang='lat' dir='ltr'>significandas</span> <span class='ocrx_word' id='word_1_62' title='bbox 924 958 1018 1034; x_wconf 78' lang='grc' dir='ltr'><em>αὐτός</em></span> <span class='ocrx_word' id='word_1_63' title='bbox 1040 954 1188 1020; x_wconf 85' lang='lat' dir='ltr'>adhiberi</span> <span class='ocrx_word' id='word_1_64' title='bbox 1211 962 1325 1040; x_wconf 89' lang='lat' dir='ltr'>potest,</span> <span class='ocrx_word' id='word_1_65' title='bbox 1356 954 1389 1017; x_wconf 93' lang='lat' dir='ltr'>id</span> <span class='ocrx_word' id='word_1_66' title='bbox 1413 954 1454 1018; x_wconf 94' lang='lat' dir='ltr'>de</span> <span class='ocrx_word' id='word_1_67' title='bbox 1476 955 1572 1018; x_wconf 87' lang='lat' dir='ltr'>tertia</span> 
     </span>
     <span class='ocr_line' id='line_1_8' title="bbox 169 1058 1572 1147; baseline -0.002 -23"><span class='ocrx_word' id='word_1_68' title='bbox 169 1062 288 1144; x_wconf 84' lang='lat' dir='ltr'>neget?</span> <span class='ocrx_word' id='word_1_69' title='bbox 326 1060 454 1124; x_wconf 88' lang='lat' dir='ltr'>accedit</span> <span class='ocrx_word' id='word_1_70' title='bbox 475 1062 571 1146; x_wconf 91' lang='lat' dir='ltr'>quod,</span> <span class='ocrx_word' id='word_1_71' title='bbox 595 1082 791 1147; x_wconf 78' lang='lat' dir='ltr'>quamquam</span> <span class='ocrx_word' id='word_1_72' title='bbox 814 1061 942 1124; x_wconf 89' lang='lat' dir='ltr'>codices</span> <span class='ocrx_word' id='word_1_73' title='bbox 963 1060 1130 1139; x_wconf 79' lang='lat' dir='ltr'>fluctuant,</span> <span class='ocrx_word' id='word_1_74' title='bbox 1153 1062 1188 1123; x_wconf 90' lang='lat' dir='ltr'>in</span> <span class='ocrx_word' id='word_1_75' title='bbox 1207 1058 1295 1123; x_wconf 89' lang='lat' dir='ltr'>haud</span> <span class='ocrx_word' id='word_1_76' title='bbox 1316 1080 1418 1143; x_wconf 87' lang='lat' dir='ltr'>parvo</span> <span class='ocrx_word' id='word_1_77' title='bbox 1439 1079 1572 1121; x_wconf 85' lang='lat' dir='ltr'>numero</span> 
     </span>
     <span class='ocr_line' id='line_1_9' title="bbox 169 1162 1572 1250; baseline -0.001 -23"><span class='ocrx_word' id='word_1_78' title='bbox 169 1165 313 1229; x_wconf 88' lang='lat' dir='ltr'>locorum</span> <span class='ocrx_word' id='word_1_79' title='bbox 334 1163 618 1248; x_wconf 85' lang='lat' dir='ltr'>Theognideorum</span> <span class='ocrx_word' id='word_1_80' title='bbox 641 1166 934 1250; x_wconf 89' lang='lat' dir='ltr'>praestantissimus</span> <span class='ocrx_word' id='word_1_81' title='bbox 958 1166 1099 1229; x_wconf 91' lang='lat' dir='ltr'>omnium</span> <span class='ocrx_word' id='word_1_82' title='bbox 1122 1163 1276 1227; x_wconf 91' lang='lat' dir='ltr'>librorum</span> <span class='ocrx_word' id='word_1_83' title='bbox 1298 1162 1359 1248; x_wconf 79' lang='lat' dir='ltr'>(A)</span> <span class='ocrx_word' id='word_1_84' title='bbox 1384 1162 1483 1226; x_wconf 91' lang='lat' dir='ltr'>semel</span> <span class='ocrx_word' id='word_1_85' title='bbox 1505 1171 1572 1227; x_wconf 91' lang='lat' dir='ltr'>tan·</span> 
     </span>
     <span class='ocr_line' id='line_1_10' title="bbox 156 1250 1572 1356; baseline -0.003 -23"><span class='ocrx_word' id='word_1_86' title='bbox 156 1250 238 1335; x_wconf 75' lang='lat' dir='ltr'>¹tum</span> <span class='ocrx_word' id='word_1_87' title='bbox 266 1269 358 1356; x_wconf 80' lang='lat'>(539)</span> <span class='ocrx_word' id='word_1_88' title='bbox 387 1270 534 1356; x_wconf 90' lang='lat' dir='ltr'>spiritum</span> <span class='ocrx_word' id='word_1_89' title='bbox 561 1292 712 1355; x_wconf 88' lang='lat' dir='ltr'>asperum</span> <span class='ocrx_word' id='word_1_90' title='bbox 743 1270 888 1335; x_wconf 84' lang='lat' dir='ltr'>exhibet.</span> <span class='ocrx_word' id='word_1_91' title='bbox 938 1270 1090 1355; x_wconf 87' lang='lat' dir='ltr'>exempla</span> <span class='ocrx_word' id='word_1_92' title='bbox 1123 1279 1247 1351; x_wconf 87' lang='lat' dir='ltr'>autem,</span> <span class='ocrx_word' id='word_1_93' title='bbox 1282 1290 1364 1353; x_wconf 92' lang='lat' dir='ltr'>quae</span> <span class='ocrx_word' id='word_1_94' title='bbox 1397 1268 1460 1331; x_wconf 89' lang='lat' dir='ltr'>huc</span> <span class='ocrx_word' id='word_1_95' title='bbox 1491 1266 1572 1331; x_wconf 90' lang='lat' dir='ltr'>refe-</span> 
     </span>
     <span class='ocr_line' id='line_1_11' title="bbox 169 1370 1572 1461; baseline -0.004 -23"><span class='ocrx_word' id='word_1_96' title='bbox 169 1383 290 1459; x_wconf 89' lang='lat' dir='ltr'>rantur,</span> <span class='ocrx_word' id='word_1_97' title='bbox 315 1374 396 1438; x_wconf 90' lang='lat' dir='ltr'>haec</span> <span class='ocrx_word' id='word_1_98' title='bbox 419 1384 506 1439; x_wconf 86' lang='lat' dir='ltr'>sunt:</span> <span class='ocrx_word' id='word_1_99' title='bbox 535 1375 627 1461; x_wconf 82' lang='lat' dir='ltr'>Tyrt.</span> <span class='ocrx_word' id='word_1_100' title='bbox 647 1375 696 1457; x_wconf 93' lang='grc'><strong>10,</strong></span> <span class='ocrx_word' id='word_1_101' title='bbox 714 1376 743 1457; x_wconf 87' lang='grc'>3,</span> <span class='ocrx_word' id='word_1_102' title='bbox 773 1375 918 1459; x_wconf 85' lang='lat' dir='ltr'>Theogn.</span> <span class='ocrx_word' id='word_1_103' title='bbox 942 1373 1055 1460; x_wconf 77' lang='lat'>440¹),</span> <span class='ocrx_word' id='word_1_104' title='bbox 1080 1372 1154 1456; x_wconf 84' lang='lat'>480,</span> <span class='ocrx_word' id='word_1_105' title='bbox 1180 1372 1277 1455; x_wconf 85' lang='lat'>1009;</span> <span class='ocrx_word' id='word_1_106' title='bbox 1302 1372 1375 1454; x_wconf 82' lang='lat'>539,</span> <span class='ocrx_word' id='word_1_107' title='bbox 1400 1370 1473 1436; x_wconf 80' lang='lat'>895.</span> <span class='ocrx_word' id='word_1_108' title='bbox 1505 1373 1572 1456; x_wconf 92' lang='lat' dir='ltr'>qui-</span> 
     </span>
     <span class='ocr_line' id='line_1_12' title="bbox 169 1475 1570 1564; baseline -0.002 -22"><span class='ocrx_word' id='word_1_109' title='bbox 169 1477 230 1542; x_wconf 90' lang='lat' dir='ltr'>bus</span> <span class='ocrx_word' id='word_1_110' title='bbox 253 1478 332 1541; x_wconf 90' lang='lat' dir='ltr'>locis</span> <span class='ocrx_word' id='word_1_111' title='bbox 355 1478 505 1543; x_wconf 88' lang='lat' dir='ltr'>omnibus</span> <span class='ocrx_word' id='word_1_112' title='bbox 527 1501 704 1563; x_wconf 90' lang='lat' dir='ltr'>pronomen</span> <span class='ocrx_word' id='word_1_113' title='bbox 728 1489 777 1543; x_wconf 87' lang='lat' dir='ltr'>est</span> <span class='ocrx_word' id='word_1_114' title='bbox 799 1481 912 1543; x_wconf 87' lang='lat' dir='ltr'>tertiae</span> <span class='ocrx_word' id='word_1_115' title='bbox 936 1499 1102 1564; x_wconf 89' lang='lat' dir='ltr'>personae.</span> <span class='ocrx_word' id='word_1_116' title='bbox 1143 1475 1570 1561; x_wconf 77' lang='lat' dir='ltr'>contraTheogn.1217sq.</span> 
     </span>
     <span class='ocr_line' id='line_1_13' title="bbox 168 1576 1571 1670; baseline -0.001 -24"><span class='ocrx_word' id='word_1_117' title='bbox 168 1586 314 1670; x_wconf 65' lang='lat' dir='ltr'>projicere</span> <span class='ocrx_word' id='word_1_118' title='bbox 336 1606 404 1668; x_wconf 75' lang='grc' dir='ltr'><em>νεαρ</em></span> <span class='ocrx_word' id='word_1_119' title='bbox 427 1581 580 1649; x_wconf 81' lang='grc' dir='ltr'><em>κλαίοντα</em></span> <span class='ocrx_word' id='word_1_120' title='bbox 602 1583 814 1670; x_wconf 72' lang='grc' dir='ltr'><em>καθεζόμενοι</em></span> <span class='ocrx_word' id='word_1_121' title='bbox 837 1585 1019 1668; x_wconf 76' lang='grc' dir='ltr'><em>γελάσωμεν</em></span> <span class='ocrx_word' id='word_1_122' title='bbox 1038 1582 1043 1668; x_wconf 97' lang='grc' dir='ltr'>Ι</span> <span class='ocrx_word' id='word_1_123' title='bbox 1062 1588 1131 1661; x_wconf 79' lang='grc' dir='ltr'><em>ταῖς</em></span> <span class='ocrx_word' id='word_1_124' title='bbox 1158 1587 1261 1648; x_wconf 75' lang='grc' dir='ltr'><em>αὐτῶν</em></span> <span class='ocrx_word' id='word_1_125' title='bbox 1287 1585 1435 1665; x_wconf 71' lang='grc' dir='ltr'>ἀγαθοῖς,</span> <span class='ocrx_word' id='word_1_126' title='bbox 1462 1576 1571 1665; x_wconf 81' lang='grc' dir='ltr'>Κύρν’,</span> 
     </span>
     <span class='ocr_line' id='line_1_14' title="bbox 168 1684 1571 1773; baseline -0.002 -23"><span class='ocrx_word' id='word_1_127' title='bbox 168 1686 417 1772; x_wconf 76' lang='grc' dir='ltr'><em>ἐνιιτερπόμενοι</em></span> <span class='ocrx_word' id='word_1_128' title='bbox 439 1688 481 1751; x_wconf 89' lang='lat' dir='ltr'>ad</span> <span class='ocrx_word' id='word_1_129' title='bbox 505 1690 643 1773; x_wconf 88' lang='lat' dir='ltr'>primam</span> <span class='ocrx_word' id='word_1_130' title='bbox 666 1710 839 1773; x_wconf 89' lang='lat' dir='ltr'>personam</span> <span class='ocrx_word' id='word_1_131' title='bbox 862 1690 956 1766; x_wconf 80' lang='grc' dir='ltr'><em>αὐτός</em></span> <span class='ocrx_word' id='word_1_132' title='bbox 979 1689 1126 1773; x_wconf 85' lang='lat' dir='ltr'>pertinet,</span> <span class='ocrx_word' id='word_1_133' title='bbox 1149 1686 1227 1751; x_wconf 89' lang='lat' dir='ltr'>ibid.</span> <span class='ocrx_word' id='word_1_134' title='bbox 1246 1685 1309 1750; x_wconf 84' lang='lat'>955</span> <span class='ocrx_word' id='word_1_135' title='bbox 1329 1684 1399 1749; x_wconf 89' lang='lat' dir='ltr'>loco</span> <span class='ocrx_word' id='word_1_136' title='bbox 1422 1709 1442 1749; x_wconf 88' lang='lat' dir='ltr'>a</span> <span class='ocrx_word' id='word_1_137' title='bbox 1463 1685 1571 1750; x_wconf 91' lang='lat' dir='ltr'>multis</span> 
     </span>
     <span class='ocr_line' id='line_1_15' title="bbox 168 1790 1570 1878; baseline 0 -25"><span class='ocrx_word' id='word_1_138' title='bbox 168 1800 322 1876; x_wconf 91' lang='lat' dir='ltr'>temptato</span> <span class='ocrx_word' id='word_1_139' title='bbox 357 1814 450 1873; x_wconf 88' lang='lat' dir='ltr'>num,</span> <span class='ocrx_word' id='word_1_140' title='bbox 478 1802 513 1856; x_wconf 87' lang='lat' dir='ltr'>ut</span> <span class='ocrx_word' id='word_1_141' title='bbox 539 1793 685 1856; x_wconf 91' lang='lat' dir='ltr'>nonnulli</span> <span class='ocrx_word' id='word_1_142' title='bbox 713 1802 839 1878; x_wconf 87' lang='lat' dir='ltr'>putant,</span> <span class='ocrx_word' id='word_1_143' title='bbox 868 1793 909 1856; x_wconf 87' lang='lat' dir='ltr'>ad</span> <span class='ocrx_word' id='word_1_144' title='bbox 936 1794 1070 1857; x_wconf 89' lang='lat' dir='ltr'>alteram</span> <span class='ocrx_word' id='word_1_145' title='bbox 1092 1814 1263 1877; x_wconf 85' lang='lat' dir='ltr'>personam</span> <span class='ocrx_word' id='word_1_146' title='bbox 1286 1790 1493 1854; x_wconf 85' lang='lat' dir='ltr'>referendum</span> <span class='ocrx_word' id='word_1_147' title='bbox 1521 1791 1570 1868; x_wconf 84' lang='lat' dir='ltr'>sit,</span> 
     </span>
     <span class='ocr_line' id='line_1_16' title="bbox 169 1895 465 1960; baseline 0.003 -2"><span class='ocrx_word' id='word_1_148' title='bbox 169 1895 305 1959; x_wconf 89' lang='lat' dir='ltr'>dubium</span> <span class='ocrx_word' id='word_1_149' title='bbox 327 1895 465 1960; x_wconf 87' lang='lat' dir='ltr'>videtur.</span> 
     </span>
    </p>

    <p class='ocr_par' dir='ltr' id='par_1_3' title="bbox 168 2001 1573 3237">
     <span class='ocr_line' id='line_1_17' title="bbox 272 2001 1571 2088; baseline 0.001 -25"><span class='ocrx_word' id='word_1_150' title='bbox 272 2001 384 2064; x_wconf 87' lang='lat' dir='ltr'>Pauca</span> <span class='ocrx_word' id='word_1_151' title='bbox 395 2003 492 2065; x_wconf 88' lang='lat' dir='ltr'>etiam</span> <span class='ocrx_word' id='word_1_152' title='bbox 505 2001 546 2065; x_wconf 93' lang='lat' dir='ltr'>de</span> <span class='ocrx_word' id='word_1_153' title='bbox 561 2002 855 2087; x_wconf 69' lang='lat' dir='ltr'>pronominibus</span> <span class='ocrx_word' id='word_1_154' title='bbox 871 2002 1106 2088; x_wconf 86' lang='lat' dir='ltr'>possessivis</span> <span class='ocrx_word' id='word_1_155' title='bbox 1122 2001 1318 2085; x_wconf 86' lang='lat' dir='ltr'>explicanda</span> <span class='ocrx_word' id='word_1_156' title='bbox 1334 2008 1418 2065; x_wconf 90' lang='lat' dir='ltr'>sunt.</span> <span class='ocrx_word' id='word_1_157' title='bbox 1436 2021 1571 2084; x_wconf 92' lang='lat' dir='ltr'>quorum</span> 
     </span>
     <span class='ocr_line' id='line_1_18' title="bbox 169 2105 1569 2191; baseline -0.001 -24"><span class='ocrx_word' id='word_1_158' title='bbox 169 2107 335 2169; x_wconf 86' lang='lat' dir='ltr'>usitatiora</span> <span class='ocrx_word' id='word_1_159' title='bbox 358 2126 398 2169; x_wconf 91' lang='lat' dir='ltr'>ea</span> <span class='ocrx_word' id='word_1_160' title='bbox 420 2114 545 2169; x_wconf 91' lang='lat' dir='ltr'>tantum</span> <span class='ocrx_word' id='word_1_161' title='bbox 569 2115 653 2188; x_wconf 90' lang='lat' dir='ltr'>sunt,</span> <span class='ocrx_word' id='word_1_162' title='bbox 682 2129 764 2191; x_wconf 89' lang='lat' dir='ltr'>quae</span> <span class='ocrx_word' id='word_1_163' title='bbox 793 2107 835 2170; x_wconf 88' lang='lat' dir='ltr'>ad</span> <span class='ocrx_word' id='word_1_164' title='bbox 859 2129 1014 2191; x_wconf 88' lang='lat' dir='ltr'>personas</span> <span class='ocrx_word' id='word_1_165' title='bbox 1037 2108 1176 2191; x_wconf 88' lang='lat' dir='ltr'>primam</span> <span class='ocrx_word' id='word_1_166' title='bbox 1200 2116 1232 2169; x_wconf 92' lang='lat' dir='ltr'>et</span> <span class='ocrx_word' id='word_1_167' title='bbox 1255 2105 1389 2169; x_wconf 87' lang='lat' dir='ltr'>alteram</span> <span class='ocrx_word' id='word_1_168' title='bbox 1413 2113 1569 2189; x_wconf 85' lang='lat' dir='ltr'>spectant.</span> 
     </span>
     <span class='ocr_line' id='line_1_19' title="bbox 169 2208 1571 2297; baseline -0.001 -24"><span class='ocrx_word' id='word_1_169' title='bbox 169 2209 227 2273; x_wconf 89' lang='lat' dir='ltr'>sed</span> <span class='ocrx_word' id='word_1_170' title='bbox 242 2219 373 2295; x_wconf 91' lang='lat' dir='ltr'>praeter</span> <span class='ocrx_word' id='word_1_171' title='bbox 392 2212 458 2293; x_wconf 87' lang='grc' dir='ltr'>σός,</span> <span class='ocrx_word' id='word_1_172' title='bbox 475 2208 633 2297; x_wconf 71' lang='grc' dir='ltr'><em>ἡμέτερος,</em></span> <span class='ocrx_word' id='word_1_173' title='bbox 653 2210 802 2296; x_wconf 81' lang='grc' dir='ltr'><em>ὑμέτερος</em></span> <span class='ocrx_word' id='word_1_174' title='bbox 821 2233 980 2296; x_wconf 88' lang='lat' dir='ltr'>nusquam</span> <span class='ocrx_word' id='word_1_175' title='bbox 995 2213 1074 2293; x_wconf 84' lang='grc' dir='ltr'><em>τεός,</em></span> <span class='ocrx_word' id='word_1_176' title='bbox 1096 2212 1186 2296; x_wconf 69' lang='grc' dir='ltr'><em>ἄμας,</em></span> <span class='ocrx_word' id='word_1_177' title='bbox 1209 2212 1287 2294; x_wconf 78' lang='grc' dir='ltr'><em>ὑμός</em></span> <span class='ocrx_word' id='word_1_178' title='bbox 1305 2210 1465 2293; x_wconf 87' lang='lat' dir='ltr'>leguntur,</span> <span class='ocrx_word' id='word_1_179' title='bbox 1488 2230 1571 2293; x_wconf 88' lang='lat' dir='ltr'>quae</span> 
     </span>
     <span class='ocr_line' id='line_1_20' title="bbox 169 2313 1573 2404; baseline -0.001 -28"><span class='ocrx_word' id='word_1_180' title='bbox 169 2315 276 2377; x_wconf 93' lang='lat' dir='ltr'>omnia</span> <span class='ocrx_word' id='word_1_181' title='bbox 298 2315 331 2377; x_wconf 94' lang='lat' dir='ltr'>in</span> <span class='ocrx_word' id='word_1_182' title='bbox 354 2314 489 2377; x_wconf 90' lang='lat' dir='ltr'>Homeri</span> <span class='ocrx_word' id='word_1_183' title='bbox 513 2315 711 2379; x_wconf 83' lang='lat' dir='ltr'>carminibus</span> <span class='ocrx_word' id='word_1_184' title='bbox 734 2317 891 2379; x_wconf 89' lang='lat' dir='ltr'>invenias.</span> <span class='ocrx_word' id='word_1_185' title='bbox 937 2318 1001 2378; x_wconf 88' lang='lat' dir='ltr'>iam</span> <span class='ocrx_word' id='word_1_186' title='bbox 1030 2316 1116 2400; x_wconf 93' lang='lat' dir='ltr'>quod</span> <span class='ocrx_word' id='word_1_187' title='bbox 1139 2315 1181 2379; x_wconf 90' lang='lat' dir='ltr'>ad</span> <span class='ocrx_word' id='word_1_188' title='bbox 1205 2313 1354 2404; x_wconf 67' lang='grc' dir='ltr'><em>ἡμέτερος</em></span> <span class='ocrx_word' id='word_1_189' title='bbox 1376 2314 1510 2395; x_wconf 92' lang='lat' dir='ltr'>adtinet,</span> <span class='ocrx_word' id='word_1_190' title='bbox 1537 2323 1573 2376; x_wconf 93' lang='lat' dir='ltr'>ut</span> 
     </span>
     <span class='ocr_line' id='line_1_21' title="bbox 168 2418 1572 2505; baseline -0.001 -23"><span class='ocrx_word' id='word_1_191' title='bbox 168 2421 258 2505; x_wconf 77' lang='grc' dir='ltr'><em>ἡμεῖς</em></span> <span class='ocrx_word' id='word_1_192' title='bbox 280 2440 378 2504; x_wconf 89' lang='lat' dir='ltr'>saepe</span> <span class='ocrx_word' id='word_1_193' title='bbox 401 2440 459 2503; x_wconf 91' lang='lat' dir='ltr'>pro</span> <span class='ocrx_word' id='word_1_194' title='bbox 482 2440 563 2482; x_wconf 90' lang='lat' dir='ltr'>voce</span> <span class='ocrx_word' id='word_1_195' title='bbox 582 2420 653 2503; x_wconf 79' lang='grc' dir='ltr'>ἐγώ,</span> <span class='ocrx_word' id='word_1_196' title='bbox 677 2421 722 2484; x_wconf 88' lang='lat' dir='ltr'>ita</span> <span class='ocrx_word' id='word_1_197' title='bbox 740 2419 821 2484; x_wconf 89' lang='lat' dir='ltr'>illud</span> <span class='ocrx_word' id='word_1_198' title='bbox 840 2428 905 2483; x_wconf 89' lang='lat' dir='ltr'>non</span> <span class='ocrx_word' id='word_1_199' title='bbox 929 2432 1002 2483; x_wconf 89' lang='lat' dir='ltr'>raro</span> <span class='ocrx_word' id='word_1_200' title='bbox 1029 2442 1087 2505; x_wconf 94' lang='lat' dir='ltr'>pro</span> <span class='ocrx_word' id='word_1_201' title='bbox 1110 2441 1191 2483; x_wconf 88' lang='lat' dir='ltr'>voce</span> <span class='ocrx_word' id='word_1_202' title='bbox 1214 2420 1290 2503; x_wconf 82' lang='grc' dir='ltr'><em>ἐμός</em></span> <span class='ocrx_word' id='word_1_203' title='bbox 1313 2419 1439 2482; x_wconf 87' lang='lat' dir='ltr'>dicitur.</span> <span class='ocrx_word' id='word_1_204' title='bbox 1486 2418 1572 2503; x_wconf 94' lang='lat' dir='ltr'>quod</span> 
     </span>
     <span class='ocr_line' id='line_1_22' title="bbox 170 2521 1572 2607; baseline 0.001 -22"><span class='ocrx_word' id='word_1_205' title='bbox 170 2544 243 2585; x_wconf 88' lang='lat' dir='ltr'>cum</span> <span class='ocrx_word' id='word_1_206' title='bbox 262 2521 309 2603; x_wconf 86' lang='lat' dir='ltr'>fit,</span> <span class='ocrx_word' id='word_1_207' title='bbox 330 2544 572 2607; x_wconf 91' lang='lat' dir='ltr'>nonnumquam</span> <span class='ocrx_word' id='word_1_208' title='bbox 591 2525 624 2587; x_wconf 92' lang='lat' dir='ltr'>in</span> <span class='ocrx_word' id='word_1_209' title='bbox 641 2524 786 2588; x_wconf 91' lang='lat' dir='ltr'>eiusdem</span> <span class='ocrx_word' id='word_1_210' title='bbox 802 2526 959 2589; x_wconf 86' lang='lat' dir='ltr'>enuntiati</span> <span class='ocrx_word' id='word_1_211' title='bbox 980 2526 1117 2588; x_wconf 90' lang='lat' dir='ltr'>circuitu</span> <span class='ocrx_word' id='word_1_212' title='bbox 1132 2546 1283 2587; x_wconf 91' lang='lat' dir='ltr'>numerus</span> <span class='ocrx_word' id='word_1_213' title='bbox 1304 2525 1349 2587; x_wconf 91' lang='lat' dir='ltr'>ita</span> <span class='ocrx_word' id='word_1_214' title='bbox 1369 2533 1520 2605; x_wconf 90' lang='lat' dir='ltr'>mutatur,</span> <span class='ocrx_word' id='word_1_215' title='bbox 1537 2533 1572 2586; x_wconf 88' lang='lat' dir='ltr'>ut</span> 
     </span>
     <span class='ocr_line' id='line_1_23' title="bbox 169 2625 1570 2714; baseline 0.001 -24"><span class='ocrx_word' id='word_1_216' title='bbox 169 2649 189 2690; x_wconf 85' lang='lat' dir='ltr'>a</span> <span class='ocrx_word' id='word_1_217' title='bbox 203 2625 320 2710; x_wconf 90' lang='lat' dir='ltr'>plurali</span> <span class='ocrx_word' id='word_1_218' title='bbox 335 2648 469 2691; x_wconf 91' lang='lat' dir='ltr'>numero</span> <span class='ocrx_word' id='word_1_219' title='bbox 489 2628 531 2691; x_wconf 90' lang='lat' dir='ltr'>ad</span> <span class='ocrx_word' id='word_1_220' title='bbox 548 2627 744 2711; x_wconf 86' lang='lat' dir='ltr'>singularem</span> <span class='ocrx_word' id='word_1_221' title='bbox 765 2631 864 2692; x_wconf 86' lang='lat' dir='ltr'>oratio</span> <span class='ocrx_word' id='word_1_222' title='bbox 886 2628 1026 2692; x_wconf 87' lang='lat' dir='ltr'>declinet</span> <span class='ocrx_word' id='word_1_223' title='bbox 1045 2638 1101 2691; x_wconf 87' lang='lat' dir='ltr'>aut</span> <span class='ocrx_word' id='word_1_224' title='bbox 1121 2651 1141 2691; x_wconf 89' lang='lat' dir='ltr'>a</span> <span class='ocrx_word' id='word_1_225' title='bbox 1162 2628 1316 2711; x_wconf 86' lang='lat' dir='ltr'>singulari</span> <span class='ocrx_word' id='word_1_226' title='bbox 1337 2628 1379 2691; x_wconf 89' lang='lat' dir='ltr'>ad</span> <span class='ocrx_word' id='word_1_227' title='bbox 1399 2627 1570 2714; x_wconf 80' lang='lat' dir='ltr'>pluralem3</span> 
     </span>
     <span class='ocr_line' id='line_1_24' title="bbox 170 2730 1572 2817; baseline 0.003 -24"><span class='ocrx_word' id='word_1_228' title='bbox 170 2730 210 2795; x_wconf 82' lang='lat' dir='ltr'>cf.</span> <span class='ocrx_word' id='word_1_229' title='bbox 232 2730 347 2794; x_wconf 89' lang='lat' dir='ltr'>Hartel</span> <span class='ocrx_word' id='word_1_230' title='bbox 370 2732 390 2795; x_wconf 95' lang='lat' dir='ltr'>l.</span> <span class='ocrx_word' id='word_1_231' title='bbox 411 2753 438 2794; x_wconf 88' lang='lat' dir='ltr'>o.</span> <span class='ocrx_word' id='word_1_232' title='bbox 462 2754 494 2817; x_wconf 92' lang='lat' dir='ltr'>p.</span> <span class='ocrx_word' id='word_1_233' title='bbox 514 2731 563 2794; x_wconf 82' lang='lat'>15.</span> <span class='ocrx_word' id='word_1_234' title='bbox 601 2741 637 2794; x_wconf 87' lang='lat' dir='ltr'>ut</span> <span class='ocrx_word' id='word_1_235' title='bbox 658 2754 764 2816; x_wconf 88' lang='lat' dir='ltr'>pauca</span> <span class='ocrx_word' id='word_1_236' title='bbox 788 2732 939 2817; x_wconf 86' lang='lat' dir='ltr'>exempla</span> <span class='ocrx_word' id='word_1_237' title='bbox 962 2732 1119 2814; x_wconf 87' lang='lat' dir='ltr'>adferam,</span> <span class='ocrx_word' id='word_1_238' title='bbox 1143 2732 1287 2816; x_wconf 83' lang='lat' dir='ltr'>Theogn.</span> <span class='ocrx_word' id='word_1_239' title='bbox 1311 2732 1430 2817; x_wconf 73' lang='lat' dir='ltr'>tstsq.</span> <span class='ocrx_word' id='word_1_240' title='bbox 1455 2734 1572 2816; x_wconf 88' lang='lat' dir='ltr'>legitur</span> 
     </span>
     <span class='ocr_line' id='line_1_25' title="bbox 168 2831 1572 2924; baseline 0.004 -26"><span class='ocrx_word' id='word_1_241' title='bbox 168 2833 200 2899; x_wconf 79' lang='grc' dir='ltr'>εἴ</span> <span class='ocrx_word' id='word_1_242' title='bbox 212 2831 245 2919; x_wconf 75' lang='grc' dir='ltr'>μ’</span> <span class='ocrx_word' id='word_1_243' title='bbox 257 2833 383 2914; x_wconf 70' lang='grc' dir='ltr'><em>ἐθέλεις</em></span> <span class='ocrx_word' id='word_1_244' title='bbox 404 2836 541 2915; x_wconf 79' lang='grc' dir='ltr'>πλύνειν,</span> <span class='ocrx_word' id='word_1_245' title='bbox 565 2838 701 2924; x_wconf 69' lang='grc' dir='ltr'><em>κεφαλῆς</em></span> <span class='ocrx_word' id='word_1_246' title='bbox 724 2835 879 2920; x_wconf 82' lang='grc' dir='ltr'><em>ἀμίαντον</em></span> <span class='ocrx_word' id='word_1_247' title='bbox 899 2837 956 2901; x_wconf 77' lang='grc' dir='ltr'>ἀπ’</span> <span class='ocrx_word' id='word_1_248' title='bbox 973 2839 1070 2923; x_wconf 69' lang='grc' dir='ltr'><em>ἄκρης</em></span> <span class='ocrx_word' id='word_1_249' title='bbox 1088 2837 1093 2922; x_wconf 91' lang='grc' dir='ltr'>Ι</span> <span class='ocrx_word' id='word_1_250' title='bbox 1113 2835 1179 2901; x_wconf 88' lang='grc' dir='ltr'><em>αἰεὶ</em></span> <span class='ocrx_word' id='word_1_251' title='bbox 1198 2837 1306 2902; x_wconf 82' lang='grc' dir='ltr'><em>λευκὸν</em></span> <span class='ocrx_word' id='word_1_252' title='bbox 1325 2838 1410 2922; x_wconf 76' lang='grc' dir='ltr'><em>ὕδωρ</em></span> <span class='ocrx_word' id='word_1_253' title='bbox 1427 2843 1572 2924; x_wconf 80' lang='grc' dir='ltr'><em>ῥεύσεται</em></span> 
     </span>
     <span class='ocr_line' id='line_1_26' title="bbox 168 2935 1571 3029; baseline 0 -24"><span class='ocrx_word' id='word_1_254' title='bbox 168 2940 329 3027; x_wconf 71' lang='grc' dir='ltr'><em>ἡμετέρης,</em></span> <span class='ocrx_word' id='word_1_255' title='bbox 350 2940 413 3004; x_wconf 81' lang='grc'>503</span> <span class='ocrx_word' id='word_1_256' title='bbox 422 2962 491 3025; x_wconf 92' lang='lat' dir='ltr'>sqq.</span> <span class='ocrx_word' id='word_1_257' title='bbox 510 2939 685 3026; x_wconf 73' lang='grc' dir='ltr'><em>οἰναβαρέω</em></span> <span class='ocrx_word' id='word_1_258' title='bbox 700 2942 849 3027; x_wconf 76' lang='grc' dir='ltr'><em>κεφαλήν,</em></span> <span class='ocrx_word' id='word_1_259' title='bbox 867 2936 1086 3028; x_wconf 79' lang='grc' dir='ltr'><em>Ὀνομάκριιε,</em></span> <span class='ocrx_word' id='word_1_260' title='bbox 1108 2940 1163 3007; x_wconf 83' lang='grc' dir='ltr'>καί</span> <span class='ocrx_word' id='word_1_261' title='bbox 1178 2967 1217 3027; x_wconf 89' lang='grc' dir='ltr'>με</span> <span class='ocrx_word' id='word_1_262' title='bbox 1232 2947 1345 3024; x_wconf 77' lang='grc' dir='ltr'><em>βιᾶται</em></span> <span class='ocrx_word' id='word_1_263' title='bbox 1358 2941 1364 3029; x_wconf 89' lang='grc' dir='ltr'>Ι</span> <span class='ocrx_word' id='word_1_264' title='bbox 1377 2935 1470 3024; x_wconf 78' lang='grc' dir='ltr'><em>οἶνος,</em></span> <span class='ocrx_word' id='word_1_265' title='bbox 1492 2945 1571 3028; x_wconf 79' lang='grc' dir='ltr'><em>ἀτὰρ</em></span> 
     </span>
     <span class='ocr_line' id='line_1_27' title="bbox 168 3040 1569 3132; baseline 0.001 -25"><span class='ocrx_word' id='word_1_266' title='bbox 168 3044 311 3130; x_wconf 77' lang='grc' dir='ltr'><em>γλώσσης</em></span> <span class='ocrx_word' id='word_1_267' title='bbox 323 3040 424 3109; x_wconf 71' lang='grc' dir='ltr'><em>οὗκέτ’</em></span> <span class='ocrx_word' id='word_1_268' title='bbox 436 3046 497 3128; x_wconf 79' lang='grc' dir='ltr'>ἐγὼ</span> <span class='ocrx_word' id='word_1_269' title='bbox 509 3044 808 3132; x_wconf 78' lang='grc' dir='ltr'>ταμίηςΙνΙμειὲρης.</span> <span class='ocrx_word' id='word_1_270' title='bbox 826 3048 941 3109; x_wconf 87' lang='lat' dir='ltr'>tertiae</span> <span class='ocrx_word' id='word_1_271' title='bbox 957 3068 1034 3109; x_wconf 91' lang='lat' dir='ltr'>vero</span> <span class='ocrx_word' id='word_1_272' title='bbox 1050 3068 1207 3131; x_wconf 89' lang='lat' dir='ltr'>personae</span> <span class='ocrx_word' id='word_1_273' title='bbox 1223 3068 1400 3131; x_wconf 91' lang='lat' dir='ltr'>pronomen</span> <span class='ocrx_word' id='word_1_274' title='bbox 1416 3048 1569 3132; x_wconf 89' lang='lat' dir='ltr'>possessi-</span> 
     </span>
     <span class='ocr_line' id='line_1_28' title="bbox 168 3148 1572 3237; baseline 0.004 -27"><span class='ocrx_word' id='word_1_275' title='bbox 168 3170 244 3211; x_wconf 92' lang='lat' dir='ltr'>vum</span> <span class='ocrx_word' id='word_1_276' title='bbox 266 3150 466 3212; x_wconf 90' lang='lat' dir='ltr'>rarissimum</span> <span class='ocrx_word' id='word_1_277' title='bbox 482 3159 545 3229; x_wconf 82' lang='lat' dir='ltr'>est3</span> <span class='ocrx_word' id='word_1_278' title='bbox 566 3172 642 3213; x_wconf 92' lang='lat' dir='ltr'>nam</span> <span class='ocrx_word' id='word_1_279' title='bbox 657 3148 692 3228; x_wconf 78' lang='grc' dir='ltr'>ὅς</span> <span class='ocrx_word' id='word_1_280' title='bbox 708 3188 749 3195; x_wconf 94' lang='grc'>-</span> <span class='ocrx_word' id='word_1_281' title='bbox 764 3149 816 3227; x_wconf 80' lang='grc' dir='ltr'>ἑός</span> <span class='ocrx_word' id='word_1_282' title='bbox 831 3172 992 3235; x_wconf 88' lang='lat' dir='ltr'>nusquam</span> <span class='ocrx_word' id='word_1_283' title='bbox 1009 3159 1100 3214; x_wconf 82' lang='lat' dir='ltr'>extat</span> <span class='ocrx_word' id='word_1_284' title='bbox 1114 3189 1156 3197; x_wconf 96' lang='lat'><strong>—</strong></span> <span class='ocrx_word' id='word_1_285' title='bbox 1172 3160 1296 3215; x_wconf 87' lang='lat' dir='ltr'>tantum</span> <span class='ocrx_word' id='word_1_286' title='bbox 1312 3152 1404 3237; x_wconf 84' lang='lat' dir='ltr'>Tyrt.</span> <span class='ocrx_word' id='word_1_287' title='bbox 1423 3151 1474 3233; x_wconf 89' lang='grc'><strong>10,</strong></span> <span class='ocrx_word' id='word_1_288' title='bbox 1495 3152 1515 3214; x_wconf 81' lang='grc'>2</span> <span class='ocrx_word' id='word_1_289' title='bbox 1539 3161 1572 3215; x_wconf 88' lang='lat' dir='ltr'>et</span> 
     </span>
    </p>
   </div>
   <div class='ocr_carea' id='block_1_3' title="bbox 164 3324 1571 4697">
    <p class='ocr_par' dir='ltr' id='par_1_4' title="bbox 166 3324 1571 4089">
     <span class='ocr_line' id='line_1_29' title="bbox 169 3324 1570 3392; baseline 0.002 -20"><span class='ocrx_word' id='word_1_290' title='bbox 169 3326 219 3373; x_wconf 89' lang='lat' dir='ltr'>etsi</span> <span class='ocrx_word' id='word_1_291' title='bbox 238 3324 291 3373; x_wconf 91' lang='lat' dir='ltr'>loci</span> <span class='ocrx_word' id='word_1_292' title='bbox 309 3325 342 3373; x_wconf 91' lang='lat' dir='ltr'>ab</span> <span class='ocrx_word' id='word_1_293' title='bbox 360 3324 407 3373; x_wconf 92' lang='lat' dir='ltr'>illo</span> <span class='ocrx_word' id='word_1_294' title='bbox 427 3340 459 3373; x_wconf 85' lang='lat' dir='ltr'>ex</span> <span class='ocrx_word' id='word_1_295' title='bbox 473 3326 594 3390; x_wconf 84' lang='lat' dir='ltr'>Sapphus</span> <span class='ocrx_word' id='word_1_296' title='bbox 607 3332 634 3376; x_wconf 92' lang='lat' dir='ltr'>et</span> <span class='ocrx_word' id='word_1_297' title='bbox 647 3327 740 3376; x_wconf 80' lang='lat' dir='ltr'>Alcaei</span> <span class='ocrx_word' id='word_1_298' title='bbox 759 3328 915 3392; x_wconf 84' lang='lat' dir='ltr'>fragmentis</span> <span class='ocrx_word' id='word_1_299' title='bbox 934 3328 1017 3390; x_wconf 87' lang='lat' dir='ltr'>citati,</span> <span class='ocrx_word' id='word_1_300' title='bbox 1037 3344 1097 3377; x_wconf 90' lang='lat' dir='ltr'>eum</span> <span class='ocrx_word' id='word_1_301' title='bbox 1116 3328 1144 3376; x_wconf 92' lang='lat' dir='ltr'>hi</span> <span class='ocrx_word' id='word_1_302' title='bbox 1162 3333 1259 3392; x_wconf 87' lang='lat' dir='ltr'>poetae</span> <span class='ocrx_word' id='word_1_303' title='bbox 1273 3328 1364 3377; x_wconf 89' lang='lat' dir='ltr'>Lesbii</span> <span class='ocrx_word' id='word_1_304' title='bbox 1382 3329 1443 3387; x_wconf 87' lang='lat' dir='ltr'>sint,</span> <span class='ocrx_word' id='word_1_305' title='bbox 1461 3326 1495 3375; x_wconf 85' lang='lat' dir='ltr'>ad</span> <span class='ocrx_word' id='word_1_306' title='bbox 1512 3342 1570 3391; x_wconf 91' lang='lat' dir='ltr'>pro·</span> 
     </span>
     <span class='ocr_line' id='line_1_30' title="bbox 168 3412 1570 3481; baseline 0.002 -21"><span class='ocrx_word' id='word_1_307' title='bbox 168 3412 281 3460; x_wconf 87' lang='lat' dir='ltr'>bandam</span> <span class='ocrx_word' id='word_1_308' title='bbox 304 3427 363 3461; x_wconf 87' lang='lat' dir='ltr'>eam</span> <span class='ocrx_word' id='word_1_309' title='bbox 387 3414 543 3477; x_wconf 83' lang='lat' dir='ltr'>scripturam</span> <span class='ocrx_word' id='word_1_310' title='bbox 567 3430 622 3463; x_wconf 93' lang='lat' dir='ltr'>non</span> <span class='ocrx_word' id='word_1_311' title='bbox 644 3415 760 3464; x_wconf 90' lang='lat' dir='ltr'>multum</span> <span class='ocrx_word' id='word_1_312' title='bbox 783 3416 925 3464; x_wconf 84' lang='lat' dir='ltr'>conferunt</span> <span class='ocrx_word' id='word_1_313' title='bbox 948 3422 975 3465; x_wconf 91' lang='lat' dir='ltr'>et</span> <span class='ocrx_word' id='word_1_314' title='bbox 997 3416 1082 3465; x_wconf 87' lang='lat' dir='ltr'>forma</span> <span class='ocrx_word' id='word_1_315' title='bbox 1101 3421 1238 3465; x_wconf 88' lang='lat' dir='ltr'>contracta</span> <span class='ocrx_word' id='word_1_316' title='bbox 1261 3417 1379 3481; x_wconf 86' lang='lat' dir='ltr'>antiquis</span> <span class='ocrx_word' id='word_1_317' title='bbox 1397 3416 1570 3480; x_wconf 89' lang='lat' dir='ltr'>temporibus,</span> 
     </span>
     <span class='ocr_line' id='line_1_31' title="bbox 167 3500 1570 3568; baseline 0.004 -22"><span class='ocrx_word' id='word_1_318' title='bbox 167 3500 189 3547; x_wconf 88' lang='lat' dir='ltr'>si</span> <span class='ocrx_word' id='word_1_319' title='bbox 202 3514 219 3547; x_wconf 91' lang='lat' dir='ltr'>a</span> <span class='ocrx_word' id='word_1_320' title='bbox 231 3500 384 3548; x_wconf 89' lang='lat' dir='ltr'>Mimnermi</span> <span class='ocrx_word' id='word_1_321' title='bbox 398 3506 425 3549; x_wconf 89' lang='lat' dir='ltr'>et</span> <span class='ocrx_word' id='word_1_322' title='bbox 437 3506 575 3565; x_wconf 91' lang='lat' dir='ltr'>poetarum</span> <span class='ocrx_word' id='word_1_323' title='bbox 588 3502 746 3551; x_wconf 88' lang='lat' dir='ltr'>Lesbiorum</span> <span class='ocrx_word' id='word_1_324' title='bbox 766 3502 832 3551; x_wconf 91' lang='lat' dir='ltr'>locis</span> <span class='ocrx_word' id='word_1_325' title='bbox 852 3504 1012 3563; x_wconf 87' lang='lat' dir='ltr'>discesseris,</span> <span class='ocrx_word' id='word_1_326' title='bbox 1031 3509 1135 3552; x_wconf 89' lang='lat' dir='ltr'>tantum</span> <span class='ocrx_word' id='word_1_327' title='bbox 1154 3519 1170 3552; x_wconf 92' lang='lat' dir='ltr'>a</span> <span class='ocrx_word' id='word_1_328' title='bbox 1188 3504 1356 3568; x_wconf 89' lang='lat' dir='ltr'>Xenophane</span> <span class='ocrx_word' id='word_1_329' title='bbox 1374 3504 1402 3551; x_wconf 91' lang='lat' dir='ltr'>in</span> <span class='ocrx_word' id='word_1_330' title='bbox 1420 3503 1570 3567; x_wconf 86' lang='lat' dir='ltr'>fragmento</span> 
     </span>
     <span class='ocr_line' id='line_1_32' title="bbox 166 3586 1570 3657; baseline 0.004 -23"><span class='ocrx_word' id='word_1_331' title='bbox 166 3586 281 3651; x_wconf 86' lang='lat' dir='ltr'>quodam</span> <span class='ocrx_word' id='word_1_332' title='bbox 305 3587 456 3649; x_wconf 88' lang='lat' dir='ltr'>adhibetur,</span> <span class='ocrx_word' id='word_1_333' title='bbox 480 3589 552 3653; x_wconf 92' lang='lat' dir='ltr'>quod</span> <span class='ocrx_word' id='word_1_334' title='bbox 574 3589 663 3653; x_wconf 87' lang='lat' dir='ltr'>Bergk</span> <span class='ocrx_word' id='word_1_335' title='bbox 686 3607 712 3655; x_wconf 91' lang='lat' dir='ltr'>p.</span> <span class='ocrx_word' id='word_1_336' title='bbox 733 3593 781 3638; x_wconf 85' lang='grc'>116</span> <span class='ocrx_word' id='word_1_337' title='bbox 805 3590 945 3655; x_wconf 89' lang='lat' dir='ltr'>adscripsit</span> <span class='ocrx_word' id='word_1_338' title='bbox 968 3596 995 3639; x_wconf 90' lang='lat' dir='ltr'>et</span> <span class='ocrx_word' id='word_1_339' title='bbox 1018 3592 1045 3638; x_wconf 90' lang='lat' dir='ltr'>in</span> <span class='ocrx_word' id='word_1_340' title='bbox 1069 3592 1181 3640; x_wconf 90' lang='lat' dir='ltr'>trimetri</span> <span class='ocrx_word' id='word_1_341' title='bbox 1205 3592 1317 3640; x_wconf 87' lang='lat' dir='ltr'>formam</span> <span class='ocrx_word' id='word_1_342' title='bbox 1335 3590 1440 3655; x_wconf 81' lang='lat' dir='ltr'>redegit</span> <span class='ocrx_word' id='word_1_343' title='bbox 1458 3589 1525 3657; x_wconf 71' lang='lat' dir='ltr'>(syo</span> <span class='ocrx_word' id='word_1_344' title='bbox 1544 3586 1570 3640; x_wconf 70' lang='lat'>0⁹</span> 
     </span>
     <span class='ocr_line' id='line_1_33' title="bbox 167 3673 1571 3742; baseline 0.002 -19"><span class='ocrx_word' id='word_1_345' title='bbox 167 3673 311 3739; x_wconf 77' lang='grc' dir='ltr'><em>ἐμαυτόν).</em></span> <span class='ocrx_word' id='word_1_346' title='bbox 339 3675 458 3723; x_wconf 89' lang='lat' dir='ltr'>Bekkeri</span> <span class='ocrx_word' id='word_1_347' title='bbox 470 3691 533 3723; x_wconf 89' lang='lat' dir='ltr'>vero</span> <span class='ocrx_word' id='word_1_348' title='bbox 552 3678 708 3725; x_wconf 87' lang='lat' dir='ltr'>coniectura</span> <span class='ocrx_word' id='word_1_349' title='bbox 725 3683 797 3726; x_wconf 84' lang='lat' dir='ltr'>certo</span> <span class='ocrx_word' id='word_1_350' title='bbox 815 3677 884 3725; x_wconf 83' lang='lat' dir='ltr'>falsa</span> <span class='ocrx_word' id='word_1_351' title='bbox 898 3683 950 3740; x_wconf 85' lang='lat' dir='ltr'>est;</span> <span class='ocrx_word' id='word_1_352' title='bbox 968 3693 1056 3742; x_wconf 91' lang='lat' dir='ltr'>neque</span> <span class='ocrx_word' id='word_1_353' title='bbox 1073 3680 1123 3741; x_wconf 84' lang='grc' dir='ltr'>σὴν</span> <span class='ocrx_word' id='word_1_354' title='bbox 1142 3678 1226 3727; x_wconf 81' lang='grc' dir='ltr'><em>αὐτοῦ</em></span> <span class='ocrx_word' id='word_1_355' title='bbox 1243 3678 1357 3727; x_wconf 86' lang='lat' dir='ltr'>multum</span> <span class='ocrx_word' id='word_1_356' title='bbox 1376 3677 1571 3742; x_wconf 87' lang='lat' dir='ltr'>probabilitatis</span> 
     </span>
     <span class='ocr_line' id='line_1_34' title="bbox 166 3761 1570 3829; baseline 0.002 -20"><span class='ocrx_word' id='word_1_357' title='bbox 166 3761 256 3822; x_wconf 88' lang='lat' dir='ltr'>habet,</span> <span class='ocrx_word' id='word_1_358' title='bbox 283 3778 342 3810; x_wconf 90' lang='lat' dir='ltr'>cum</span> <span class='ocrx_word' id='word_1_359' title='bbox 366 3764 389 3810; x_wconf 91' lang='lat' dir='ltr'>is</span> <span class='ocrx_word' id='word_1_360' title='bbox 411 3778 477 3811; x_wconf 90' lang='lat' dir='ltr'>usus</span> <span class='ocrx_word' id='word_1_361' title='bbox 499 3763 532 3811; x_wconf 91' lang='lat' dir='ltr'>ab</span> <span class='ocrx_word' id='word_1_362' title='bbox 555 3762 656 3827; x_wconf 77' lang='lat' dir='ltr'>elegeiS</span> <span class='ocrx_word' id='word_1_363' title='bbox 679 3764 756 3813; x_wconf 90' lang='lat' dir='ltr'>absit.</span> <span class='ocrx_word' id='word_1_364' title='bbox 794 3764 865 3827; x_wconf 91' lang='lat' dir='ltr'>quod</span> <span class='ocrx_word' id='word_1_365' title='bbox 889 3780 978 3829; x_wconf 86' lang='lat' dir='ltr'>neque</span> <span class='ocrx_word' id='word_1_366' title='bbox 1001 3765 1108 3815; x_wconf 84' lang='lat' dir='ltr'>Franke</span> <span class='ocrx_word' id='word_1_367' title='bbox 1132 3767 1244 3826; x_wconf 89' lang='lat' dir='ltr'>curavit,</span> <span class='ocrx_word' id='word_1_368' title='bbox 1267 3766 1314 3829; x_wconf 90' lang='lat' dir='ltr'>qui</span> <span class='ocrx_word' id='word_1_369' title='bbox 1332 3764 1406 3828; x_wconf 83' lang='lat' dir='ltr'>Tyrt.</span> <span class='ocrx_word' id='word_1_370' title='bbox 1426 3766 1499 3826; x_wconf 86' lang='lat'><strong>10‚3</strong></span> <span class='ocrx_word' id='word_1_371' title='bbox 1523 3780 1570 3829; x_wconf 92' lang='lat' dir='ltr'>pro</span> 
     </span>
     <span class='ocr_line' id='line_1_35' title="bbox 166 3845 1569 3918; baseline 0.004 -22"><span class='ocrx_word' id='word_1_372' title='bbox 166 3849 215 3911; x_wconf 84' lang='grc' dir='ltr'>τὴν</span> <span class='ocrx_word' id='word_1_373' title='bbox 233 3845 258 3897; x_wconf 74' lang='grc' dir='ltr'>δ’</span> <span class='ocrx_word' id='word_1_374' title='bbox 266 3848 352 3898; x_wconf 78' lang='grc' dir='ltr'><em>αὐτοῦ</em></span> <span class='ocrx_word' id='word_1_375' title='bbox 371 3851 485 3898; x_wconf 79' lang='lat' dir='ltr'>coniecit</span> <span class='ocrx_word' id='word_1_376' title='bbox 506 3850 538 3913; x_wconf 77' lang='grc' dir='ltr'>ἢν</span> <span class='ocrx_word' id='word_1_377' title='bbox 551 3846 672 3908; x_wconf 64' lang='lat' dir='ltr'>dedico,</span> <span class='ocrx_word' id='word_1_378' title='bbox 691 3866 780 3914; x_wconf 90' lang='lat' dir='ltr'>neque</span> <span class='ocrx_word' id='word_1_379' title='bbox 799 3852 897 3915; x_wconf 83' lang='lat' dir='ltr'>Bergk,</span> <span class='ocrx_word' id='word_1_380' title='bbox 917 3854 963 3915; x_wconf 93' lang='lat' dir='ltr'>qui</span> <span class='ocrx_word' id='word_1_381' title='bbox 981 3851 1102 3915; x_wconf 83' lang='lat' dir='ltr'>Theogn.</span> <span class='ocrx_word' id='word_1_382' title='bbox 1117 3854 1212 3917; x_wconf 83' lang='lat' dir='ltr'>955sq.</span> <span class='ocrx_word' id='word_1_383' title='bbox 1232 3857 1288 3901; x_wconf 84' lang='grc' dir='ltr'>σῶν</span> <span class='ocrx_word' id='word_1_384' title='bbox 1300 3868 1328 3901; x_wconf 82' lang='grc' dir='ltr'>τε</span> <span class='ocrx_word' id='word_1_385' title='bbox 1348 3854 1401 3918; x_wconf 80' lang='grc' dir='ltr'>γὰρ</span> <span class='ocrx_word' id='word_1_386' title='bbox 1421 3851 1506 3901; x_wconf 83' lang='grc' dir='ltr'><em>αὐτοῦ</em></span> <span class='ocrx_word' id='word_1_387' title='bbox 1522 3852 1526 3917; x_wconf 94' lang='grc' dir='ltr'>Ι</span> <span class='ocrx_word' id='word_1_388' title='bbox 1543 3890 1569 3901; x_wconf 88' lang='grc'>..</span> 
     </span>
     <span class='ocr_line' id='line_1_36' title="bbox 167 3935 1569 4003; baseline 0.006 -20"><span class='ocrx_word' id='word_1_389' title='bbox 167 3940 288 3985; x_wconf 81' lang='grc' dir='ltr'><em>κτεάνων</em></span> <span class='ocrx_word' id='word_1_390' title='bbox 309 3936 387 3984; x_wconf 90' lang='lat' dir='ltr'>scribi</span> <span class='ocrx_word' id='word_1_391' title='bbox 406 3935 500 3985; x_wconf 88' lang='lat' dir='ltr'>voluit.</span> <span class='ocrx_word' id='word_1_392' title='bbox 538 3936 609 4001; x_wconf 87' lang='lat' dir='ltr'>apud</span> <span class='ocrx_word' id='word_1_393' title='bbox 628 3938 776 3987; x_wconf 90' lang='lat' dir='ltr'>Homerum</span> <span class='ocrx_word' id='word_1_394' title='bbox 797 3945 887 3987; x_wconf 89' lang='lat' dir='ltr'>autern</span> <span class='ocrx_word' id='word_1_395' title='bbox 910 3939 975 3987; x_wconf 87' lang='lat' dir='ltr'>talia</span> <span class='ocrx_word' id='word_1_396' title='bbox 998 3941 1114 3988; x_wconf 89' lang='lat' dir='ltr'>inveniri</span> <span class='ocrx_word' id='word_1_397' title='bbox 1133 3940 1255 4003; x_wconf 87' lang='lat' dir='ltr'>Krueger</span> <span class='ocrx_word' id='word_1_398' title='bbox 1273 3939 1316 3987; x_wconf 92' lang='lat' dir='ltr'>Di.</span> <span class='ocrx_word' id='word_1_399' title='bbox 1331 3941 1372 3998; x_wconf 80' lang='lat'>51,</span> <span class='ocrx_word' id='word_1_400' title='bbox 1386 3942 1409 3999; x_wconf 79' lang='lat'>2,</span> <span class='ocrx_word' id='word_1_401' title='bbox 1423 3941 1439 3987; x_wconf 90' lang='grc'>8</span> <span class='ocrx_word' id='word_1_402' title='bbox 1453 3944 1480 3989; x_wconf 87' lang='lat' dir='ltr'>et</span> <span class='ocrx_word' id='word_1_403' title='bbox 1492 3940 1525 3989; x_wconf 92' lang='lat' dir='ltr'>D.</span> <span class='ocrx_word' id='word_1_404' title='bbox 1540 3941 1569 3992; x_wconf 90' lang='lat' dir='ltr'>B.</span> 
     </span>
     <span class='ocr_line' id='line_1_37' title="bbox 166 4022 921 4089; baseline 0.007 -19"><span class='ocrx_word' id='word_1_405' title='bbox 166 4022 260 4071; x_wconf 89' lang='lat' dir='ltr'>Monro</span> <span class='ocrx_word' id='word_1_406' title='bbox 280 4022 419 4085; x_wconf 86' lang='lat' dir='ltr'>(Homeric</span> <span class='ocrx_word' id='word_1_407' title='bbox 437 4024 580 4087; x_wconf 86' lang='lat' dir='ltr'>grammar)</span> <span class='ocrx_word' id='word_1_408' title='bbox 605 4026 688 4084; x_wconf 74' lang='lat'>§252</span> <span class='ocrx_word' id='word_1_409' title='bbox 708 4026 921 4089; x_wconf 89' lang='lat' dir='ltr'>comprobarunt.</span> 
     </span>
    </p>

    <p class='ocr_par' dir='ltr' id='par_1_5' title="bbox 164 4107 1570 4697">
     <span class='ocr_line' id='line_1_38' title="bbox 272 4107 1569 4179; baseline 0.006 -23"><span class='ocrx_word' id='word_1_410' title='bbox 272 4107 292 4172; x_wconf 87' lang='lat'>¹)</span> <span class='ocrx_word' id='word_1_411' title='bbox 304 4108 392 4173; x_wconf 89' lang='lat' dir='ltr'>Vulgo</span> <span class='ocrx_word' id='word_1_412' title='bbox 411 4114 466 4158; x_wconf 85' lang='grc' dir='ltr'>τῶν</span> <span class='ocrx_word' id='word_1_413' title='bbox 483 4110 569 4161; x_wconf 82' lang='grc' dir='ltr'><em>αὐτοῦ</em></span> <span class='ocrx_word' id='word_1_414' title='bbox 587 4108 667 4160; x_wconf 79' lang='grc' dir='ltr'><em>ἰδίων</em></span> <span class='ocrx_word' id='word_1_415' title='bbox 685 4110 767 4161; x_wconf 65' lang='grc' dir='ltr'><em>οὐδὲν</em></span> <span class='ocrx_word' id='word_1_416' title='bbox 786 4111 980 4179; x_wconf 77' lang='grc' dir='ltr'><em>ἐπιστρέφεται</em></span> <span class='ocrx_word' id='word_1_417' title='bbox 997 4113 1104 4178; x_wconf 86' lang='lat' dir='ltr'>legitur,</span> <span class='ocrx_word' id='word_1_418' title='bbox 1124 4113 1196 4177; x_wconf 91' lang='lat' dir='ltr'>quod</span> <span class='ocrx_word' id='word_1_419' title='bbox 1213 4129 1244 4162; x_wconf 85' lang='lat' dir='ltr'>ex</span> <span class='ocrx_word' id='word_1_420' title='bbox 1262 4113 1423 4163; x_wconf 89' lang='lat' dir='ltr'>deteriorum</span> <span class='ocrx_word' id='word_1_421' title='bbox 1442 4115 1569 4164; x_wconf 89' lang='lat' dir='ltr'>librorum</span> 
     </span>
     <span class='ocr_line' id='line_1_39' title="bbox 166 4192 1569 4266; baseline 0.004 -22"><span class='ocrx_word' id='word_1_422' title='bbox 166 4198 297 4262; x_wconf 88' lang='lat' dir='ltr'>scriptura</span> <span class='ocrx_word' id='word_1_423' title='bbox 320 4198 369 4245; x_wconf 84' lang='grc' dir='ltr'>τὸν</span> <span class='ocrx_word' id='word_1_424' title='bbox 391 4192 417 4244; x_wconf 80' lang='lat' dir='ltr'>d&#39;</span> <span class='ocrx_word' id='word_1_425' title='bbox 432 4196 518 4245; x_wconf 80' lang='grc' dir='ltr'><em>αὐτοῦ</em></span> <span class='ocrx_word' id='word_1_426' title='bbox 540 4196 614 4248; x_wconf 73' lang='grc' dir='ltr'><em>ἴδιον</em></span> <span class='ocrx_word' id='word_1_427' title='bbox 638 4197 720 4248; x_wconf 74' lang='grc' dir='ltr'><em>οὐδὲν</em></span> <span class='ocrx_word' id='word_1_428' title='bbox 744 4197 937 4266; x_wconf 65' lang='grc' dir='ltr'><em>ἐπιστρέφεται</em></span> <span class='ocrx_word' id='word_1_429' title='bbox 959 4200 1053 4249; x_wconf 87' lang='lat' dir='ltr'>Iacobs</span> <span class='ocrx_word' id='word_1_430' title='bbox 1077 4201 1200 4248; x_wconf 88' lang='lat' dir='ltr'>coniecit.</span> <span class='ocrx_word' id='word_1_431' title='bbox 1238 4200 1361 4264; x_wconf 89' lang='lat' dir='ltr'>equidem</span> <span class='ocrx_word' id='word_1_432' title='bbox 1389 4206 1479 4251; x_wconf 87' lang='lat' dir='ltr'>autem</span> <span class='ocrx_word' id='word_1_433' title='bbox 1509 4218 1569 4250; x_wconf 90' lang='lat' dir='ltr'>cum</span> 
     </span>
     <span class='ocr_line' id='line_1_40' title="bbox 164 4280 1570 4353; baseline 0.005 -22"><span class='ocrx_word' id='word_1_434' title='bbox 164 4283 284 4333; x_wconf 83' lang='lat' dir='ltr'>Ahrente</span> <span class='ocrx_word' id='word_1_435' title='bbox 306 4288 360 4333; x_wconf 84' lang='grc' dir='ltr'>τῶν</span> <span class='ocrx_word' id='word_1_436' title='bbox 384 4280 498 4334; x_wconf 78' lang='grc' dir='ltr'><em>δἀὐτοῦ</em></span> <span class='ocrx_word' id='word_1_437' title='bbox 520 4284 625 4348; x_wconf 71' lang='grc' dir='ltr'><em>κηδέων</em></span> <span class='ocrx_word' id='word_1_438' title='bbox 650 4324 655 4333; x_wconf 94' lang='grc'>.</span> <span class='ocrx_word' id='word_1_439' title='bbox 675 4326 679 4335; x_wconf 97' lang='grc'>.</span> <span class='ocrx_word' id='word_1_440' title='bbox 699 4326 704 4336; x_wconf 90' lang='grc'><strong>.</strong></span> <span class='ocrx_word' id='word_1_441' title='bbox 726 4287 895 4335; x_wconf 90' lang='lat' dir='ltr'>scribendum</span> <span class='ocrx_word' id='word_1_442' title='bbox 920 4302 976 4337; x_wconf 87' lang='lat' dir='ltr'>esse</span> <span class='ocrx_word' id='word_1_443' title='bbox 998 4294 1071 4353; x_wconf 87' lang='lat' dir='ltr'>puto,</span> <span class='ocrx_word' id='word_1_444' title='bbox 1094 4289 1249 4352; x_wconf 86' lang='lat' dir='ltr'>praesertim</span> <span class='ocrx_word' id='word_1_445' title='bbox 1269 4304 1330 4337; x_wconf 88' lang='lat' dir='ltr'>cum</span> <span class='ocrx_word' id='word_1_446' title='bbox 1350 4289 1466 4353; x_wconf 92' lang='lat' dir='ltr'>optimus</span> <span class='ocrx_word' id='word_1_447' title='bbox 1485 4289 1570 4338; x_wconf 85' lang='lat' dir='ltr'>codex</span> 
     </span>
     <span class='ocr_line' id='line_1_41' title="bbox 164 4370 1569 4439; baseline 0.003 -20"><span class='ocrx_word' id='word_1_448' title='bbox 164 4376 220 4420; x_wconf 83' lang='grc' dir='ltr'>τῶν</span> <span class='ocrx_word' id='word_1_449' title='bbox 243 4376 271 4420; x_wconf 91' lang='lat' dir='ltr'>et</span> <span class='ocrx_word' id='word_1_450' title='bbox 292 4370 383 4421; x_wconf 73' lang='grc' dir='ltr'><em>κικλιον</em></span> <span class='ocrx_word' id='word_1_451' title='bbox 401 4372 535 4436; x_wconf 88' lang='lat' dir='ltr'>praebeat.</span> <span class='ocrx_word' id='word_1_452' title='bbox 573 4372 619 4421; x_wconf 88' lang='lat' dir='ltr'>sed</span> <span class='ocrx_word' id='word_1_453' title='bbox 638 4374 746 4421; x_wconf 90' lang='lat' dir='ltr'>tertium</span> <span class='ocrx_word' id='word_1_454' title='bbox 765 4373 869 4422; x_wconf 86' lang='lat' dir='ltr'>accedit</span> <span class='ocrx_word' id='word_1_455' title='bbox 887 4380 1075 4438; x_wconf 87' lang='lat' dir='ltr'>argumentum</span> <span class='ocrx_word' id='word_1_456' title='bbox 1094 4374 1166 4423; x_wconf 89' lang='lat' dir='ltr'>haud</span> <span class='ocrx_word' id='word_1_457' title='bbox 1185 4375 1376 4439; x_wconf 89' lang='lat' dir='ltr'>spernendum:</span> <span class='ocrx_word' id='word_1_458' title='bbox 1398 4374 1470 4430; x_wconf 73' lang='grc' dir='ltr'><em>ἴδιος</em></span> <span class='ocrx_word' id='word_1_459' title='bbox 1488 4377 1569 4438; x_wconf 86' lang='lat' dir='ltr'>enim,</span> 
     </span>
     <span class='ocr_line' id='line_1_42' title="bbox 165 4457 1567 4527; baseline 0.004 -21"><span class='ocrx_word' id='word_1_460' title='bbox 165 4457 236 4522; x_wconf 91' lang='lat' dir='ltr'>quod</span> <span class='ocrx_word' id='word_1_461' title='bbox 254 4457 325 4523; x_wconf 86' lang='lat' dir='ltr'>apud</span> <span class='ocrx_word' id='word_1_462' title='bbox 344 4459 558 4523; x_wconf 89' lang='lat' dir='ltr'>antiquissimum</span> <span class='ocrx_word' id='word_1_463' title='bbox 578 4473 712 4523; x_wconf 91' lang='lat' dir='ltr'>quemque</span> <span class='ocrx_word' id='word_1_464' title='bbox 730 4460 887 4524; x_wconf 89' lang='lat' dir='ltr'>scriptorem</span> <span class='ocrx_word' id='word_1_465' title='bbox 905 4463 960 4510; x_wconf 92' lang='lat' dir='ltr'>vim</span> <span class='ocrx_word' id='word_1_466' title='bbox 979 4462 1054 4511; x_wconf 91' lang='lat' dir='ltr'>verbi</span> <span class='ocrx_word' id='word_1_467' title='bbox 1074 4461 1209 4527; x_wconf 83' lang='lat' dir='ltr'>‘privatus&#39;</span> <span class='ocrx_word' id='word_1_468' title='bbox 1228 4462 1316 4524; x_wconf 87' lang='lat' dir='ltr'>habet,</span> <span class='ocrx_word' id='word_1_469' title='bbox 1336 4468 1400 4511; x_wconf 90' lang='lat' dir='ltr'>ante</span> <span class='ocrx_word' id='word_1_470' title='bbox 1418 4462 1567 4512; x_wconf 87' lang='lat' dir='ltr'>Atticorum</span> 
     </span>
     <span class='ocr_line' id='line_1_43' title="bbox 165 4546 1569 4617; baseline 0.004 -24"><span class='ocrx_word' id='word_1_471' title='bbox 165 4550 287 4608; x_wconf 90' lang='lat' dir='ltr'>tempora</span> <span class='ocrx_word' id='word_1_472' title='bbox 304 4560 364 4593; x_wconf 91' lang='lat' dir='ltr'>cum</span> <span class='ocrx_word' id='word_1_473' title='bbox 384 4546 509 4609; x_wconf 87' lang='lat' dir='ltr'>genetivo</span> <span class='ocrx_word' id='word_1_474' title='bbox 529 4547 693 4609; x_wconf 89' lang='lat' dir='ltr'>pronominis</span> <span class='ocrx_word' id='word_1_475' title='bbox 717 4561 771 4594; x_wconf 91' lang='lat' dir='ltr'>non</span> <span class='ocrx_word' id='word_1_476' title='bbox 791 4548 963 4612; x_wconf 88' lang='lat' dir='ltr'>coniungitur</span> <span class='ocrx_word' id='word_1_477' title='bbox 982 4563 1070 4612; x_wconf 89' lang='lat' dir='ltr'>neque</span> <span class='ocrx_word' id='word_1_478' title='bbox 1089 4558 1195 4614; x_wconf 83' lang='lat' dir='ltr'>praeter</span> <span class='ocrx_word' id='word_1_479' title='bbox 1213 4548 1313 4599; x_wconf 90' lang='lat' dir='ltr'>Herod.</span> <span class='ocrx_word' id='word_1_480' title='bbox 1328 4549 1378 4599; x_wconf 86' lang='lat' dir='ltr'>VII</span> <span class='ocrx_word' id='word_1_481' title='bbox 1400 4551 1447 4599; x_wconf 85' lang='lat'>147</span> <span class='ocrx_word' id='word_1_482' title='bbox 1467 4554 1569 4617; x_wconf 90' lang='lat' dir='ltr'>tempo-</span> 
     </span>
     <span class='ocr_line' id='line_1_44' title="bbox 165 4630 934 4697; baseline 0.007 -17"><span class='ocrx_word' id='word_1_483' title='bbox 165 4630 239 4681; x_wconf 84' lang='lat' dir='ltr'>ribus</span> <span class='ocrx_word' id='word_1_484' title='bbox 257 4630 313 4681; x_wconf 89' lang='lat' dir='ltr'>illis</span> <span class='ocrx_word' id='word_1_485' title='bbox 330 4633 440 4681; x_wconf 88' lang='lat' dir='ltr'>notione</span> <span class='ocrx_word' id='word_1_486' title='bbox 459 4633 597 4697; x_wconf 68' lang='lat' dir='ltr'>‘proprius</span> <span class='ocrx_word' id='word_1_487' title='bbox 616 4630 688 4682; x_wconf 85' lang='lat' dir='ltr'>suus&#39;</span> <span class='ocrx_word' id='word_1_488' title='bbox 706 4634 868 4683; x_wconf 88' lang='lat' dir='ltr'>instructum</span> <span class='ocrx_word' id='word_1_489' title='bbox 886 4640 934 4685; x_wconf 89' lang='lat' dir='ltr'>est.</span> 
     </span>
    </p>
   </div>
   <div class='ocr_carea' id='block_1_4' title="bbox 1661 4622 1684 4657">
    <p class='ocr_par' dir='ltr' id='par_1_6' title="bbox 1661 4622 1684 4657">
     <span class='ocr_line' id='line_1_45' title="bbox 1661 4622 1684 4657; baseline 0 0"><span class='ocrx_word' id='word_1_490' title='bbox 1661 4622 1684 4657; x_wconf 66' lang='lat' dir='ltr'><em>A</em></span> 
     </span>
    </p>
   </div>
   <div class='ocr_carea' id='block_1_5' title="bbox 0 0 1700 5067">
    <p class='ocr_par' dir='ltr' id='par_1_7' title="bbox 0 0 1700 5067">
     <span class='ocr_line' id='line_1_46' title="bbox 0 0 1700 5067; baseline 0 1"><span class='ocrx_word' id='word_1_491' title='bbox 0 0 1700 5067; x_wconf 95' lang='lat' dir='ltr'> </span> 
     </span>
    </p>
   </div>
  </div>
 </body>
</html>
