3392 5067
150 410 253 475 verba
290 409 445 491 despectus
479 409 559 470 cusis
600 408 665 471 iam
695 406 888 492 Gruterus¹)
924 408 1003 471 haec
1037 408 1219 473 adnotavit:
1252 408 1304 471 ille
1336 412 1430 483 ausis,

149 537 232 577 uuus
261 513 354 596 modo·
381 512 459 575 cives
489 512 548 573 mci
577 498 756 596 despiciunt.
802 513 888 597 quod
926 534 1000 575 cum
1035 535 1148 576 verum
1181 534 1252 577 esse
1289 512 1343 577 alii
1380 536 1484 601 negas¹

148 620 257 683 varias
286 619 512 700 excogitarunt
540 615 773 699 explicationes
803 626 859 681 aut
887 618 1098 681 coniecturas.
1147 618 1266 680 etenim
1289 617 1392 679 Bothe
1422 618 1484 681 scri

148 721 327 807 despectus?
353 721 434 783 cusis
457 719 558 806 faciet
600 720 769 805 explicans
817 722 1011 805 despectusuo
1039 744 1200 785 cousensus
1223 724 1278 785 istc
1296 733 1436 807 potrum,
1464 738 1482 809 q

149 839 183 890 tu
219 826 342 889 iactas?
379 827 471 889 immo
505 827 600 907 cusis,·
638 825 769 911 Lipsius
807 826 871 909 legi
906 826 1008 891 voluit
1055 826 1187 889 detectus
1221 826 1274 890 vel
1308 839 1481 912 conspectus

147 930 389 1015 Raphelengius
425 930 587 993 destrictus
616 952 651 1007 a,
694 930 798 995 Bitter
824 931 978 1016 dispectus
1000 954 1035 1008 a,
1074 930 1228 1017 Peipert)
1261 934 1443 996 cousensus?
1472 946 1486 997 'c

140 1036 256 1122 faciet,
292 1034 505 1118 Buechelerss)
544 1044 697 1119 respectus
731 1058 771 1112 a,
812 1034 1009 1121 Baehrens⁴)
1049 1035 1188 1097 derectus
1219 1058 1242 1097 c.
1290 1058 1420 1120 prorsus
1458 1036 1574 1111 ahter.

146 1162 226 1203 vero
266 1141 307 1202 de
342 1138 592 1225 Wilamowitffi)
629 1139 802 1222 iudicavit,
841 1141 895 1225 qui
935 1137 1141 1203 scribendum
1177 1161 1246 1203 esse
1286 1143 1468 1225 suspicatus

147 1245 320 1328 despectum
346 1254 380 1305 ut
407 1244 486 1306 cusis
505 1225 632 1329 feriat?
669 1266 708 1307 ac
738 1244 803 1307 tale
833 1244 912 1329 quid
944 1242 1084 1327 flagitari
1115 1242 1259 1306 Senecae
1292 1266 1484 1327 responsum
1519 1252 1579 1331 etth,
1679 1327 1682 1334 Α

147 1348 287 1412 Neronis
323 1350 546 1433 insequentem
581 1352 756 1413 orationem
792 1349 910 1413 docere
943 1350 1011 1413 Leo
1020 1348 1044 1433 ὁ)
1079 1348 1278 1430 adfirmavit,
1318 1349 1405 1413 nullo
1443 1356 1550 1415 tamen
1601 1366 1688 1441 sp:

146 1455 227 1536 iure,
255 1463 290 1516 ut
313 1453 392 1516 mihi
415 1452 555 1519 videtur.
595 1477 670 1518 nam
694 1454 862 1537 Senecam,
887 1456 942 1538 qui
965 1477 995 1517 v.
1019 1454 1083 1517 455
1112 1454 1152 1516 de
1176 1454 1389 1538 opprimendo
1413 1432 1682 1537 tyrann0³⁵³t

145 1557 250 1622 verba
276 1557 370 1635 facit,
402 1559 468 1621 iam
495 1581 607 1644 versu,
639 1560 680 1623 de
704 1581 766 1644 quo
796 1560 1007 1643 disputamus,
1037 1558 1147 1622 dicere
1173 1558 1265 1623 nefas
1294 1580 1364 1621 esse
1387 1558 1571 1627 Neronem!
1654 1603 1687 1633 .-

147 1662 254 1726 oceidi
281 1662 437 1727 credibile
464 1684 529 1727 non
558 1674 616 1728 est.
657 1673 689 1727 et
711 1674 882 1749 praeterea
906 1664 947 1727 ad
964 1663 1116 1750 ¹Senecae
1140 1663 1259 1726 verba:
1287 1685 1366 1747 quus
1389 1674 1556 1727 caucasus.
1590 1680 1689 1752 „fs

146 1765 259 1852 efficiet
280 1777 355 1829 ratu
378 1789 571 1851 responsum
595 1777 816 1854 expectamus.
853 1770 923 1853 ipse
947 1769 1149 1832 conieceram
1172 1767 1346 1851 legendum
1370 1789 1455 1829 esse:
1479 1764 1549 1841 cou-

146 1880 266 1955 spectus
289 1871 368 1933 cusis
384 1870 487 1957 faciet
513 1874 558 1935 ita
586 1883 622 1936 ut
648 1886 823 1957 conspectus
853 1895 917 1936 non
948 1896 1021 1938 cum
1049 1872 1161 1957 Lipsio
1190 1893 1247 1954 pro
1277 1873 1461 1956 participio,
1493 1872 1551 1953 sed

146 1997 204 2061 pro
227 1974 431 2049 substantivo
454 1975 625 2041 haberem:
654 1977 711 2041 sed
735 2000 821 2040 nunc
849 1988 916 2041 tota
940 1975 1084 2041 Senecae
1112 1986 1144 2040 et
1166 1977 1303 2040 Neronis
1331 1976 1564 2063 controversia
1684 1963 1687 1970 ¹

146 2082 264 2143 iterum
296 2081 478 2165 iterumque
514 2081 658 2165 perlecta
687 2081 819 2145 Gruteri
850 2081 1101 2167 explicationem
1134 2090 1222 2145 recte
1253 2102 1286 2142 se
1317 2079 1437 2143 habere
1472 2080 1551 2145 mihi

146 2185 302 2270 persuasi.
342 2205 385 2247 ex
417 2186 463 2248 eis
494 2188 594 2266 enim,
627 2208 710 2270 quae
740 2186 827 2249 Nero
861 2190 895 2249 in
930 2185 1140 2270 sequentibus
1168 2185 1317 2248 versibus
1351 2184 1474 2269 profert
1508 2208 1551 2247 au
1595 2194 1621 2255 ξ’

1594 1550 1601 1599 ῑῗ
1616 1542 1682 1612 *tut

1599 1650 1615 1665 =·
1631 1628 1686 1689 ,ipat

1609 1844 1617 1885 „
1629 1852 1685 1885 *thr

1606 1888 1609 1893 .
1646 1874 1671 1907 ,pp

1614 1974 1615 1977 ¹
1632 1972 1649 1989 tr
1661 1974 1668 1989 ,ι
1679 1977 1682 1984 ,1

1607 1988 1682 2037 ruta

1610 2042 1612 2051 s
1624 2027 1692 2057 '‘1¹25ss

1622 2064 1624 2069 ,
1654 2058 1661 2067 t

1642 2076 1692 2105 Ἶῖῗ*

1597 2130 1601 2139 ι
1650 2102 1694 2146 5⁴¹¹

1643 2216 1696 2270 s

141 2290 255 2373 patiar
281 2287 368 2351 ultra
397 2292 578 2372 scupuiucm
607 2299 746 2354 nostrum
774 2290 854 2373 peti,
884 2288 1004 2352 inultus
1034 2301 1062 2353 et
1092 2299 1278 2372 couteutptus
1308 2300 1340 2351 ut
1370 2287 1467 2351 subito
1497 2304 1548 2373 op·'

142 2393 298 2477 primart,
329 2402 420 2478 patet
451 2417 525 2458 eum
555 2417 623 2459 rem
652 2396 697 2459 ita
726 2394 851 2478 fingere
880 2396 948 2459 acsi
979 2398 1048 2480 ipse
1076 2393 1144 2477 vel,
1175 2405 1211 2458 ut
1240 2396 1359 2456 rectius
1391 2392 1548 2475 dicamus,
1572 2464 1574 2469 .

145 2500 249 2583 ipsius
272 2499 358 2560 ensis
379 2522 400 2562 a
423 2499 550 2564 civibus
574 2509 806 2564 contemnatur.
850 2501 937 2565 Nero
969 2502 1068 2583 igitur
1099 2500 1190 2563 dicit:
1224 2500 1317 2581 ensis,
1342 2520 1439 2581 quem
1462 2520 1548 2561 nune
1634 2485 1692 2585 -†³j

147 2605 235 2666 cives
259 2603 450 2689 despiciunt,
482 2627 628 2690 eaquae
656 2614 760 2668 statuo
795 2614 866 2669 rata
894 2605 1022 2668 efficiet.
1064 2607 1152 2666 cives
1176 2612 1284 2666 autem
1308 2624 1418 2665 ensem
1442 2624 1550 2667 meum
1635 2596 1695 2697 ug,

147 2708 316 2793 despicere
347 2730 389 2772 ex
418 2731 529 2774 eorum
559 2708 677 2790 furore,
706 2730 768 2793 quo
797 2730 831 2771 se
859 2713 891 2771 in
920 2708 1054 2772 caedem
1081 2729 1186 2771 meam
1213 2715 1349 2786 armant,
1379 2728 1547 2789 cognosco.

145 2812 300 2877 tollantur
326 2815 424 2897 igitur
454 2836 530 2877 ense
557 2814 664 2877 hostes
693 2814 835 2897 suspecti
862 2813 950 2877 mihi.
989 2834 1072 2897 quae
1101 2813 1127 2874 si
1154 2820 1243 2873 recte
1272 2810 1436 2895 disputata
1464 2820 1547 2893 sunt,
1621 2834 1622 2837 ¹
1695 2837 1696 2840 ¹

147 2920 309 3002 scriptura
331 2919 450 2981 tradita
472 2918 641 2982 retinenda
665 2928 721 2980 est.

251 3023 289 3086 In
313 3045 367 3085 vv.
392 3021 455 3085 515
468 3044 537 3107 sqq.
562 3044 677 3106 pavere
706 3022 844 3084 volucres
871 3032 899 3083 ct
920 3021 1013 3107 ferus
1039 3042 1148 3083 soccus
1175 3021 1229 3081 diu
1253 3020 1257 3104 l
1283 3020 1384 3081 tristes
1409 3018 1550 3103 Philippi

145 3127 250 3187 hausit
270 3136 298 3187 ct
315 3124 453 3188 Siculum
468 3149 553 3188 more
573 3127 578 3210 Ι
598 3127 709 3188 classes
730 3127 870 3210 virosque
893 3148 982 3210 saepo
1005 3125 1141 3187 cedeutcs
1168 3146 1236 3187 suos
1257 3123 1260 3209 l
1281 3145 1443 3187 concussus
1467 3122 1548 3185 orbis

145 3228 263 3291 viribus
284 3231 406 3313 utopuis
433 3231 545 3293 ducum
570 3234 573 3313 l
598 3241 762 3315 superatus
784 3230 851 3292 acic
870 3229 1031 3315 puppibus
1056 3230 1168 3291 Nilum
1187 3229 1264 3313 petit
1284 3227 1403 3317 lfupoc
1421 3229 1548 3311 puratis
1605 3258 1606 3261 ¹

145 3336 209 3418 ipsc
221 3337 383 3419 periturus
400 3334 539 3397 brevi*
561 3337 606 3398 sic
631 3337 716 3398 enim
739 3334 820 3398 haec
843 3337 877 3397 in
901 3333 1066 3398 codicibus
1090 3334 1209 3396 tradita
1233 3343 1307 3395 sunt
1330 3371 1372 3378 -—
1395 3330 1548 3395 nonnulla

145 3441 268 3519 insunt,
298 3460 381 3523 quae
407 3441 485 3501 viris
513 3438 616 3503 doctis
644 3440 835 3503 offensiones
863 3438 1092 3523 praebuerunt.
1139 3460 1178 3502 ac
1209 3438 1349 3522 primum
1379 3434 1547 3519 permultis

144 3542 262 3623 hiatus,
286 3544 340 3626 qui
363 3545 447 3606 inter
469 3565 565 3608 voces
586 3543 729 3627 Philippi
750 3553 782 3606 ct
804 3545 905 3606 hausit
928 3542 1109 3624 intercedit,
1133 3540 1343 3605 intolerabilis
1368 3562 1437 3602 esse
1460 3538 1547 3603 vide·

144 3646 251 3711 batur.
291 3670 389 3732 quam
417 3648 457 3712 ob
481 3671 548 3711 rem
573 3647 755 3712 Gronovius
778 3649 892 3725 mersit,
921 3646 992 3710 Nic.
1016 3648 1168 3710 Heinsius
1195 3646 1315 3727 sorbss't,
1345 3642 1448 3706 Bothe
1474 3664 1547 3707 cum

145 3750 304 3815 Ascensio
328 3754 474 3827 cohaesit,
498 3752 632 3815 Richter
654 3755 770 3837 rapuit,
793 3753 977 3816 Buecheler
997 3753 1094 3835 pouit,
1119 3752 1184 3813 Leo
1206 3752 1304 3812 trusit
1324 3748 1426 3811 verbo
1446 3750 1548 3810 hausit

144 3855 361 3940 praeferenda
385 3878 454 3919 esse
477 3857 670 3921 iudicarunt.
708 3867 851 3921 attamen
873 3858 1039 3919 hauriendi
1061 3856 1197 3919 verbum
1220 3856 1326 3938 aptius
1351 3852 1488 3933 videtur,
1521 3854 1547 3915 si

146 3982 276 4024 sensum
298 3962 499 4047 respicimus,
524 3984 622 4046 quam
645 3984 728 4045 quae
752 3962 794 4025 ab
817 3960 878 4025 illis
900 3970 1020 4025 novata
1048 3970 1130 4024 sunt.
1167 3958 1318 4043 Peiperss)
1348 3966 1459 4021 contra
1482 3956 1546 4021 duo

251 4171 270 4232 ¹)
291 4169 329 4220 cf.
349 4172 475 4221 Scriverii
493 4171 533 4220 ed.
553 4178 620 4235 part.
640 4171 686 4220 alt.
706 4190 730 4237 p.
751 4174 809 4222 272.

249 4256 271 4321 ²)
290 4258 323 4306 In
341 4257 390 4319 ed,
410 4257 442 4305 cf.
462 4257 523 4306 adn.
543 4258 600 4305 crit.
619 4256 698 4306 adh.
717 4274 741 4307 v.

250 4340 271 4411 ³)
289 4344 357 4393 Mus.
376 4344 461 4393 Rhen.
481 4343 584 4393 XXVII
602 4344 662 4397 474.

249 4429 270 4497 4)
290 4429 329 4480 cf.
347 4448 372 4496 p.
395 4432 449 4479 118.

251 4515 271 4584 5)
291 4517 330 4566 uf.
350 4532 420 4582 quae
438 4518 494 4567 Leo
513 4518 630 4567 Hermae
648 4519 673 4567 X
691 4521 752 4581 439,
771 4520 831 4571 adn.
852 4523 981 4588 exposuit.

250 4603 271 4669 θ)
291 4604 331 4654 cf.
350 4603 411 4654 adn.
431 4607 488 4654 crit.
508 4605 584 4654 adv.
604 4606 663 4656 528.
