3392 5067
184 173 246 237 218

185 365 331 450 Theogn.
348 367 390 431 35
406 388 454 453 sq.
470 368 507 454 ἢν
530 369 565 434 δὲ
587 373 731 434 κακοῖσιν
751 367 755 452 l
775 366 965 456 συμμίσγης;
997 368 1038 432 ef.
1059 394 1080 434 α
1102 368 1167 433 209
1189 364 1380 453 ἐμισγόμεθ’
1395 368 1583 458 ἀλλήλοισιν

184 508 226 517 -
249 470 393 554 Theogn.
419 469 459 535 38
489 470 524 537 εὖ
553 474 777 557 συμβουλεύειν
805 478 892 538 τοῖσι
922 470 1065 560 φίλοισιν
1085 471 1151 558 ἐμὲ,
1180 472 1356 553 Homerus,
1388 474 1444 558 qui
1477 472 1582 535 verbo

184 576 408 659 συμβουλεύειν
438 598 596 661 nusquam
624 579 733 659 utitur,
767 578 845 641 dicit
871 577 953 640 199
978 577 1031 643 ἵνα
1053 576 1147 664 σφίσι
1168 578 1382 666 βουλεύῃσθα.
1427 615 1470 622 -
1514 576 1581 641 Sol.

184 678 314 767 4151)
338 687 459 764 σιγῶσα
482 681 609 746 σύνοιδε
631 687 671 747 τά
694 684 861 766 γιγνόμενα
883 684 948 766 πρά
970 677 999 746 τ’
1021 682 1128 760 ἐόντας
1160 681 1200 745 of.
1224 680 1313 746 470
1342 680 1378 760 ὃς
1403 682 1465 770 ᾔδη
1487 685 1529 745 τά
1551 676 1583 745 τ’

183 784 275 848 ἐάνια
304 788 345 849 τά
367 778 396 848 τ’
411 785 568 870 ἐσσόμενα
595 788 660 871 πρό
681 782 711 851 τ’
725 787 828 851 ἐόντα.

289 888 382 953 Idem
405 888 446 953 de
466 889 626 953 nonnullis
643 890 854 955 substantivis
870 890 967 972 valet,
991 912 1074 975 quae
1090 899 1177 954 sunt:
1200 889 1281 955 Call.
1300 890 1328 971 1,
1345 889 1366 953 2
1388 898 1421 954 et
1435 889 1583 973 Theogn.

187 992 269 1056 1058
293 992 572 1082 ἀμφιπερικτίονες
595 994 705 1080 (Hom.
730 993 956 1079 περικτίονες);
981 995 1125 1077 Theogn.
1143 994 1207 1058 390
1229 993 1373 1080 ἐξαπάτη
1396 993 1481 1078 (aliis
1501 992 1581 1056 loeis

184 1099 303 1183 ἀπάτη,
334 1096 429 1161 Hom.
454 1108 580 1162 tantum
602 1099 738 1187 ἀπάτη),
778 1097 841 1165 Sol.
869 1099 919 1181 13,
941 1098 983 1162 70
1004 1094 1129 1178 ἔκλυσις
1152 1099 1261 1185 (Hom.
1278 1098 1395 1179 λύσις);
1433 1096 1579 1180 Theogn.

188 1199 269 1264 1107
284 1224 331 1286 sq.
347 1200 402 1267 καί
432 1203 470 1290 δὴ
499 1206 687 1288 κατάχαρμα
716 1205 773 1288 μὲν
796 1204 927 1286 ἐχθροῖς
947 1208 951 1286 Ι
973 1254 979 1266 .
1004 1255 1011 1268 .
1036 1201 1291 1289 γενόμην·(ἰ5ἰά.
1315 1201 1380 1265 692
1402 1200 1457 1269 καί
1478 1201 1515 1269 σε’
1539 1254 1547 1267 .
1573 1254 1581 1266 .

184 1307 288 1388 χάρμα
310 1303 417 1391 φίλοις
439 1310 563 1390 ἀνάγοι;
598 1307 683 1391 apud
709 1307 889 1371 Homerum
911 1306 1034 1393 ubique
1056 1311 1162 1393 χάρμα
1183 1306 1297 1391 extat).

287 1408 358 1473 Iam
382 1410 424 1473 ad
456 1410 553 1475 aliam
574 1433 644 1475 rem
668 1411 908 1495 adgrediamur.
953 1413 1094 1477 vidimus
1116 1411 1211 1476 modo
1239 1410 1341 1475 multa
1362 1411 1473 1493 verba,
1498 1434 1583 1497 quae
1686 1483 1687 1490 ,

183 1513 216 1575 in
241 1512 359 1596 elegeis
381 1515 598 1598 inveniuntur,
622 1515 711 1601 apud
727 1516 909 1580 Homerum
931 1538 995 1581 non
1020 1524 1141 1580 extare.
1172 1515 1234 1581 hoe
1256 1525 1365 1581 autom
1386 1514 1457 1580 looo
1480 1515 1521 1581 de
1544 1517 1583 1579 iis
1687 1591 1688 1594 Ἴ

184 1617 294 1682 verbis
317 1640 415 1702 agere
437 1620 471 1683 in
493 1621 600 1684 animo
618 1629 676 1702 est,
700 1640 784 1706 quae
808 1621 896 1707 apud
913 1622 1091 1685 Homerum
1106 1631 1163 1686 aut
1184 1642 1344 1705 nusquam
1360 1630 1415 1683 aut
1437 1641 1581 1704 perraro,
1688 1655 1689 1660 κ

184 1722 224 1793 in,
241 1720 359 1805 elegeis
383 1723 578 1789 ereberrime
601 1723 763 1808 leguntur.
787 1748 827 1790 ae
850 1728 990 1810 primum
1012 1724 1145 1810 quidem
1168 1725 1209 1789 de
1232 1724 1365 1810 singulis
1388 1722 1583 1809 quibusdam

183 1825 294 1890 verbis
324 1828 554 1913 exponendum
584 1838 649 1907 ost,
682 1828 801 1893 deinde
832 1830 873 1894 de
904 1828 1065 1894 nonnullis
1097 1828 1227 1893 famihis
1258 1828 1442 1910 verborum,
1472 1836 1509 1891 ut
1537 1829 1584 1890 ita

184 1930 301 2013 dicam,
330 1931 372 1996 ab
401 1931 514 1996 eadem
540 1935 639 2019 stirpe
667 1933 897 1999 derivatorum.
942 1945 1040 2021 atque
1069 1942 1106 1999 ut
1127 1956 1147 1997 a
1169 1932 1304 2018 singulis
1327 1933 1446 2016 ordiar,
1468 1930 1582 1996 verbo-

184 2057 256 2098 rum
279 2044 408 2125 πρῆγμα
430 2045 462 2101 et
484 2032 582 2123 ἕργμα
604 2040 669 2103 iam
693 2060 792 2124 supra
814 2041 933 2103 mentio
956 2038 1045 2103 faeta
1067 2046 1126 2103 est.
1153 2048 1282 2123 praeter
1305 2059 1387 2122 quae
1410 2035 1492 2100 haeo
1514 2035 1583 2102 fere

184 2138 226 2203 ab
241 2138 343 2204 Iliade
368 2149 401 2204 et
416 2140 559 2226 Odyssia
581 2143 696 2225 aliena,
720 2144 752 2206 in
769 2144 889 2227 elegeis
913 2144 1119 2208 usitatissima
1142 2153 1231 2207 sunt:
1254 2141 1419 2229 ἀμπλακίη
1436 2142 1581 2227 Theogn.

184 2242 258 2325 204,
288 2244 361 2325 386,
390 2245 464 2328 404,
495 2245 569 2324 546,
600 2246 673 2330 630,
705 2247 778 2330 632,
810 2247 883 2330 810,
906 2254 1011 2337 γνώμη
1035 2248 1179 2311 sedeoim
1202 2247 1280 2311 loois
1304 2246 1502 2331 Theognidis
1526 2247 1582 2333 (of.

185 2347 312 2412 Sitzleri
327 2348 451 2435 index),
474 2354 610 2435 μάταιος
625 2352 769 2436 Theogn.
789 2352 861 2434 105,
879 2352 950 2434 141,
966 2351 1040 2433 487,
1056 2352 1131 2435 492,
1148 2351 1222 2436 507,
1248 2350 1341 2434 1025,
1367 2351 1451 2415 1240
1463 2374 1492 2434 a,
1508 2354 1583 2437 ἀργή
1694 2367 1695 2370 ’

184 2453 276 2536 Tyrt.
304 2452 389 2536 11,8
413 2462 446 2517 et
467 2454 620 2521 undeoim
643 2456 722 2520 loeis
745 2456 954 2541 Theognidis.
996 2479 1079 2542 quae
1102 2458 1209 2521 omnia
1232 2466 1372 2541 excepta
1394 2477 1476 2519 vooe
1498 2458 1582 2545 δργη,

185 2580 268 2643 quae
299 2560 439 2644 primum
470 2561 502 2624 in
525 2559 686 2625 nonnullis
717 2560 807 2625 libris
830 2562 1079 2646 manuscriptis
1106 2561 1184 2625 Hes.
1209 2559 1272 2645 Op.
1296 2560 1361 2625 304
1384 2560 1514 2625 obviam
1536 2559 1582 2639 fit,

185 2671 260 2725 ante
283 2673 451 2749 poetarum
474 2665 691 2749 elegiaoorum
720 2675 861 2731 aetatem
884 2666 1012 2730 omnino
1036 2686 1100 2729 non
1123 2673 1247 2728 extant.
1293 2673 1405 2728 eontra
1427 2661 1583 2751 ἀμηχανίη

185 2765 287 2848 ι295,
311 2768 390 2831 Hes.
408 2767 469 2854 Op'.
486 2768 559 2849 496,
584 2769 672 2856 apud
689 2770 913 2855 Theognidem
930 2772 1028 2833 octies
1051 2768 1178 2853 legitur,
1202 2770 1301 2847 ἀστός
1323 2771 1361 2832 Λ
1376 2768 1450 2852 242,
1474 2795 1491 2832 ν
1512 2767 1582 2849 192,

184 2872 218 2933 in
241 2871 360 2955 elegeis
383 2873 475 2958 Tyrt.
493 2873 543 2956 12,
560 2874 602 2938 39
626 2884 657 2939 et
681 2884 753 2939 octo
776 2875 854 2939 loeis
870 2874 1078 2957 Theognidis,
1101 2873 1213 2955 ἐρατός
1235 2871 1335 2936 semel
1357 2872 1445 2956 apud
1467 2873 1583 2935 Home-

185 2998 256 3039 rum
273 2975 318 3062 (Γ
331 2975 396 3062 64),
420 2999 516 3062 saepe
532 2979 618 3064 apud
639 2979 829 3054 Hesiodum,
846 2981 879 3042 in
899 2978 1028 3062 elegeis,
1043 2980 1077 3041 in
1092 2977 1233 3063 hymnis,
1256 2977 1349 3060 λόγος
1366 2978 1393 3042 0
1409 2974 1483 3054 393,
1506 3001 1527 3041 α
1542 2974 1584 3039 56

187 3080 337 3166 (utroque
360 3079 430 3145 loeo
453 3079 555 3146 habes
578 3083 725 3148 dativum
747 3082 907 3170 pluralis),
939 3083 1055 3148 erebro
1082 3082 1170 3167 apud
1201 3080 1381 3145 Hesiodum
1411 3089 1444 3143 et
1473 3089 1584 3166 poetas

186 3184 355 3269 elegiacos.

290 3290 447 3354 Venimus
470 3290 513 3353 ad
536 3312 591 3355 eas
615 3293 740 3379 stirpes,
764 3316 784 3357 a
803 3292 922 3377 quibus
945 3290 1112 3376 complura
1136 3289 1297 3354 voeabula
1320 3289 1519 3354 derivantur.
1543 3289 1585 3354 de

187 3394 303 3479 quibus
332 3392 413 3458 haee
440 3394 636 3480 proferenda
664 3406 746 3461 sunt.
793 3418 835 3459 ex
862 3398 901 3459 iis
925 3394 1044 3478 verbis,
1073 3417 1156 3481 quae
1179 3394 1222 3458 ad
1250 3396 1384 3479 stirpem
1408 3394 1482 3460 δικα
1504 3393 1585 3458 refe·

185 3498 286 3562 renda
302 3507 384 3577 sunt,
408 3499 497 3585 apud
513 3500 691 3566 Homerum
707 3511 835 3586 praeter
852 3497 933 3588 δίκη,
950 3497 1084 3582 δίκαιος,
1108 3498 1248 3579 δικάζειν
1263 3498 1351 3564 nulla
1366 3501 1584 3563 inveniuntur.

186 3602 302 3666 eadem
330 3604 364 3666 in
395 3603 514 3687 elegeis
545 3612 667 3685 extant,
699 3604 757 3668 sed
779 3603 881 3668 multo
911 3603 1058 3669 erebrius
1089 3614 1122 3668 et
1150 3612 1320 3689 praeterea
1351 3605 1448 3668 etiam
1475 3604 1587 3682 άδικος

186 3706 362 3792 (Homerus
378 3706 452 3774 οὐδὲ
467 3705 591 3786 δίκαιος
606 3707 698 3790 dieit3
722 3709 833 3787 δίδικος
848 3709 945 3772 etiam
962 3711 1074 3796 paucis
1088 3710 1167 3775 loeis
1184 3708 1319 3772 Hesiodi
1343 3717 1444 3785 extat,
1468 3705 1587 3787 ἀδίκως
1606 3716 1608 3720 ’

185 3812 296 3897 hymn.
314 3810 415 3876 Mero.
432 3812 510 3899 316)
533 3812 632 3897 idque
649 3810 711 3877 Sol.
727 3813 758 3895 4,
772 3811 790 3873 7
807 3813 982 3898 multisque
997 3815 1066 3879 aliis
1089 3814 1178 3896 loeis,
1202 3813 1323 3878 ἀδικεῖν
1338 3810 1482 3896 Theogn.
1501 3811 1590 3876 1283·

187 3916 311 4002 (hymn.
329 3915 401 3981 Cer.
419 3916 506 4004 367),
524 3918 707 4003 δικαιοσύνη
726 3917 796 3981 147.
823 3917 927 3983 altera
943 3920 1051 4005 stirpS,
1067 3918 1109 3983 de
1125 3940 1189 4003 qua
1204 3926 1336 3981 aeturus
1353 3939 1434 3998 sum,
1451 3926 1500 3980 est
1514 3941 1585 3981 πεν.

186 4022 274 4108 apud
294 4023 473 4086 Homerum
498 4021 597 4086 semel
620 4020 653 4107 (ξ
670 4021 745 4109 157)
769 4020 863 4110 πενίη
886 4023 1015 4107 legitur,
1040 4022 1138 4086 semel
1160 4028 1310 4105 πενιχρός
1332 4019 1365 4106 (γ
1380 4019 1468 4107 348),
1491 4018 1587 4085 πένε-

185 4132 269 4193 σδαι
291 4148 380 4209 vero,
405 4126 492 4212 quod
515 4125 599 4190 infra
622 4127 798 4212 ostendam,
830 4126 927 4193 aliam
958 4149 1056 4212 quam
1078 4125 1175 4210 vulgo
1199 4125 1288 4211 apud
1317 4125 1496 4188 Homerum
1518 4127 1587 4188 vim

186 4229 295 4313 habet,
318 4229 416 4318 πένης
438 4252 596 4315 nusquam
620 4239 719 4295 extat.
764 4231 807 4296 ab
831 4231 951 4315 elegeis
974 4233 1051 4296 item
1072 4229 1170 4318 πένης
1192 4231 1296 4312 abest,
1320 4228 1377 4292 sed
1400 4226 1493 4315 πενίη
1515 4250 1588 4314 per-

186 4336 294 4401 multis
316 4336 395 4401 loeis
414 4335 622 4419 Theognidis,
646 4340 794 4424 πενιχρός
817 4335 881 4402 Sol.
898 4335 929 4416 4,
946 4335 988 4399 23
1011 4345 1043 4399 et
1058 4335 1200 4418 Theogn.
1221 4332 1292 4415 165,
1318 4332 1390 4415 181,
1413 4331 1487 4415 621,
1511 4332 1585 4409 662,

187 4439 347 4507 πένεσθαι
374 4440 463 4527 (opp.
487 4441 651 4528 πλουτεῖν)
682 4440 761 4505 ibid.
786 4440 850 4505 315
881 4450 914 4503 et
944 4440 1008 4504 929
1039 4439 1158 4504 tradita
1181 4446 1264 4502 sunt.
1310 4439 1388 4501 item
1410 4439 1443 4501 in
1467 4435 1587 4519 elegeis

187 4544 290 4609 verba
304 4546 451 4624 πλοῦτος,
474 4547 632 4626 πλουτεῖν,
656 4546 812 4624 πλούσιος
826 4547 1037 4610 usitatissima
1052 4552 1139 4607 sunt:
1163 4540 1251 4626 apud
1266 4541 1446 4605 Homerum
1461 4549 1588 4605 tantum
