3392 5067
1449 232 1510 296 287

118 423 252 487 Wielius
275 423 306 510 (Ι
328 423 370 487 26
393 424 455 510 sq.)
479 425 528 488 his
551 423 676 488 verbis:
708 425 806 511 ‘dstprj
828 474 864 488 ..
893 433 924 487 et
947 428 1044 512 αὐχήν
1067 426 1112 486 sic
1140 422 1332 509 plerumque
1364 426 1447 487 inter
1479 446 1512 486 se

115 528 279 610 differunt,
306 538 342 591 ut
365 527 445 592 illud
469 528 597 608 collum,
621 528 683 592 hoc
705 529 917 613 posteriorem
940 537 1066 613 partem
1090 526 1162 591 colli
1186 528 1360 612 significet3
1392 529 1513 592 bestias

117 641 224 696 autem
253 654 363 697 somno
392 641 504 717 captas
531 633 577 696 ita
603 632 672 695 fere
699 634 817 713 iacere,
848 640 884 695 ut
912 640 1010 718 caput
1038 633 1157 697 cervici
1184 633 1350 717 imponere
1382 633 1514 714 soleant,

95 794 97 798 .
120 736 198 801 collo
221 735 303 800 adeo
326 745 454 819 retorto,
482 745 518 800 ut
539 735 602 799 hoc
616 723 786 827 ‘ipsumin
811 737 939 800 cervice
958 736 1153 808 ¹recumbere
1177 737 1337 819 videatur,
1366 736 1515 801 omnibus

119 841 263 904 constat'.
303 841 488 904 coniectura
510 842 609 925 igitur
631 863 711 927 opus
734 863 799 904 non
822 850 880 906 est.
918 840 1127 906 Hermannus
1151 841 1231 907 δ.δέ
1254 838 1290 905 τέ
1313 834 1345 906 oi
1367 838 1463 922 χθονὶ
1487 841 1515 906 δ.

120 946 261 1030 scripsit3
293 944 430 1025 Sitzleri,
462 946 517 1030 qui
547 967 604 1031 pro
635 943 766 1033 φολίσιν
795 947 962 1030 proposuit
984 944 1129 1034 χθονίην,
1161 947 1349 1010 coniectura
1378 941 1516 1028 accepta

120 1049 278 1133 quomodo
305 1045 387 1137 ἀμφ’
407 1048 514 1131 αὐχένι
542 1049 701 1136 explicari
727 1051 828 1135 possit
855 1049 927 1114 non¹
947 1049 1052 1114 video.
1082 1089 1121 1097 -
1150 1071 1181 1113 v.
1201 1048 1285 1113 1065
1307 1047 1416 1112 Wielii
1445 1070 1517 1112 con-

119 1157 242 1218 iectura
268 1153 299 1238 (I
324 1153 378 1238 13)
407 1157 507 1240 αὐτὰρ
529 1153 765 1239 ἐπειγομένοισι
789 1153 898 1240 (codd.
920 1154 1080 1240 praebent
1102 1157 1199 1241 αὐτὰρ
1222 1152 1295 1240 ἐπεὶ
1317 1155 1374 1237 μὲν
1396 1151 1516 1240 τοῖσιν)

119 1259 213 1341 longe
244 1268 388 1342 praestat
411 1258 590 1322 Hermanni
614 1269 809 1322 commento:
840 1262 940 1344 αὐτάρ
971 1252 1003 1324 oi
1034 1262 1185 1346 Μινύησι.
1217 1297 1259 1305 -
1289 1279 1320 1320 v,
1344 1257 1428 1320 1124
1458 1279 1517 1342 pro

121 1362 215 1427 codd.
240 1363 399 1448 scriptura
425 1357 574 1441 δντολίας
601 1357 751 1449 εἴργουσ·
781 1363 978 1428 ἐπικέκλιται
1011 1364 1045 1429 δέ
1075 1363 1202 1448 πελώρη
1234 1362 1452 1435 Hermannus,
1482 1371 1518 1425 ut

121 1475 261 1530 metrum
283 1468 477 1548 restitueret,
505 1469 648 1551 scripsit:
676 1463 732 1532 έπι
759 1456 793 1533 οἶ
813 1466 966 1533 κέκλιται.
990 1467 1128 1531 Wielius
1150 1466 1168 1529 Ι
1190 1466 1230 1530 27
1255 1468 1422 1552 proposuit
1444 1467 1519 1531 ἐπι-

120 1569 285 1656 κρέμαται,
317 1570 403 1656 quod
434 1581 470 1634 ut
500 1593 597 1634 sensu
625 1581 737 1656 aptum
763 1573 809 1636 ita
835 1581 947 1657 utpote
975 1570 1102 1655 longius
1132 1571 1289 1635 recedens
1317 1593 1336 1634 a
1364 1570 1519 1634 librorum

121 1676 269 1760 apicibus
291 1697 498 1759 nequaquam
519 1675 690 1760 probabile
713 1684 771 1739 est.
817 1677 967 1761 proxime
994 1676 1036 1739 ad
1060 1674 1154 1739 codd.
1178 1676 1367 1739 memoriam
1390 1674 1520 1739 accedit

123 1779 309 1844 Schenkelii
337 1781 537 1843 coniectura:
565 1778 736 1864 εἴργουσιν·
764 1777 984 1863 ἐπεγκέκλιται
1013 1778 1062 1858 δέ,
1092 1781 1125 1843 in
1153 1802 1190 1844 eo
1218 1781 1314 1860 enim,
1343 1778 1430 1870 quod
1458 1779 1519 1842 hoc

124 1885 260 1948 verbum
296 1883 384 1968 apud
419 1891 532 1969 poetas
562 1906 625 1947 non
655 1883 719 1968 legi
749 1883 878 1948 videtur
909 1884 1015 1970 (extat
1044 1883 1133 1969 apud
1163 1882 1325 1947 Galerium
1358 1882 1420 1947 vol.
1451 1881 1521 1946 IIII

125 2010 155 2072 p.
180 1987 231 2071 38,
258 1987 323 2073 15),
354 1988 554 2052 haerendum
584 2010 649 2051 non
679 2010 749 2053 esse
778 1998 867 2073 puto,
899 1990 1090 2073 praesertim
1122 2010 1196 2052 cum
1226 1987 1519 2071 Argonauticorum

125 2093 262 2176 scriptor
274 2095 350 2155 satis
362 2092 563 2156 adamaverit
576 2092 677 2158 verba
689 2092 739 2156 bis
753 2095 941 2178 composita.
953 2093 975 2179 ¹)
993 2117 1023 2158 v.
1037 2093 1120 2157 1223
1132 2093 1274 2177 δίμπισχε
1287 2131 1329 2140 -—
1342 2094 1388 2154 ita
1401 2091 1521 2157 Schen-

125 2196 230 2259 kelius
259 2197 399 2261 correxit
423 2186 532 2260 Wielii
556 2196 661 2282 (118)
691 2198 910 2262 coniecturam
938 2199 1080 2285 δίμφισχε
1107 2235 1148 2244 -—
1176 2206 1318 2282 praestat
1341 2197 1521 2260 Hermanni

126 2311 305 2364 commento
322 2298 358 2366 δέ
373 2294 405 2365 oi
420 2296 493 2382 έσχε
510 2301 619 2386 (codd.
637 2298 667 2367 δ’
682 2296 779 2386 έσχε).
805 2338 844 2348 -
872 2325 900 2366 v,
921 2300 1004 2365 1245
1026 2324 1085 2388 pro
1110 2301 1203 2366 codd.
1229 2303 1390 2386 scriptura
1413 2301 1523 2380 δαιτδς

126 2401 156 2470 δ)
171 2405 297 2470 ἐδεύετο
320 2407 426 2490 θυμός
447 2405 654 2469 Hermannus
678 2405 768 2468 dedit
791 2405 901 2484 δαιτδς
924 2404 959 2471 δέ
983 2400 1014 2471 oi
1036 2407 1103 2471 ἵετο
1127 2409 1178 2488 3.,
1207 2405 1320 2470 melior
1348 2415 1397 2469 est
1425 2407 1523 2490 scrip-

125 2520 198 2571 tura
226 2508 359 2592 vulgata
387 2509 498 2586 δαιτδς
523 2513 581 2593 γὰρ
607 2509 743 2575 ἐδεύετο.
773 2547 815 2554 -
843 2533 874 2574 v.
899 2508 982 2573 1270
1008 2510 1217 2574 Hermannus
1240 2531 1298 2595 pro
1327 2511 1365 2595 δι)
1388 2512 1461 2575 τότε
1485 2509 1524 2597 δή

127 2614 271 2697 reposuit
298 2613 337 2699 δι)
364 2615 439 2678 τότε
466 2607 511 2694 oi3
539 2615 643 2698 possis
672 2614 956 2698 etiam'temptare
978 2612 1034 2679 καὶ
1055 2615 1129 2679 τότε
1152 2614 1201 2702 δη.
1232 2612 1288 2678 καὶ
1314 2615 1399 2678 enim
1428 2612 1524 2675 facile

90 2738 92 2741 ·
128 2717 219 2782 abire
250 2721 354 2802 potuit
380 2717 415 2780 in
441 2741 471 2804 η,
502 2717 589 2780 unde
618 2720 803 2782 coniectura
830 2727 935 2782 ortum
964 2728 1013 2782 est
1040 2719 1088 2806 δη.
1121 2757 1160 2766 -
1192 2741 1223 2780 v.
1243 2717 1323 2780 1281
1350 2717 1524 2781 Schraderi

127 2819 183 2886 καί
205 2826 244 2907 ῥα
266 2820 440 2907 καταΐγδην
466 2821 616 2906 praefero
639 2822 820 2886 Hermanni
849 2825 1055 2886 coniecturae
1083 2820 1137 2887 καί
1159 2825 1199 2906 ῥά
1221 2815 1252 2886 oi
1275 2819 1386 2910 ἀίγδην
1414 2820 1523 2908 (codd.

128 2923 157 3011 ῥ’
173 2925 313 3014 ἀίγδην),
342 2926 544 2990 Rosenboom
568 2949 599 3012 p.
621 2926 661 2989 96
686 2925 812 2990 confert
834 2925 941 3010 Apoll.
965 2926 982 2989 I
1005 2927 1056 3007 64,
1080 2924 1181 3011 Orph.
1206 2926 1291 2990 Lith.
1316 2924 1389 2989 508.
1417 2964 1454 2972 -
1485 2925 1525 2988 de

129 3053 160 3094 v.
180 3029 263 3092 1296
288 3029 327 3092 cf.
346 3029 423 3108 9773
446 3033 480 3093 in
502 3029 661 3094 addendis
677 3031 885 3095 Hermannus
909 3026 939 3096 δ’
954 3026 1004 3113 δίρ)
1020 3030 1225 3094 retinendum
1242 3051 1312 3098 esse
1334 3031 1466 3093 censuit.
1486 3069 1523 3076 -

131 3132 172 3196 de
195 3133 326 3198 v.1307
353 3134 393 3197 cf.
411 3134 472 3198 977
497 3145 529 3199 et
551 3135 707 3199 Wielium
729 3135 746 3198 I
769 3134 822 3215 29,
846 3137 901 3220 qui
925 3134 1092 3219 apodosim
1116 3136 1260 3219 incipere
1283 3157 1302 3198 a
1325 3134 1426 3198 verbo
1451 3138 1526 3220 Μη-

132 3235 219 3327 δείης
245 3248 334 3303 recte
364 3239 483 3303 docuit.
516 3277 557 3285 —
588 3249 758 3323 praeterea
785 3239 994 3303 Hermannus
1026 3238 1152 3302 duobus
1183 3238 1261 3323 locis
1292 3237 1526 3301 Schneiderum

132 3335 165 3407 oi
191 3353 425 3427 proponentem
454 3353 585 3407 secutus
613 3353 675 3406 est:
707 3344 749 3407 63
775 3346 795 3430 ἡ
823 3341 859 3409 δέ
885 3337 918 3408 oi
945 3343 1099 3430 εὐχωλῇσι
1123 3341 1269 3430 (noddo)
1292 3343 1326 3407 δέ
1348 3339 1441 3424 παρ’,
1470 3342 1527 3406 sed

132 3446 227 3530 longe
250 3457 394 3532 praestat
417 3447 526 3510 Wielii
551 3450 735 3511 coniectura
757 3447 777 3536 ἣ
801 3442 831 3513 δ)
845 3447 933 3534 δῖφαρ
955 3447 1044 3532 120)
1068 3457 1100 3510 et
1125 3446 1184 3509 177
1211 3445 1423 3533 (615522).

239 3549 321 3614 Cum
350 3573 478 3633 magna,
509 3560 544 3613 ut
572 3551 752 3615 Hermanni
781 3561 855 3614 utar
883 3550 990 3614 verbis
1019 3550 1064 3637 (p.
1088 3551 1175 3638 792),
1201 3552 1304 3615 ‘huius
1333 3551 1528 3637 pronominis

134 3654 331 3739 ambiguitas
362 3657 403 3718 sit
431 3655 539 3719 multis
569 3657 602 3718 in
626 3653 749 3740 Orphei
779 3655 879 3736 locis’,
910 3656 1050 3740 primum
1080 3655 1165 3719 locos
1193 3657 1225 3718 in
1253 3655 1381 3739 singula
1407 3675 1528 3738 genera

136 3759 323 3824 distributos
346 3781 524 3845 proponam
546 3762 600 3842 ita,
624 3769 659 3823 ut
683 3781 747 3840 eos,
771 3760 826 3843 qui
850 3759 892 3822 ad
919 3759 1003 3844 quod
1027 3781 1130 3843 genus
1158 3761 1343 3845 pertineant
1368 3760 1529 3823 incertum

136 3873 195 3946 est,
223 3866 315 3928 uncis
342 3863 518 3948 includam,
547 3862 665 3928 deinde
692 3865 741 3946 iis,
771 3885 854 3948 quae
882 3863 923 3927 ad
950 3864 1104 3928 universa
1131 3885 1252 3947 genera
1274 3864 1447 3948 pertinent,
1476 3885 1530 3925 ex-

136 3969 248 4053 positis
275 3991 429 4033 versuum
452 3969 595 4033 ordinem
620 3978 749 4033 secutus
773 3969 814 4032 de
837 3968 971 4052 singulis
993 3967 1071 4032 locis
1095 3989 1200 4050 agam.
1236 3989 1358 4046 versus,
1392 3967 1432 4030 de
1456 3989 1530 4051 quo-

136 4095 209 4138 rum
232 4075 392 4158 scriptura
414 4073 581 4138 dubitatur
602 4111 644 4119 -
668 4081 742 4136 sunt
765 4074 797 4158 ii,
821 4072 939 4158 quibus
962 4074 1142 4138 Hermanni
1167 4075 1371 4136 coniecturae
1393 4072 1531 4158 proban·

138 4177 199 4242 dae
223 4200 294 4242 esse
316 4178 469 4242 videntur
490 4216 533 4224 —
555 4178 718 4242 asteriscis
741 4178 897 4262 adpositis
921 4176 1120 4260 significabo

243 4351 263 4418 ¹)
283 4354 322 4406 cf.
336 4353 577 4422 δποπροθορόντες
590 4355 649 4414 450,
662 4355 721 4414 545,
740 4352 980 4419 ἀποπρολιποῦσαι
993 4354 1043 4401 263
1057 4350 1082 4415 (e
1095 4353 1184 4418 coni),
1204 4352 1373 4420 ἀποπροέηκε
1390 4353 1463 4414 1211,
1477 4352 1532 4402 εἰσ-

139 4445 289 4505 αναβάντες
301 4444 361 4503 553,
380 4439 585 4510 ἐκπροθορόντα
599 4442 657 4502 346,
677 4438 903 4507 ἐκπρολιπών48,
917 4442 975 4502 153,
989 4441 1048 4502 206,
1067 4437 1291 4506 ἐκπροφογόντος
1306 4441 1365 4501 701,
1384 4437 1412 4488 ἐκ
1431 4435 1456 4488 δ’
1469 4439 1533 4489 ἀνέ-

139 4544 210 4596 φηνε
226 4529 301 4591 1357,
321 4527 490 4593 (ἐξυπάλσξις
503 4527 573 4592 684),
592 4525 809 4593 ἐπαμπήξασθαι
821 4528 880 4588 319,
901 4524 1061 4581 ἐπαντείνας
1074 4527 1116 4588 61,
1130 4528 1188 4587 332,
1212 4524 1371 4593 ἐπιπροέηκε
1391 4527 1452 4588 361,
1474 4523 1533 4576 ἐπι-

140 4619 299 4687 προδέσοσα
320 4617 403 4678 1080,
417 4616 603 4684 προπροθέειν
624 4613 697 4676 1257,
720 4614 904 4681 συμπροχέων
922 4615 982 4675 575,
1004 4611 1168 4679 ὑπεγκλίνας
1192 4615 1266 4674 1205,
1288 4611 1467 4680 δπεξεπέρησε
1491 4615 1534 4666 69.
