3392 5067
1 174 25 355 η
181 213 243 277 140

118 295 253 436 s
290 435 363 498 Hoc
393 433 462 495 loco
493 439 619 515 oportet
648 438 764 510 agatur
794 426 835 488 de
865 427 903 488 iis
934 425 1114 507 adiectivis,
1146 448 1229 511 quae
1258 426 1487 491 adverbiorum
1519 428 1587 491 fere

187 541 283 605 modo
308 560 381 601 cum
405 536 513 599 verbis
538 535 784 615 coniunguntur.
831 530 888 593 sed
912 551 986 593 cum
1008 540 1139 613 praeter
1162 552 1209 610 ea,
1234 552 1317 614 quae
1341 531 1405 595 huc
1428 542 1586 617 spectant,

21 652 36 705 ‘.·.
187 647 283 708 etiam
314 641 377 706 alia
407 649 537 719 restent,
569 637 686 722 quibus
717 635 798 699 aliae
830 636 970 697 rationes
998 633 1229 723 significantur,
1261 633 1346 698 infra
1376 635 1462 699 hunc
1493 659 1587 700 usum

187 750 298 833 paucis
322 746 547 830 perstringam.
579 752 675 805 antea
697 750 805 803 autem
830 761 869 801 ea
892 737 994 801 verba
1017 747 1201 819 tractemus,
1225 738 1342 823 quibus
1366 740 1509 825 duplex
1532 764 1587 805 ac-

187 853 386 915 cusativus
414 849 609 930 adiungitur,
639 857 736 929 atque
764 846 890 906 initium
916 843 958 906 ab
986 844 1024 905 iis
1053 845 1228 927 capiamus,
1256 843 1299 907 ad
1323 867 1406 929 quae
1433 844 1511 909 bina
1534 846 1588 909 ob-

134 1035 136 1039 ,
186 958 270 1020 iecta
291 963 427 1017 externa
447 952 604 1016 accedere
625 950 736 1013 solent.
769 970 832 1032 qua
853 950 885 1010 in
905 969 940 1010 re
960 946 1114 1009 observes
1131 969 1251 1032 quaeso
1266 971 1395 1012 mecum
1413 952 1446 1012 in
1468 950 1586 1033 elegeis

185 1059 307 1123 nullum
331 1080 442 1122 eorum
464 1056 647 1138 verborum,
672 1075 755 1137 quae
782 1052 845 1115 huc
874 1050 1045 1115 referenda
1073 1062 1155 1129 sunt,
1182 1052 1302 1137 duplici
1330 1056 1515 1118 accusativo
1542 1055 1587 1117 in·

186 1174 344 1227 structum
367 1184 447 1242 esse,
477 1183 550 1224 cum
575 1169 606 1222 ct
629 1156 787 1237 eiusmodi
810 1157 913 1220 verba
935 1178 1102 1240 perpauca
1124 1156 1275 1240 legantur
1297 1167 1329 1219 et
1354 1180 1401 1238 ea,
1426 1180 1509 1243 quae
1533 1181 1586 1221 ex-

185 1278 264 1349 tant,
281 1265 483 1351 dtddoaew,¹)
499 1266 629 1351 ἐρωτᾶν,
649 1262 755 1342 συλᾶν,
775 1262 921 1340 κελεύειν,
943 1269 998 1323 aut
1018 1259 1165 1324 absolute
1186 1260 1336 1325 dicantur
1356 1272 1412 1325 aut
1432 1285 1506 1327 cum
1526 1265 1587 1326 sin-

184 1373 268 1456 gulis
284 1371 417 1434 obiectis
434 1372 678 1452 coniungantur.
711 1366 856 1448 Theogn.
874 1365 937 1428 556
958 1374 1074 1444 autem,
1095 1365 1150 1429 ubi
1168 1367 1268 1431 αἰτεῖν
1288 1376 1387 1449 extat,
1409 1388 1466 1451 pro
1487 1367 1587 1431 altero

185 1479 371 1540 accusativo
398 1477 479 1560 πρός
506 1473 633 1556 legitur,
663 1493 745 1556 quae
777 1471 971 1554 praepositio
1002 1469 1091 1553 apud
1119 1468 1296 1534 Homerum
1327 1471 1368 1535 ab
1396 1471 1458 1535 hoc
1485 1472 1587 1536 verbo

184 1582 289 1644 aliena
316 1589 374 1660 est,
407 1581 528 1663 quippe
557 1580 610 1661 qui
642 1577 743 1641 αἰτεῖν
764 1578 835 1639 τινά
858 1600 889 1638 τι
918 1574 1013 1637 dicat.
1061 1575 1117 1637 sed
1148 1578 1207 1639 etsi
1235 1577 1312 1640 talia
1339 1577 1425 1640 levia
1453 1587 1526 1640 sunt
1555 1587 1587 1640 et

185 1686 273 1748 casui
296 1686 401 1768 potius
425 1681 608 1761 tribuenda,
634 1691 722 1743 certe
746 1700 852 1762 neque
876 1681 968 1762 parvi
993 1681 1146 1742 momenti
1169 1688 1217 1742 est
1240 1702 1346 1765 neque
1370 1680 1451 1744 forte
1475 1683 1520 1745 ita
1542 1682 1587 1743 in-

185 1789 273 1864 cidit,
297 1799 332 1851 ut
354 1788 489 1870 figurae,
515 1785 601 1870 quod
624 1793 729 1871 σχῆμα
749 1777 914 1847 καθ’δλον
933 1781 986 1847 καί
1006 1782 1100 1868 μέρος
1124 1794 1251 1859 vocant,
1277 1808 1378 1848 unum
1401 1785 1586 1869 exemplum

184 1896 216 1956 in
248 1893 367 1975 elegeis
398 1894 591 1971 inveniatur,
619 1889 766 1972 Theogn.
793 1887 876 1950 1295
900 1886 925 1951 ὦ
948 1894 1018 1966 παῖ,
1043 1891 1085 1977 μή
1110 1913 1148 1972 με
1171 1896 1316 1953 κακοῖσιν
1338 1890 1371 1953 ἐν
1394 1890 1503 1973 ὀίλγεσι
1526 1894 1588 1954 θα-

184 2001 243 2081 μὸν
273 1996 389 2084 ὀρίνῃς,
422 1999 476 2080 qui
505 2017 618 2058 versus
650 1995 836 2076 ceteroquin
867 2013 930 2055 non
963 2003 1011 2054 est
1041 1992 1253 2076 Theognidis,
1289 1994 1378 2079 apud
1409 1993 1587 2059 Homerum

184 2102 354 2186 permulta,
392 2123 498 2185 pauca
535 2100 622 2184 apud
660 2098 838 2161 Pindarum
878 2107 910 2159 et
948 2106 1060 2181 poetas
1100 2100 1279 2179 scaenicos,
1324 2098 1365 2161 cf.
1402 2098 1452 2161 La
1476 2098 1587 2163 Roche

184 2205 394 2289 ξξ10οεηη,
418 2204 568 2286 Krueger
592 2204 645 2265 Di.
669 2203 721 2284 46,
749 2202 798 2281 16,
822 2201 852 2262 3.
899 2222 1004 2286 neque
1040 2224 1117 2264 sane
1153 2201 1285 2265 difficile
1319 2212 1389 2265 erat
1423 2202 1588 2287 duplicem

184 2310 405 2372 accusativum
427 2310 541 2389 vitare,
571 2307 656 2391 quod
681 2330 723 2370 ex
746 2306 795 2368 his
820 2305 977 2389 exemplis
1001 2306 1186 2391 adparebit:
1216 2307 1327 2370 Mimn.
1352 2306 1401 2390 14,
1423 2307 1500 2392 5sq.
1528 2316 1587 2372 τοῦ

183 2416 239 2496 μὲν
259 2409 309 2497 λίρ)
321 2414 439 2478 οίίποτε
455 2417 595 2496 πάμπαν
609 2394 779 2497 ἐμέμψατο
794 2410 928 2487 Παλλὰς
944 2405 1065 2496 Ἀθήνη
1087 2410 1090 2495 l
1112 2411 1204 2497 δριμὺ
1228 2412 1320 2493 μένος
1342 2410 1472 2497 κραδίης
1496 2411 1586 2496 (quo-

184 2540 258 2583 cum
281 2517 429 2581 conleras
446 2523 474 2581 Γ
486 2516 549 2581 438
573 2520 615 2605 μή
635 2541 684 2600 με,
708 2518 806 2598 γύναι,
827 2515 1017 2595 χαλεποῖσιν
1038 2514 1174 2581 ὀνείδεσι
1195 2520 1299 2599 θυμὸν
1314 2511 1447 2600 ένιπτε),
1473 2515 1584 2579 Mimn.

184 2624 212 2702 1,
231 2623 248 2684 7
273 2620 337 2687 αἰεί
356 2647 410 2705 μιν
432 2621 548 2708 φρένας
570 2620 654 2707 ἀμφὶ
675 2618 770 2685 κακαί
793 2618 930 2704 τείρουσι
954 2617 1116 2703 μέριμναι,
1141 2620 1285 2703 Theogn.
1308 2619 1368 2682 981
1394 2620 1474 2706 μηδὲ
1497 2625 1586 2706 παρὰ

182 2727 310 2813 κρητῆρι
332 2727 473 2809 λόγοισιν
496 2728 572 2812 ἐμην
595 2725 694 2813 φρένα
717 2721 855 2807 θέλγοις.

287 2830 357 2893 lam
382 2831 468 2915 quod
491 2833 664 2915 scriptores
688 2833 798 2914 graeci
822 2830 863 2892 ab
889 2830 1003 2893 eodem
1019 2831 1120 2893 verbo
1145 2852 1241 2914 saepe
1265 2829 1356 2893 binos
1380 2833 1584 2894 accusativos

184 2937 227 2996 ita
254 2935 432 3019 pendentes
460 2935 592 3010 faciunt,
617 2945 652 2997 ut
680 2935 760 2997 alter
785 2957 841 3019 pro
867 2933 993 2997 obiecto
1021 2945 1154 2997 externo
1179 2937 1228 3015 sit,
1253 2934 1332 2997 altor
1361 2956 1418 3018 pro
1446 2937 1583 3007 interno,

183 3042 216 3101 in
239 3039 358 3121 elegeis
381 3037 487 3102 nullus
510 3041 673 3101 invenitur
695 3039 784 3101 locus
808 3041 853 3101 ita
874 3050 1087 3123 comparatus.
1128 3062 1202 3102 nam
1219 3061 1323 3122 neque
1341 3038 1417 3101 talia
1434 3039 1583 3123 exempla

184 3153 307 3223 extant,
332 3142 438 3228 qualia
462 3152 536 3206 sunt
562 3143 580 3207 λ
600 3143 665 3205 544
673 3166 719 3226 sq.
743 3142 943 3231 κεχολωμένη
966 3144 1068 3208 εἵνεκα
1092 3141 1186 3230 νίκης,
1206 3143 1281 3227 {cdv
1301 3167 1355 3226 μιν
1377 3144 1446 3225 ἐγὼ1
1461 3141 1583 3226 νίκησα,

183 3272 201 3313 ο
225 3246 343 3330 24ὁεη.
365 3245 401 3310 ὃν
421 3245 496 3332 περί
515 3256 586 3335 κῆρι
607 3245 694 3333 φίλει
710 3253 789 3325 Ζεὺς
807 3301 812 3312 .
828 3300 834 3311 .
851 3302 856 3311 .
876 3251 879 3328 l
898 3247 1053 3335 παντοίην
1073 3249 1238 3335 φιλότητα,
1267 3248 1383 3331 quibus
1411 3248 1584 3311 audaciora

183 3351 269 3436 apud
282 3360 393 3435 poetas
406 3353 546 3434 tragicos
558 3351 709 3434 leguntur
726 3352 781 3435 (cf.
796 3351 947 3433 Krueger
960 3353 1012 3414 Di.
1026 3352 1078 3434 46,
1092 3353 1180 3432 12,1,
1194 3351 1472 3434 Kuehne1·Gr.g1·.
1483 3352 1582 3433 §411,

182 3456 217 3540 3)
234 3476 349 3540 neque,
365 3455 399 3518 id
416 3455 502 3540 quod
518 3465 634 3520 natura
651 3457 830 3519 carminum
846 3456 918 3536 fert,
936 3456 1037 3519 verba
1053 3455 1237 3540 appellandi
1255 3456 1463 3541 (προσαυδᾶν,
1480 3480 1583 3541 προσ·

182 3560 299 3645 ειπεῖν)
322 3562 539 3640 inveniuntur,
564 3560 682 3645 quibus
705 3560 748 3624 ab
771 3560 914 3623 Homero
943 3581 1040 3644 saepe
1065 3559 1187 3645 duplex
1210 3563 1416 3624 accusativus
1440 3560 1583 3645 adiungi-

182 3675 243 3728 tur.
289 3687 367 3728 usus
390 3666 488 3748 igitur
514 3665 563 3728 his
587 3665 665 3728 locis
689 3686 723 3727 se
747 3667 898 3745 continet,
924 3664 1040 3748 quibus
1064 3665 1261 3728 adiectivum
1285 3665 1447 3749 quoddam
1470 3664 1584 3729 adver-

182 3769 227 3833 bii
255 3769 323 3833 fere
350 3771 451 3833 instar
474 3768 516 3831 ad
539 3770 674 3833 verbum
705 3771 909 3833 transitivum
936 3769 1072 3832 accedit.
1120 3769 1176 3833 scd
1205 3790 1279 3832 cum
1308 3780 1421 3852 poetae
1449 3770 1583 3853 elegiaci

182 3896 352 3958 nusquam,
384 3884 419 3936 ut
450 3895 547 3959 supra
579 3872 702 3937 dictum
729 3885 792 3958 est,
823 3879 921 3940 κακὸν
951 3873 1052 3959 ἕρδειν
1078 3879 1149 3939 τινά
1180 3874 1336 3938 similiave
1371 3873 1490 3955 dicant,
1526 3875 1583 3938 sed

183 3999 310 4062 semper
333 3977 497 4040 adverbiis
522 3987 663 4057 utantur,
687 3999 726 4040 ne
751 3978 845 4041 buius
869 3978 999 4062 quidem
1024 4001 1100 4042 usus
1124 3979 1274 4063 exempla
1297 3978 1398 4041 multa
1419 3980 1583 4063 reperiun-

181 4092 247 4161 tur,
279 4080 320 4145 cf.
349 4091 458 4145 tamen
482 4082 626 4164 Theogn.
657 4082 716 4143 241
733 4105 802 4167 sqq.
834 4082 889 4147 καί
913 4104 948 4147 σε
977 4090 1031 4147 σὺν
1059 4083 1239 4148 αὐλίσκοισι
1262 4084 1490 4169 λιγαφθόγγοις
1516 4081 1583 4149 νέοι

182 4188 293 4272 ἄνδρες
312 4189 316 4268 Ι
336 4188 369 4250 ἐν
399 4193 518 4270 κώμοις
545 4188 672 4268 ἐρατοῖς
701 4188 782 4251 καλά
804 4212 839 4251 τε
864 4187 918 4252 καί
945 4188 1033 4271 λιγέα
1054 4190 1057 4270 ί
1077 4190 1208 4274 ᾄσονται
1240 4198 1271 4250 et
1298 4186 1375 4251 ibid.
1403 4187 1495 4267 1195,
1527 4188 1585 4251 ubi

183 4291 235 4354 vel
269 4302 334 4355 tres
369 4293 547 4355 accusativi
581 4291 741 4375 leguntur,
799 4295 852 4380 ητι
887 4296 985 4370 θεοὺς
1019 4290 1170 4379 ἐπίορκον
1205 4293 1383 4375 scopanda
1423 4293 1475 4355 cui
1512 4292 1583 4357 loco

287 4541 307 4604 ¹)
327 4537 506 4604 Αιδοίσκομαί
521 4556 547 4589 τι
569 4538 669 4603 legitur
692 4537 745 4586 Sol.
767 4540 806 4599 13,
826 4542 856 4586 51
879 4537 953 4605 δῶρα
973 4538 1128 4604 διδαχθείς,
1153 4542 1195 4587 cui
1220 4539 1278 4587 loco
1302 4538 1419 4602 adiunge
1437 4536 1541 4601 δαῆναί
1557 4556 1584 4589 τι

182 4626 256 4690 Tyrt.
278 4630 317 4693 11,
337 4630 351 4674 8
371 4625 466 4694 (ὀργὴν
486 4621 588 4690 ἐδάητ’)
608 4633 635 4674 et
653 4625 706 4674 Sol.
728 4627 767 4686 13,
787 4627 820 4673 50
839 4622 917 4693 (ἔργα
937 4625 1030 4691 duale).
