3392 5067
448 235 569 299 158

443 424 626 511 (ibid.
675 422 798 487 847
848 421 964 499 λὰξ
1005 419 1237 506 ἐπίβα)
1285 419 1574 484 clausula
1618 419 1964 503 efficiatur,
2010 419 2301 504 Theogn.
2351 420 2474 483 331
2521 423 2777 506 ἥσυχος,
2825 423 3044 506 ὥσπερ
3088 420 3231 505 ἐγώ,

439 527 678 617 μέσσην
731 528 885 593 ὁδὸν
930 522 1109 611 ἔρχεο
1162 522 1419 605 ποσσίν,
1481 523 1624 606 ubi,
1688 546 1836 588 cum
1895 547 2024 589 non
2081 525 2289 608 magis
2350 545 2546 609 quam
2604 521 2760 601 ibid.
2818 523 2947 587 220
3011 528 3230 609 Κύρνε,

436 631 633 720 μέσην
673 626 731 697 δ’
755 625 930 717 ἔρχευ
968 634 1081 715 τὴν
1119 628 1287 710 ὁδόν,
1336 631 1552 714 ὥσπερ
1595 629 1716 713 ἐγώ
1764 630 2078 714 oppositio
2124 629 2258 711 fiat,
2304 631 2515 693 minus
2559 637 2710 713 apte
2755 625 2994 694 ποσσίν
3038 627 3232 692 adici·
3312 633 3316 638 ’

438 747 562 820 tur,
610 744 834 800 contra
877 735 1207 820 aptissime
1254 733 1429 818 apud
1468 733 1823 797 Homerum
1871 732 1907 812 ζ
1952 732 2142 817 39sq.
2189 731 2298 798 καὶ
2347 731 2416 798 δὲ
2471 731 2578 798 σοὶ
2631 726 2748 799 ὧδ’
2793 732 2902 820 (37
2936 735 3234 823 ἡμιόνους

437 840 546 907 καὶ
589 838 840 925 ἄμαξαν
880 836 1266 926 ἐφοπλίσαι)
1321 841 1479 927 αὐτῇ
1528 837 1691 902 πολὺ
1736 837 1994 903 κάλλιον
2035 838 2106 923 ἠὲ
2152 837 2460 902 πόδεσσιν
2500 838 2510 922 Ι
2548 832 2854 922 ἔρχεσθαι
2905 836 3018 922 (=
3035 838 3234 918 πεζόν
3267 823 3273 830 ’

438 941 795 1031 ἔρχεσθαι).
888 945 999 1028 qui
1045 939 1234 1006 simili
1278 942 1577 1007 ubertate
1624 944 1935 1007 sermonis
1980 963 2136 1006 usus
2183 950 2281 1006 est
2319 940 2444 1005 939
2491 946 2564 1007 οὐ
2596 943 2867 1029 δύναμαι
2897 951 3078 1031 φωνῇ
3107 939 3233 1027 λίγ’

437 1048 750 1133 ἀειδέμεν.
825 1048 999 1133 quod
1045 1069 1199 1112 vero
1245 1046 1399 1113 ibid.
1448 1046 1532 1110 96
1578 1044 1648 1126 ὅς
1675 1041 1909 1136 κἐἴπῃ
1949 1048 2196 1135 γλώσσῃ
2227 1046 2382 1131 λῷα,
2415 1055 2617 1135 φρονῇ
2647 1044 2904 1134 δ’ἕτερα
2950 1048 3230 1129 dativus,

438 1154 547 1238 qui
592 1156 798 1239 primo
839 1152 1069 1217 obtutu
1118 1173 1642 1239 supervacaneus
1700 1173 1840 1215 esse
1884 1152 2162 1233 videtur,
2211 1152 2486 1234 accedit,
2552 1152 2619 1216 id
2666 1152 2806 1215 fieri
2845 1161 3045 1238 patet,
3102 1174 3229 1238 quo

436 1259 643 1342 magis
687 1257 895 1322 verba
939 1258 1233 1342 opposita
1272 1266 1667 1342 premantur,
1714 1266 1779 1321 et
1827 1256 2000 1341 quod
2039 1255 2195 1321 ibid.
2228 1256 2461 1342 469sq.
2510 1252 2704 1322 ὅντιν’
2726 1258 2804 1321 ἂν
2845 1259 3024 1344 ἡμῶν
3050 1256 3058 1338 Ι
3087 1261 3229 1323 θω-

436 1356 733 1449 ρηχθέντ’
757 1361 906 1449 οἴνῳ
952 1362 1289 1446 μαλθακὸς
1332 1363 1527 1440 ὕπνος
1572 1359 1679 1449 ἕλῃ
1726 1362 1975 1445 legitur,
2024 1382 2242 1444 causa,
2292 1382 2408 1425 cur
2447 1360 2596 1450 οἷ’νῳ
2641 1360 2977 1443 adiciatur,
3025 1363 3092 1425 in
3138 1362 3228 1426 in-

438 1468 622 1533 solita
666 1468 732 1530 vi
762 1468 944 1531 vocis
991 1470 1413 1554 θωρηχθῆναι
1456 1463 1929 1553 (μεθυσθῆναι)
1976 1466 2188 1551 posita
2232 1475 2349 1548 est,
2394 1474 2589 1551 atque
2637 1488 2712 1531 eo
2756 1468 2964 1550 magis
3011 1464 3233 1530 dativo

437 1595 599 1660 opus
654 1581 776 1653 est,
834 1569 1009 1657 quod
1061 1579 1212 1634 ante
1257 1568 1708 1653 Theognidem
1753 1569 2030 1634 verbum
2078 1592 2155 1635 ea
2210 1572 2276 1633 vi
2336 1591 2655 1656 nusquam
2713 1569 3078 1635 adhibitum
3137 1593 3234 1634 re-

435 1675 761 1763 peritur.¹)

644 1780 924 1845 Dativus
999 1800 1274 1843 causae
1350 1777 1732 1863 plerumque
1805 1778 1890 1843 ad
1952 1778 2184 1863 verba,
2260 1801 2427 1864 quae
2500 1779 2830 1844 adfectum
2904 1778 3235 1863 quendam

436 1887 828 1971 significant,
889 1884 1189 1947 refertur.
1280 1893 1474 1968 atque
1535 1904 1793 1969 semper
1853 1884 2088 1948 dicitur
2144 1882 2384 1969 χαίρειν
2427 1882 2583 1965 τινί,
2640 1883 3022 1969 τέρπεσθαι,
3082 1885 3236 1950 ἐπι-

434 1989 796 2077 τέρπεσθαι
843 1988 1162 2074 (Theogn.
1210 1987 1426 2073 1218),
1473 1988 1873 2073 ἀγάλλεσθαι
1921 1987 2249 2074 (Xenoph.
2293 1988 2352 2065 3,
2388 1988 2476 2071 5),
2523 1987 2862 2073 μοχθίζειν
2907 1988 3234 2074 (Theogn.

439 2094 610 2181 164).
704 2102 930 2157 contra
982 2114 1110 2157 uno
1166 2091 1325 2175 loco,
1380 2091 1494 2157 ubi
1552 2091 1632 2155 de
1687 2114 1967 2176 persona
2019 2094 2254 2176 agitur,
2301 2090 2592 2175 Theogn.
2641 2091 2724 2157 59
2777 2092 2893 2159 ἐπί
2939 2094 3234 2158 additur:

432 2194 541 2265 ἐπ’
571 2199 900 2286 ἀλλήλοισι
943 2198 1259 2282 γελῶντες.

639 2304 820 2385 Loci,
848 2302 1083 2387 quibus
1107 2301 1363 2366 dativus
1391 2323 1624 2366 causae
1648 2301 1732 2367 ab
1758 2302 1899 2366 aliis
1922 2302 2142 2367 verbis
2173 2302 2433 2386 pendet,
2467 2301 2642 2366 haud
2676 2302 2861 2366 multi
2891 2302 3236 2367 inveniun-

432 2413 564 2487 tur3
599 2406 891 2471 conferas
922 2416 1139 2471 tamen
1172 2405 1300 2471 Sol.
1332 2406 1394 2487 4,
1426 2404 1468 2470 5
1499 2402 1796 2493 φθείρειν
1821 2458 1834 2471 .
1863 2456 1877 2470 .
1912 2404 2280 2495 ἀφραδίῃσι,
2327 2405 2619 2489 Theogn.
2655 2406 2780 2470 669
2799 2428 2891 2491 sq.
2925 2408 3187 2494 ἄφωνος
3227 2407 3234 2493 Ι

433 2511 807 2598 χρημοσύνῃ,
858 2509 983 2573 703
1028 2506 1521 2598 πολυιδρείῃσιν,
1575 2509 1742 2573 1234
1786 2518 1971 2597 σῇσιν
2015 2507 2449 2588 ἀτασθαλίαις
2492 2508 2778 2595 aliosque
2822 2533 3088 2597 paucos,

641 2615 998 2679 Artissimis
1043 2636 1199 2678 vero
1254 2613 1495 2678 finibus
1550 2614 1807 2678 dativus
1861 2636 2261 2680 mensurae
2316 2615 2699 2679 continetur.
2773 2615 2981 2681 verba
3034 2618 3230 2695 enim,

435 2719 824 2806 quibuscum
872 2720 1175 2804 coniungi
1221 2720 1399 2805 solet,
1446 2730 1559 2784 aut
1605 2721 1863 2784 omnino
1910 2719 2143 2784 desunt
2186 2758 2268 2767 —
2314 2721 2380 2783 in
2420 2721 2518 2784 his
2550 2718 2892 2809 διαφέρειν,
2923 2721 3230 2805 ὑστερεῖν,

431 2818 887 2907 ἐλαττοῦσθαι,
944 2846 1108 2909 quae
1165 2825 1398 2888 eadem
1451 2824 1535 2888 ab
1582 2825 1852 2890 Homeri
1913 2824 2304 2890 carminibus
2364 2825 2574 2891 aliena
2633 2833 2780 2890 sunt
2832 2863 2918 2873 —
2977 2834 3109 2908 aut,
3177 2828 3232 2891 si

431 2951 632 2993 unum
684 2929 1045 2995 alterumve
1099 2937 1307 3012 extat,
1365 2929 1582 2994 dativo
1646 2938 1841 2994 caret.
1932 2951 2144 3015 neque
2207 2931 2628 3017 comparativi
2681 2929 2788 2994 vel
2849 2931 3231 3017 superlativi

430 3034 674 3099 formae
721 3032 940 3098 dativo
984 3035 1334 3098 instructae
1382 3055 1523 3098 esse
1570 3034 1776 3099 solent
1821 3044 2096 3120 excepto
2143 3057 2271 3099 uno
2313 3034 2456 3099 loco
2501 3033 2792 3119 Theogn.
2835 3034 2963 3099 605
3002 3034 3229 3123 πολλῷ

428 3162 532 3205 τοι
584 3136 888 3221 πλέονας;
951 3146 1182 3224 poetae
1247 3138 1516 3223 elegiaci
1578 3140 1751 3203 enim
1815 3140 2250 3225 comparativo
2309 3139 2553 3205 πολλόν
2607 3147 2671 3203 et
2723 3139 2893 3206 πολύ
2953 3177 3038 3186 -
3098 3162 3228 3203 uno

430 3250 679 3307 tantum
743 3241 887 3307 loco
951 3241 1244 3327 Theogn.
1304 3242 1429 3307 996
1490 3242 1686 3310 δ’σσον
1748 3252 1929 3308 extat
1993 3282 2079 3291 —-
2144 3244 2568 3330 praemittunt
2634 3242 2746 3329 (cf.
2803 3243 3104 3330 Xenoph.
3165 3242 3227 3325 8,

427 3331 719 3431 Theogn.
765 3346 913 3429 262,
959 3345 1107 3430 393,
1155 3346 1301 3429 618,
1350 3345 1497 3431 884,
1558 3347 1745 3433 1370,
1802 3348 2036 3432 quibus
2088 3348 2350 3429 πολλόν,
2408 3356 2473 3411 et
2525 3346 2682 3412 ibid.
2741 3346 2867 3412 853
2922 3357 2988 3411 et
3037 3347 3227 3424 1173,

428 3451 664 3536 quibus
708 3452 877 3518 πολύ
921 3450 1206 3538 legitur),
1253 3452 1652 3539 superlativo
1695 3451 1857 3537 μέγα
1903 3451 2060 3538 (Sol.
2094 3451 2198 3534 27,
2235 3452 2269 3514 7
2306 3462 2369 3515 et
2407 3451 2510 3534 27,
2557 3451 2685 3538 13).
2779 3453 2890 3537 qui
2935 3474 3091 3517 usus
3135 3452 3228 3516 ita

429 3556 644 3633 differt
688 3555 771 3619 ab
818 3577 940 3619 usu
984 3555 1272 3633 Homeri,
1320 3565 1393 3620 ut
1436 3558 1502 3619 in
1546 3556 1753 3621 Iliade
1802 3565 1887 3652 et·
1911 3554 2194 3641 Odyssia
2237 3555 2508 3621 voculae
2551 3556 2812 3639 πολλόν,
2843 3557 3031 3638 πολύ,
3064 3555 3230 3642 μέγα

428 3670 492 3724 et
550 3661 635 3725 ad
698 3661 1174 3746 comparativos
1235 3669 1300 3725 et
1358 3661 1442 3726 ad
1504 3660 1930 3745 superlativos
1992 3659 2325 3737 accedant,
2393 3660 2649 3725 dativus
2696 3683 2850 3725 vero
2903 3683 3231 3746 nusquam

426 3772 792 3851 usurpetur.

632 3870 879 3953 Restat,
924 3878 997 3933 ut
1040 3891 1251 3954 pauca
1297 3870 1378 3934 de
1427 3870 1646 3935 dativo
1692 3869 1894 3934 modi
1939 3868 2280 3934 addantur.
2374 3891 2499 3954 quo
2554 3880 2849 3956 spectant
2903 3870 3028 3935 loci
3072 3893 3230 3936 non-

424 3974 599 4060 nulli,
648 3974 885 4061 quibus
937 3976 1113 4039 modi
1168 3975 1551 4059 significatio
1604 3977 1694 4038 ita
1750 3975 2048 4052 efficitur,
2095 3983 2168 4038 ut
2211 3974 2609 4040 adtributum
2658 3974 3064 4040 substantivo
3116 3976 3228 4039 ad-

424 4082 683 4145 iciatur:
740 4079 869 4144 Sol.
925 4080 1031 4162 42,
1079 4080 1119 4143 3
1175 4078 1391 4167 (μέλη)
1452 4081 1701 4167 φαιδρῷ
1749 4101 1820 4145 σε
1874 4077 2273 4168 προσεννέπῃ
2325 4080 2677 4166 προσώπῳ,
2748 4080 3039 4165 Theogn.
3102 4079 3229 4143 199

424 4182 790 4272 φιλοκερδέι
842 4189 1056 4271 θυμῷ,
1124 4182 1290 4247 1125
1348 4182 1520 4270 νηλέι
1580 4188 1771 4274 θυμῷ
1836 4183 1948 4270 (cf.
1998 4210 2022 4249 ι
2068 4183 2196 4247 272
2242 4193 2305 4247 et
2345 4182 2520 4268 287).
2607 4192 2831 4249 contra
2897 4184 3229 4249 adtributo

634 4360 673 4427 1)
713 4360 854 4410 Sane
890 4359 1111 4424 reliquis
1148 4333 1279 4409 locis
1316 4359 1660 4425 TheognidiS,
1700 4360 1892 4424 quibus
1928 4358 2193 4428 θωρήσσω
2241 4360 2315 4408 sic
2360 4364 2662 4425 usurpatur,
2712 4375 2815 4409 vox
2861 4359 3004 4409 nude
3049 4361 3230 4425 posita

424 4454 521 4509 est,
559 4447 652 4497 sed
688 4462 754 4496 ex
791 4448 1178 4497 sententiarum
1216 4462 1425 4497 conexu
1463 4446 1640 4509 facile,
1679 4447 1810 4511 quid
1847 4461 1912 4495 ea
1947 4446 2229 4512 significet,
2267 4446 2505 4511 adparet,
2542 4446 2715 4496 veluti
2752 4448 2871 4509 884,
2918 4447 3013 4497 ubi
3046 4448 3230 4497 verbis

423 4535 734 4604 θωρηχθεὶς
770 4532 821 4583 δ’
836 4532 985 4586 ἔσεαι
1019 4534 1224 4586 πολλὸν
1262 4533 1639 4604 ἐλαφροτέρως
1675 4549 1858 4584 versus
1894 4534 2166 4598 praecedit
2189 4537 2288 4583 τοῦ
2323 4535 2499 4585 πίνων
2537 4534 2644 4584 ἀπὸ
2680 4533 2791 4601 μὲν
2816 4535 3066 4601 χαλεπὰς
3101 4549 3230 4585 σκε-

424 4619 610 4676 δάσεις
641 4620 968 4688 μελεδώνας.
