3392 5067
1456 223 1518 286 367

122 414 204 478 Phil.
233 416 298 477 iun.
329 414 367 498 11
396 410 515 478 ἐάσαθ’
535 417 635 490 οὕτως
661 412 704 491 ὡς
731 407 805 493 ἔχει.
844 413 882 474 τδ
909 419 972 494 πῦρ
999 412 1105 495 μόνον,
1132 411 1228 474 Alex.
1253 409 1319 494 9,,,
1345 411 1416 496 19,
1445 412 1485 476 27
1495 459 1519 497 ,,

123 519 185 604 96,
209 517 264 585 καὶ
285 516 469 605 θηρίκλειός
495 541 544 596 τις
570 515 668 597 κύλιξ,
696 515 857 602 στέφανον
883 515 996 601 κύκλῳ,
1027 513 1108 598 112,
1136 515 1196 604 ἤδη
1218 519 1371 604 τετάρτην
1391 515 1519 604 ἡμέραν,

122 628 160 688 Β.
192 621 272 712 ἦσαν
301 625 403 707 κόραι,
437 621 544 706 124,,,
578 620 671 705 127,,
704 619 799 703 204,,
831 618 927 701 204,
961 617 1042 682 Phil.
1077 619 1170 703 114„
1205 618 1305 705 Diph.
1338 620 1411 704 64„
1447 620 1520 706 73,,

123 727 230 813 Apoll.
254 725 327 791 Car.
353 727 405 811 6,,
428 725 515 791 Men.
540 725 614 809 66,,
640 724 732 808 113,,
762 723 858 807 281,,
886 721 996 806 402,,,
1024 721 1120 806 518„
1148 723 1244 806 5369.
1290 723 1430 810 denique
1452 733 1521 789 ter·

123 833 238 896 tiaria
257 833 379 915 prima
403 832 576 895 coniuncta
596 852 677 893 cum
699 826 885 891 secunda:
910 825 1044 911 Antiph.
1063 825 1142 910 148,
1164 822 1324 914 μετέρχετ’
1343 825 1392 908 αὖ,
1418 852 1520 916 προσ-

122 930 224 1022 έρχετ’
251 932 307 1015 αὖ,
340 933 540 1020 μετέρχεται,
569 933 734 997 Xenarcb.
761 933 813 1017 4,,
838 927 917 1015 μεθ’
944 928 1075 1018 ἡμέραν,
1105 934 1186 1017 πρὸς
1215 930 1366 1016 ἑσπέραν,
1399 937 1522 1012 πάντας

122 1046 269 1123 τρόπους,
293 1039 462 1124 Theophil.
493 1037 551 1122 12,
579 1038 688 1102 κάλλει
711 1036 815 1125 καλῆς,
839 1033 971 1120 μεγέθει
993 1035 1138 1122 μεγάλης,
1166 1034 1259 1125 τέχνη
1281 1046 1394 1126 σοφῆς,
1420 1037 1520 1126 Diph.

124 1143 186 1228 73,
200 1148 236 1211 Β.
252 1148 378 1222 ἀστεῖος
392 1135 430 1208 εἶ.
455 1143 596 1227 δραχμὴν
606 1143 740 1220 ὑπόθες.
764 1145 812 1205 A.
825 1146 929 1205 κεῖται
940 1139 1052 1219 πάλαι,
1076 1139 1241 1224 Anaxipp.
1255 1140 1294 1220 6,
1308 1145 1346 1206 τὸ
1358 1142 1520 1231 λεβήτιον·

122 1251 183 1313 τάκ
204 1258 262 1313 τοῦ
284 1246 403 1331 νίτρου·
427 1247 525 1311 πάλιν
547 1247 698 1330 ὑστερεῖς,
728 1243 953 1329 Posidipp.18
976 1246 1099 1308 καπνὸν
1121 1248 1158 1309 οὐ
1181 1243 1295 1338 φέρων,
1318 1253 1382 1330 πῦρ
1404 1249 1441 1311 οὐ
1459 1245 1522 1334 φέ-

124 1378 196 1437 ρων.
218 1347 253 1417 έκ
275 1363 334 1417 τοῦ
355 1354 464 1436 πυράς,
490 1351 576 1415 Men.
596 1349 678 1434 123,
702 1355 759 1437 τὴν
780 1346 944 1438 ἡμετέραν,
969 1345 994 1413 ὦ
1017 1346 1138 1435 Δημέα,
1162 1348 1410 1435 προκατέλαβες,
1434 1349 1520 1434 562,

124 1449 340 1543 ’μεσαγκύλφῖ
375 1463 446 1534 πῶς
467 1459 549 1540 πρὸς
570 1460 673 1535 decim
695 1446 768 1521 ’ἐπὶ
789 1451 937 1539 κλίμακα.
983 1462 1107 1516 restant
1130 1461 1179 1516 sat
1201 1453 1293 1518 multi
1316 1476 1439 1538 versus,
1467 1457 1522 1540 qui

125 1561 221 1625 aliam
248 1559 406 1645 praebent
434 1581 613 1641 caesuram,
640 1559 702 1620 nisi
724 1557 806 1620 forte
830 1578 885 1619 eos
909 1576 1022 1619 versus
1045 1577 1180 1620 caesura
1203 1557 1298 1643 plane
1323 1578 1434 1622 carere
1457 1581 1521 1623 ma·

124 1665 190 1728 vis:
227 1664 263 1748 α)
289 1664 423 1748 Antiph.
451 1662 510 1747 18,
534 1660 674 1748 πληγείς,
697 1660 777 1740 τέως
798 1661 857 1744 μὲν
878 1661 1047 1746 ἐπεκράτει
1069 1669 1125 1747 τῆς
1147 1672 1321 1748 συμφοράς,
1345 1661 1407 1746 33,
1431 1662 1449 1727 ὁ
1470 1660 1522 1746 γέ-

125 1793 202 1855 ρων,Ι
218 1772 256 1832 Β.
274 1772 340 1832 ἀπὸ
354 1776 411 1856 τῆς
425 1769 483 1851 μὲν
497 1768 605 1854 δ’ψεως
620 1758 811 1851 Ἑλληνικάς,
827 1764 868 1827 of.
885 1763 1020 1849 Antiph.
1040 1765 1090 1849 1„
1105 1763 1201 1828 Alex.
1219 1763 1314 1850 2653,
1332 1765 1419 1832 Men.
1437 1765 1520 1850 292,

127 1872 167 1935 al.
196 1874 235 1954 β)
259 1870 391 1957 Antiph.
409 1871 494 1955 246,
517 1865 593 1936 ἔσθ’
612 1870 681 1958 ἡδύ,
705 1867 760 1934 καὶ
781 1877 845 1934 τῶν
866 1868 1022 1946 πολλάκις
1044 1868 1276 1953 θρυλουμένων,
1299 1868 1418 1934 Eubul.
1438 1869 1521 1955 122,

126 1975 180 2042 καὶ
195 1974 345 2040 πέντε-
356 1979 395 2040 B.
407 1975 702 2063 πεντηκοστολόγος
716 1975 897 2059 γενήσομαι,
915 1971 956 2036 cf.
970 1971 1066 2035 Alea.
1080 1971 1131 2056 9,.
1152 1994 1170 2056 γ
1167 1973 1185 2058 )
1201 1972 1334 2058 Antiph.
1351 1972 1413 2057 68,
1428 1975 1523 2055 ἰχθὺν

127 2077 186 2146 τίν’
209 2077 311 2168 ἡδέως
331 2083 446 2168 φάγοις
468 2080 522 2161 to,-
555 2082 594 2143 o.
618 2080 664 2158 εἰς
690 2079 795 2162 ἀγρόν,
824 2076 867 2140 cf.
896 2075 969 2160 55„
998 2075 1060 2140 207
1069 2122 1093 2160 ,,
1120 2075 1237 2141 Eubul.
1265 2076 1357 2162 1213.
1396 2079 1430 2162 δ)
1457 2079 1523 2143 An-

126 2185 206 2269 tiph.
219 2184 280 2268 201
297 2182 389 2271 κρέας
405 2183 441 2249 δέ
456 2177 542 2262 τίνος
555 2176 660 2270 ἥδιστ’
674 2183 714 2247 δν
728 2178 872 2262 ἐσθίοις,·
887 2184 926 2245 Β.
942 2177 1042 2260 τίνος,
1066 2179 1108 2243 cf.
1124 2179 1198 2266 58„
1216 2180 1304 2264 74,,,
1321 2181 1407 2247 Men.
1424 2181 1521 2268 4815.

232 2289 305 2352 Hae
334 2291 432 2372 igitur
462 2292 537 2351 sunt
566 2284 764 2371 principales
796 2304 951 2349 caesurae
982 2283 1113 2350 formae.
1160 2294 1210 2349 sat
1238 2286 1346 2349 multis
1377 2285 1455 2350 locis
1483 2286 1523 2350 de

128 2415 263 2458 caesura
287 2390 458 2456 statuenda
482 2390 653 2455 diiudicari
678 2390 804 2475 nequit3
832 2387 934 2451 multa
961 2389 1046 2452 enim
1073 2389 1255 2472 fragmenta
1283 2391 1523 2454 enumeratione

128 2519 236 2560 rerum
262 2499 478 2582 pretiosarum
507 2504 563 2558 aut
591 2493 738 2557 ciborum
768 2493 984 2556 conficiuntur
1013 2495 1068 2574 ita,
1098 2503 1135 2557 ut
1161 2515 1284 2578 versus,
1317 2496 1434 2580 quibus
1466 2518 1523 2560 eae

129 2602 348 2679 continentur,
376 2597 472 2682 plane
501 2599 565 2661 sint
591 2598 723 2661 dissecti
749 2605 848 2683 atque
876 2596 1040 2683 discerpti.
1082 2597 1162 2661 tales
1189 2602 1445 2664 enumerationes
1472 2599 1524 2665 vel

128 2711 164 2766 ut
193 2704 239 2766 ita
270 2700 377 2766 dicam
406 2701 530 2765 indices
561 2703 711 2787 propriae
745 2710 820 2765 sunt
847 2700 1034 2765 comoediae
1068 2701 1194 2766 mediae
1221 2711 1253 2765 et
1280 2725 1392 2768 novae.
1438 2704 1524 2770 adde

128 2804 215 2890 quod
242 2828 355 2869 versus
379 2804 540 2888 leguntur,
568 2827 703 2891 quorum
732 2804 849 2889 singuli
876 2805 977 2890 pedes
1006 2803 1140 2889 singulis
1168 2806 1304 2870 vocibus
1328 2807 1523 2892 efficiuntur,

128 2910 219 2974 velut
240 2910 373 2994 Antiph.
400 2909 496 2993 191„
526 2905 636 2975 ἔπειθ’
656 2911 733 2975 ὅταν
759 2910 857 2998 μηδὲν
885 2903 1015 2975 δύνωντ’
1034 2910 1139 2974 εἰπεῖν
1166 2905 1224 2976 έτι.
1273 2913 1347 2994 iam,
1376 2912 1409 2976 id
1438 2914 1524 2998 quod

129 3036 227 3098 supra
257 3013 336 3095 dixi,
364 3013 492 3078 Klotzio
523 3013 660 3078 libenter
690 3013 834 3078 concedo
866 3022 916 3077 sat
946 3013 1061 3078 multos
1093 3035 1205 3077 versus
1237 3035 1371 3080 caesura
1402 3039 1523 3095 carere,

129 3141 203 3183 cum
229 3117 397 3182 vocabulis
424 3119 519 3182 nimis
547 3117 650 3202 longis
679 3118 907 3199 conficiantur,
936 3126 1033 3202 atque
1061 3115 1142 3181 adeo
1169 3141 1270 3183 unum
1292 3142 1422 3186 versum
1449 3122 1525 3207 legi·

129 3245 215 3304 mus,
246 3243 343 3307 quem
373 3221 469 3287 Klotz
496 3221 626 3287 adferre
653 3223 812 3307 neglexit,
839 3220 1066 3306 Aristophanis
1094 3223 1244 3308 exemplo
1271 3245 1314 3287 ex
1341 3248 1404 3289 uno
1432 3248 1526 3291 voca-

128 3327 204 3390 bulo
228 3326 473 3410 conformatum,
496 3327 638 3413 Ephipp.
665 3326 724 3411 14,
749 3327 1379 3414 Βροσωνοθρασομαχειοληψικερμάτων.

232 3430 328 3512 Quod
344 3430 387 3496 ad
399 3453 512 3495 versus
529 3431 707 3496 clausulam
723 3428 857 3512 adtinet,
873 3451 914 3494 ne
930 3430 963 3494 id
980 3430 1111 3515 quidem
1126 3440 1252 3516 poetae,
1270 3431 1311 3497 de
1328 3434 1444 3520 quibus
1460 3435 1524 3519 agi-

129 3546 218 3619 mus,
233 3535 357 3600 evitare
377 3535 578 3614 studuerunt,
600 3545 636 3601 ut
651 3558 763 3601 versus
778 3537 812 3599 in
829 3534 1087 3620 monosyllabum
1104 3534 1278 3619 desineret,
1294 3537 1379 3622 quod
1396 3538 1439 3624 ad
1455 3560 1524 3604 ver·

129 3662 200 3703 sum
224 3648 412 3724 sequentem
436 3641 586 3725 pertinet,
608 3640 698 3704 velut
719 3639 851 3725 Antiph.
875 3638 972 3723 19014
992 3636 1025 3704 τί
1047 3635 1102 3706 οὖν
1124 3639 1241 3728 δ’φελος
1262 3649 1325 3706 τῶν
1347 3649 1524 3730 νησιαρχῶν

128 3744 212 3824 ἐστι,
227 3745 241 3826 ΙΙ
257 3745 315 3825 δεῖ,
337 3743 381 3807 id.
405 3743 488 3828 2334
510 3745 528 3810 ὁ
552 3745 660 3824 διδοὺς
681 3747 738 3809 τδν
760 3745 854 3830 δ’ρκον
870 3746 884 3824 ΙΙ
898 3737 1014 3827 ἐγένετ’
1033 3743 1256 3830 ἐμβρόντητος,
1277 3743 1282 3828 Ι
1302 3745 1353 3824 ὡς.
1385 3746 1524 3832 denique

129 3847 170 3912 de
199 3847 336 3911 Porsoni
369 3847 424 3912 illa
452 3847 565 3932 regula
595 3849 761 3913 notissima
790 3869 848 3912 nos
880 3848 1007 3912 omnino
1038 3848 1135 3912 miros
1165 3847 1288 3913 habere
1317 3871 1380 3914 non
1410 3860 1525 3935 potest,

129 3950 215 4036 quod
238 3953 375 4016 sescenti
399 3974 512 4017 versus
534 3952 611 4016 huic
633 3952 698 4037 legi
719 3963 915 4038 repugnant.

639 4176 723 4245 vll.
748 4178 800 4246 Ilo
822 4177 1010 4264 prosodia.

601 4356 631 4397 ο.
677 4343 727 4398 De
749 4341 928 4430 positione,
940 4340 1055 4398 debili.

233 4471 362 4536 Mediae
390 4481 423 4536 et
449 4493 554 4537 novae
582 4472 767 4537 comoediae
795 4482 910 4558 poetae
937 4494 1097 4558 nusquam
1124 4474 1271 4539 vocalem
1302 4474 1527 4561 produxerunt

130 4584 204 4639 ante
229 4597 385 4640 consonas
408 4585 513 4639 mutas
537 4597 611 4640 cum
634 4576 756 4661 liquida
779 4579 979 4642 coniunctas:
1018 4578 1066 4658 κλ,
1090 4579 1145 4658 πλ,
1169 4577 1223 4666 φλ,
1245 4577 1294 4660 χλ,
1319 4580 1372 4660 θλ,
1395 4603 1448 4664 κμ,
1471 4601 1525 4665 τμ,
