3392 5067
1470 190 1535 255 263

139 390 327 471 admittunt,
358 389 511 453 aoristum
541 386 733 474 plerumque
765 396 923 473 usurpant
953 385 1078 472 (Sturm
1109 409 1140 472 p.
1160 387 1247 473 153),
1294 384 1383 473 apud
1405 383 1534 469 Apollo·

137 496 241 577 nium,
266 492 515 569 Callimachum,
541 492 698 571 Quintum
721 512 850 576 semper
871 490 1049 554 infinitivus
1071 490 1136 575 legi
1157 491 1296 556 videtur.
1304 490 1327 576 ¹)

242 596 307 663 Sed
329 598 363 662 in
384 595 513 674 tabella,
539 617 638 681 quam
660 610 758 681 supra
781 597 944 681 proposui,
966 596 1078 660 insunt
1100 594 1162 659 loci
1185 594 1327 681 quidam,
1352 592 1393 656 de
1416 589 1535 677 quibus

138 702 323 787 singillatim
347 699 580 786 disputandum
596 709 654 763 est.
679 701 791 784 quain
813 720 850 762 re
873 699 1030 782 ordinem,
1054 720 1116 784 quo
1139 698 1315 785 particulas
1337 696 1533 771 enumeravi,

138 829 264 892 sequar.
303 828 334 870 v.
352 806 372 869 9
388 828 434 890 sq.
458 805 615 870 librorum
638 806 833 890 scripturam
856 805 935 869 ὅταν
950 856 958 869 .
976 854 983 868 .
1002 856 1009 869 .
1027 854 1034 868 .
1051 805 1214 891 φρικώδεα
1241 804 1320 891 κῆλα
1351 799 1535 888 πίφαυσκον

137 947 180 957 -
204 910 238 974 id
270 912 356 974 enim
378 909 517 975 Wielius
540 909 574 973 ΙΙ
598 908 639 972 28
670 908 835 973 lenissima
865 910 1042 973 mutatione
1072 930 1131 994 pro
1161 904 1230 995 κῆλ’
1252 906 1453 995 ἑπίφαοσκον
1483 902 1535 966 vel

137 1010 318 1103 ἒπίφασκον
340 1016 543 1079 restituit-
565 1013 698 1077 retineri
720 1035 784 1076 non
811 1034 907 1098 posse
938 1012 1036 1077 facile
1066 1015 1179 1097 opinor
1209 1033 1321 1076 omnes
1344 1009 1533 1074 concedent.

137 1118 318 1185 Hermanni
348 1119 553 1182 coniecturae
583 1122 756 1205 πιφαύσκω
780 1115 918 1181 Wielius
949 1116 1033 1181 bene
1067 1118 1218 1203 opposuit
1250 1115 1348 1180 haec:
1380 1113 1469 1177 ‘dicit
1494 1161 1500 1174 .
1527 1162 1534 1174 .

136 1232 233 1310 poeta
260 1244 347 1287 nunc
371 1244 405 1287 se
429 1244 466 1287 ea
491 1231 672 1305 canturum,
704 1241 787 1305 quae
810 1242 989 1307 numquam
1012 1222 1167 1285 cecinerit
1189 1220 1306 1285 antea'.
1352 1240 1435 1304 quae
1466 1237 1535 1280 sen·

137 1330 257 1393 tentiae
287 1329 369 1392 ratio
400 1348 474 1390 cum
504 1326 746 1389 coniunctivum
778 1347 842 1389 uon
870 1324 963 1410 ferat,
993 1327 1064 1411 ipse
1094 1314 1303 1390 scribendum
1334 1344 1404 1387 esse
1434 1322 1535 1405 suspi·

138 1442 230 1497 eatur
252 1427 299 1498 ὅτ’
315 1432 349 1497 ἐν
365 1483 372 1497 .
391 1481 397 1495 .
416 1429 623 1517 πίφαυσκον
647 1440 679 1493 et
700 1428 896 1494 locutionem
918 1430 953 1494 ἐν
966 1428 1084 1517 κέντρῳ
1099 1430 1306 1515 ἐλαυνόμενος
1328 1428 1405 1491 satis
1428 1426 1536 1489 firmat

138 1535 299 1601 ‘similium
322 1535 546 1620 exemplorum
571 1544 659 1599 certa
681 1534 855 1621 analogia':
889 1558 920 1599 v.
938 1534 1011 1611 929,
1034 1538 1063 1599 E
1085 1533 1159 1617 386,
1183 1533 1257 1615 558,
1281 1532 1400 1597 Aesch.
1427 1532 1534 1596 Prom.

137 1640 242 1727 4642)
287 1661 384 1725 quam
407 1641 627 1704 coniecturam
651 1646 725 1703 cum
748 1634 865 1704 Abelio
887 1639 1109 1724 recipiendam
1133 1660 1204 1702 esse
1234 1638 1327 1702 duco.
1358 1674 1401 1683 -
1446 1659 1476 1699 v.
1492 1635 1535 1699 43

138 1747 216 1831 quin
239 1746 444 1809 coniecturae
467 1743 574 1807 Vossii
596 1737 643 1809 ὅτ’
663 1744 696 1808 ἐν
724 1742 797 1829 (pro
820 1745 910 1823 ὅσον,
941 1742 1228 1823 Wratislaviensis,
1252 1764 1336 1806 unus
1359 1763 1377 1803 e
1400 1741 1536 1804 deterio-

137 1849 238 1931 ribus,
268 1848 368 1913 habet
397 1843 448 1912 do'
470 1846 518 1932 ἐν)
551 1855 584 1911 et
615 1845 807 1911 Schneideri
834 1848 997 1934 Αἰγύπτῳ
1030 1847 1102 1932 (pro
1125 1844 1316 1931 οἰμνπτίων)
1347 1844 1536 1931 probandae

139 1954 212 2034 siut,
242 1975 307 2017 non
331 1951 454 2016 dubito.
501 1950 558 2015 sed
589 1961 659 2016 tum
688 1973 752 2015 non
776 1952 868 2016 colon
898 1960 973 2038 post
994 1953 1126 2033 ἀλόχοιο
1158 1951 1343 2037 ponendum
1367 1971 1438 2014 esse
1461 1947 1561 2013 cum‘

139 2057 256 2122 Abelio
280 2065 369 2143 pute,
393 2054 451 2120 sed
475 2064 610 2137 comma,
640 2078 714 2120 cum
737 2055 817 2120 illud
840 2053 894 2122 ὅτε
924 2056 1146 2121 coordinatum
1173 2076 1244 2120 esse
1266 2055 1418 2119 videatur
1440 2054 1536 2140 parti-

140 2161 232 2226 culae
254 2159 346 2249 ἡνίκα
369 2161 402 2223 in
419 2182 451 2225 v.
467 2159 520 2223 41.
544 2198 587 2207 -
617 2182 647 2224 v.
664 2159 727 2224 649
750 2169 839 2225 recte
862 2159 998 2225 Abelius
1019 2159 1175 2225 librorum
1198 2159 1370 2224 lectionem
1391 2154 1460 2223 ἀλλ’
1483 2158 1535 2222 ὅτε

139 2268 221 2351 πρὸς
242 2270 384 2352 μεσάτην
404 2269 451 2354 ἠῶ
466 2263 582 2350 τρέπεν
596 2267 728 2347 retinet3
752 2266 801 2355 δή,
818 2265 905 2351 quod
927 2267 960 2330 in
976 2265 1037 2329 RV
1053 2275 1127 2351 post
1148 2261 1217 2330 ἀλλ)
1232 2263 1285 2331 ὅτε
1308 2265 1434 2349 legitur,
1459 2285 1536 2328 sane

141 2392 158 2433 e
186 2370 318 2433 tritioris
348 2369 505 2435 formulae
534 2368 760 2435 recordatione
792 2371 867 2434 oriri
898 2372 1010 2456 potuit.
1058 2380 1170 2435 eontra
1197 2368 1371 2456 quomodo,
1400 2371 1427 2432 si
1455 2369 1536 2432 Her·

139 2476 259 2557 manni,
283 2476 337 2559 qui
354 2476 482 2560 scripsit
498 2477 596 2558 αὐτάρ
612 2468 644 2539 σί
658 2478 808 2562 μεσίτην,
832 2476 1054 2539 coniecturam
1077 2476 1252 2561 sequimur,
1277 2473 1461 2559 corruptela
1483 2496 1536 2537 ex·

139 2578 288 2663 plicetur,
312 2599 377 2641 non
400 2576 506 2641 video

241 2681 388 2766 Dignum
418 2691 602 2767 praeterea·
619 2690 676 2765 est,
708 2682 796 2768 quod
819 2690 959 2765 notetur,
991 2684 1044 2749 ὅτε
1067 2682 1119 2746 vel
1151 2682 1250 2749 ὁπότε
1281 2704 1470 2769 numquam,
1500 2690 1536 2746 ut

139 2786 327 2870 saepissime
350 2786 387 2849 fit
409 2784 497 2872 apud
520 2785 709 2871 Homerum,
732 2785 941 2873 Apollonium
964 2787 1019 2870 (of.
1042 2785 1144 2872 1179,
1170 2787 1241 2867 123,
1265 2785 1353 2873 278),
1378 2787 1535 2867 Quintum

140 2889 195 2977 (cs.
212 2889 363 2975 Koechly
386 2889 465 2976 prol.
489 2913 521 2976 p.
541 2890 693 2955 LXXXI
713 2890 808 2978 sqq),
836 2894 869 2955 in
893 2891 1187 2977 comparationibus
1210 2890 1371 2972 adhiberi3
1409 2912 1536 2976 eompa-

138 2996 280 3059 rationes
304 2996 389 3059 enim
412 2996 541 3059 omnino
564 2994 683 3059 desunt
704 2997 738 3059 in
759 2994 821 3059 hoc
844 2996 999 3059 carmine.
1045 2995 1224 3081 particulae
1247 2996 1289 3074 ὡς
1312 2998 1344 3059 in
1367 3018 1421 3059 vv.
1439 2994 1481 3059 60
1504 3004 1536 3059 et

138 3096 202 3162 595
233 3108 386 3163 consueto
416 3099 552 3164 Homeri
581 3120 671 3163 more
700 3098 855 3164 articulus
886 3100 1062 3184 praecedit.
1108 3100 1149 3164 de
1179 3123 1210 3163 v.
1230 3100 1289 3164 101
1320 3099 1406 3164 inira
1428 3122 1534 3184 agam.

140 3202 227 3289 quod
254 3202 296 3267 ad
323 3226 355 3269 v.
378 3202 438 3268 391
468 3203 606 3268 adtinet:
644 3203 700 3270 καί
725 3207 799 3271 τότε
827 3206 866 3293 δι)
893 3206 979 3291 μάλα
1005 3209 1124 3284 πάντες
1145 3205 1288 3293 ἐπῄνεον,
1312 3205 1355 3283 ὡς
1376 3202 1534 3289 ἐκέλευεν)

138 3300 318 3395 Ἡρακλέης,
343 3307 485 3374 dubitari
508 3318 622 3395 potest,
646 3318 754 3373 utrum
777 3310 820 3388 ὡς
842 3330 939 3373 sensu
961 3309 1130 3395 temporali
1151 3332 1193 3373 an
1210 3311 1429 3396 comparativo
1453 3310 1536 3373 aeci·

139 3411 295 3498 piendum
312 3413 361 3476 sit.
391 3412 447 3476 sed
470 3412 532 3477 hoc
548 3413 798 3498 praeferendum
814 3414 945 3478 videtur
966 3423 1099 3500 propter
1121 3423 1249 3499 tempus
1264 3413 1536 3499 imperfectum33)

141 3515 309 3601 cf.Apoll.
333 3515 436 3580 1348
467 3516 524 3583 ἐπί
547 3514 578 3585 d'
592 3521 692 3607 ᾔνεον,
725 3520 767 3597 ὡς
796 3516 935 3585 ἐκέλευεν
959 3518 963 3603 l
984 3510 1169 3607 Ἡρακλέης.
1216 3517 1338 3581 causah
1368 3540 1464 3581 sensu
1494 3519 1537 3596 ὡς

142 3619 370 3705 accipiendum
394 3630 452 3704 est,
477 3623 503 3685 si
518 3622 672 3687 traditam
696 3624 891 3708 scripturam
906 3624 1081 3687 retinemus
1097 3645 1129 3687 v.
1146 3621 1208 3685 298
1225 3644 1295 3707 sqq.
1319 3618 1389 3687 αλλ>
1404 3625 1441 3687 οὐ
1462 3627 1536 3687 πεῖ-

140 3728 203 3789 θον
225 3724 346 3790 ίίνακτα
361 3723 562 3811 πεπνυμένον
578 3725 793 3813 (Herculem),
817 3728 853 3805 ὅς
874 3730 914 3813 ῥά
929 3721 961 3792 oi
975 3728 1036 3815 ,ἤδη
1051 3725 1054 3814 )
1068 3720 1176 3813 Ἥρης
1197 3719 1352 3815 ἐννεσίῃσι
1373 3724 1537 3810 τετιμένον

140 3826 287 3907 Αἴσονος
309 3820 387 3907 οἶόν,
408 3828 412 3914 )
433 3830 476 3908 ὡς
498 3830 537 3919 δή
561 3829 614 3916 (ῥα
638 3828 729 3912 svo)
753 3824 785 3896 οί
806 3831 897 3911 κλέος
919 3831 1039 3897 ἐσθλὸν
1062 3826 1115 3896 ἐπ’
1130 3830 1352 3915 ἐσσομένοισιν
1374 3829 1534 3915 ὄπαζεν)

140 3934 175 4012 ὅς
197 3937 237 4019 ῥά
259 3926 291 3998 σί
313 3936 408 4012 αὐτὸς
430 3929 559 4000 ἔνισπεν
581 3928 707 4021 Ἰήσονα
729 3932 878 4020 κοίρανον
899 3927 992 4007 εἶναι.
1032 3934 1119 4021 quod
1142 3934 1184 3998 ad
1200 3934 1380 3999 Homerum
1402 3933 1536 4017 adtinet,

245 4144 265 4210 ¹)
283 4146 428 4194 Praeterea
445 4146 511 4211 πρίν
530 4143 651 4194 adverbii
669 4146 742 4194 vices
760 4146 830 4210 gerit
847 4147 877 4194 in
894 4161 919 4194 v.
931 4146 977 4208 493
1008 4145 1041 4197 cf.
1060 4144 1147 4210 Apoll.
1160 4146 1174 4194 I
1189 4146 1232 4204 41,
1248 4145 1322 4207 1340,
1342 4143 1409 4195 eall.
1428 4144 1453 4194 V
1474 4146 1536 4206 1143

140 4234 198 4283 Nic.
218 4233 268 4282 Th.
288 4234 346 4295 366,
366 4232 457 4293 Quint.
476 4232 489 4280 Ι
509 4233 559 4280 505
579 4232 623 4294 (τὸ
641 4233 726 4299 πρίν).
763 4234 792 4281 in
810 4248 834 4282 v.
848 4233 900 4281 260
918 4232 957 4281 ita
974 4237 1117 4296 usurpatur
1135 4234 1229 4299 πάρος,
1248 4231 1320 4297 quod
1338 4231 1410 4297 apud
1428 4230 1537 4297 Apollo·

141 4322 216 4369 nium
235 4325 262 4369 et
285 4320 441 4369 adverbium
461 4323 502 4367 est
526 4318 627 4381 (1476,
649 4318 769 4383 111182)
792 4324 820 4369 et
837 4320 991 4369 coniunctio
1015 4318 1128 4385 (1692),
1153 4321 1219 4369 item
1241 4319 1313 4384 apud
1332 4320 1463 4380 Quintum
1488 4318 1534 4383 (ef.

139 4409 179 4456 III
197 4408 257 4469 424,
275 4407 329 4455 IIII
347 4406 418 4471 485),
438 4405 509 4470 apud
528 4404 723 4455 Callimachum
742 4405 795 4473 (ep.
810 4408 834 4470 6,
847 4405 874 4471 9)
892 4412 919 4456 et
937 4406 1102 4457 Nicandrum
1122 4405 1164 4472 (A.
1183 4408 1246 4472 286)
1265 4406 1430 4457 adverbium.

245 4492 267 4559 ²)
285 4492 361 4543 Adde
380 4491 447 4559 Opp.
467 4490 533 4557 Cyn.
552 4490 607 4541 1111
626 4490 675 4541 175
687 4508 735 4558 sq,
753 4493 780 4543 11
797 4494 849 4542 446
868 4498 896 4543 et
914 4492 1041 4543 Schmidt.
1060 4510 1085 4558 p.
1098 4496 1131 4543 49
1147 4510 1173 4543 n.
1227 4551 1231 4557 ι

245 4580 266 4644 ³)
285 4580 429 4629 Praeterea
448 4580 482 4635 ὡς
500 4593 581 4629 sensu
600 4582 779 4645 comparativo
798 4580 898 4645 legitur
916 4582 944 4629 in
963 4596 987 4632 v.
1002 4582 1060 4631 934.
