3392 5067
1483 199 1542 264 151
1596 180 1597 185 '

145 381 277 471 μελέτην
304 380 355 465 ἔχε
386 382 499 462 πίονος
525 387 630 468 ἀγροῦ,
658 384 810 469 Xenoph.
838 384 865 464 1,
891 384 934 446 24
961 390 1048 449 θεῶν
1076 385 1111 450 δέ
1138 385 1344 475 προμηθείην
1369 390 1438 455 αἰὲν
1464 386 1546 473 ἔχειν

144 489 284 573 ἀγαθόν)
322 497 448 573 spectat
481 486 677 573 μελεδαίνειν
710 489 855 571 Theogn.
883 488 966 551 1129
997 487 1108 577 πενίης
1138 496 1354 579 θυμοφθόρον
1386 498 1423 559 οὐ
1453 495 1547 579 μελεε

145 590 581 679 δαίνω,1)ίιαοόπίζεσθαι,
614 595 704 657 cuius
726 592 819 656 verbi
846 595 911 657 iam
941 616 973 680 p.
1001 592 1071 671 139,
1105 594 1158 658 ubi
1191 596 1231 659 de
1259 600 1445 663 accusativo
1472 621 1544 683 age·

144 696 250 776 batur,
277 700 397 762 mentio
424 697 513 762 faeta
541 705 603 780 est,
632 707 664 761 et
690 696 949 784 ἐπιστρέφεσθαι
976 697 1121 782 Theogn.
1151 699 1216 763 440
1243 710 1306 766 τῶν
1329 698 1464 769 δἀὐτοῦ
1487 728 1567 792 κην

145 798 226 867 δέων
248 802 340 868 οὐδέν
361 801 589 889 ἐπιστρέφεται
612 802 668 887 (cf.
690 800 787 887 Soph.
805 802 887 865 Phil.
904 801 967 865 598
978 824 1024 887 sq.
1048 800 1134 881 τίνος
1151 854 1157 868 .
1172 856 1178 868 .
1193 855 1201 869 .
1219 801 1309 870 τοῦδ’
1326 857 1332 870 ,
1347 856 1354 871 .
1369 858 1375 871 .
1392 806 1545 893 ἐπεστρέ-

142 928 244 993 φοντο
265 910 452 992 πράγματος
471 906 590 992 χάριν),
614 908 706 971 cuius
726 906 818 971 verbi
840 907 945 971 forma
968 906 1075 971 media
1098 908 1186 991 apud
1209 909 1387 974 Homerum
1411 913 1545 997 quidem

142 1032 207 1073 non
229 1018 334 1093 extat,
362 1012 420 1075 sed
448 1011 536 1095 apud
563 1010 744 1075 Hesiodum
768 1010 890 1095 Theog.
914 1010 976 1075 753
999 1018 1092 1096 μαῖαν
1113 1011 1343 1101 ἐπιστρέφεται
1365 1054 1407 1063 -
1429 1018 1544 1083 eadem

142 1113 243 1179 verba
251 1114 396 1198 Theogn.
406 1114 469 1179 648
478 1116 721 1199 leguntur—et
729 1115 1134 1202 hymnXXVH(XXV1)
1144 1116 1183 1180 10
1191 1121 1294 1205 πάντη
1303 1118 1542 1208 ἐπιστρέφεται.

246 1218 292 1283 Ut
306 1220 371 1283 iam
387 1220 429 1284 ad
444 1220 557 1303 verba,
574 1220 691 1305 quibus
708 1223 818 1307 copia
833 1220 994 1305 quaedam
1011 1220 1064 1283 vel
1080 1222 1210 1306 inopia
1226 1222 1436 1307 significatur,
1453 1249 1543 1290 acce·
1634 1266 1638 1278 ‹

75 1383 78 1387 .
142 1323 228 1408 dam,
252 1326 446 1388 enumeratis
468 1324 546 1388 locis
569 1323 774 1410 quibusdam,
798 1325 899 1387 veluti
920 1324 1065 1407 Theogn.
1084 1324 1159 1409 8sq.
1183 1326 1334 1415 ἐπλήσθη
1413 1329 1416 1414 λ
1433 1332 1542 1419 ὀδμῆς,

144 1427 226 1491 1158
249 1429 397 1515 οὔτεγὰρ
415 1429 609 1495 δνπλούτον
625 1432 731 1515 θυμὸν
745 1427 986 1516 ὑπερκορέσαις,
1011 1429 1123 1494 Mimn.
1141 1429 1171 1514 2,
1191 1432 1230 1494 13
1251 1430 1378 1498 παίδων
1397 1434 1543 1501 ἐπιδεύε-

140 1557 204 1615 ται,
227 1532 327 1597 Phoc.
345 1533 410 1618 7,1
434 1531 570 1621 χρηίζων
585 1533 724 1599 πλούτου
745 1534 909 1597 acuratins
931 1533 971 1596 de
992 1533 1119 1598 duobus
1134 1535 1256 1617 verbis,
1279 1536 1447 1618 άχθεσθαι
1469 1540 1542 1604 dico

141 1645 173 1699 et
197 1642 390 1724 κορεννύναι,
417 1638 581 1722 agendum
610 1648 667 1702 est.
711 1639 874 1721 singulare
904 1640 990 1703 enim
1020 1647 1083 1721 est,
1118 1640 1202 1725 quod
1234 1640 1385 1727 Xenoph.
1412 1642 1440 1723 1,
1464 1642 1539 1727 9sq.

139 1741 271 1824 legitur:
296 1745 409 1833 γεραρή
428 1767 463 1808 τε
486 1742 630 1830 τράπεζα
656 1743 661 1829 Ι
685 1753 779 1828 τοροῦ
805 1741 861 1808 καί
883 1740 1009 1827 μέλιτος
1031 1741 1144 1823 πίονος
1165 1744 1345 1832 ἀχθομένη,
1373 1755 1470 1831 atque
1497 1748 1541 1812 ita
1656 1780 1657 1783 ¹

139 1845 382 1932 exphcandum‚
418 1856 454 1911 ut
476 1846 645 1929 άχθεσθαι
667 1869 768 1932 prope
791 1846 833 1911 ad
857 1848 923 1910 vim
955 1846 1047 1910 verbi
1081 1849 1223 1935 πλήθειν
1256 1851 1414 1913 accedere
1438 1873 1542 1917 suma·
1632 1852 1633 1857 ’

139 1972 225 2035 mus,
257 1950 291 2015 id
319 1950 406 2037 quod
433 1952 522 2037 apud
545 1949 725 2015 Homerum
753 1974 850 2037 saepe
873 1953 905 2014 in
927 1950 1027 2014 verbo
1056 1952 1151 2015 simili
1177 1952 1309 2039 βρίθειν
1336 1956 1541 2040 conspicitur,

137 2056 228 2118 velut
243 2077 261 2120 ο
276 2055 339 2119 333
354 2077 401 2141 sq.
417 2054 572 2137 τράπεζαι
594 2056 599 2140 i
619 2052 711 2122 σίτον
732 2053 787 2121 καὶ
809 2064 920 2140 κρειῶν
941 2050 993 2143 ἠδ’
1009 2055 1096 2121 οἴνου
1119 2054 1322 2142 βεβρίθασιν.
1373 2067 1408 2123 ut
1431 2069 1541 2123 autem

137 2160 214 2223 talia
232 2160 343 2241 verba,
367 2161 393 2222 si
415 2160 557 2243 genuina
575 2161 625 2223 vis
649 2161 765 2245 elucet,
790 2182 866 2223 cum
889 2160 998 2223 dativo
1021 2162 1076 2244 qui
1099 2160 1217 2224 dicitur
1240 2162 1444 2226 instrumenti
1468 2186 1540 2227 eon-

136 2266 325 2348 iunguntur,
349 2264 395 2327 ita
413 2265 592 2349 κορεννύναι
613 2266 765 2348 genetivo
788 2265 982 2328 instructum
1006 2286 1076 2327 esse
1100 2264 1189 2343 solet,
1215 2268 1269 2349 qui
1289 2264 1435 2349 Theogn.
1456 2266 1540 2330 1249

135 2369 255 2453 legitur
283 2372 407 2454 κριθῶν
434 2368 616 2456 έκορέσθης.
663 2368 721 2433 sed
752 2368 879 2432 duobus
909 2368 987 2433 locis
1017 2368 1235 2453 Theognideis
1266 2370 1397 2457 dativus
1425 2373 1539 2435 instru-

136 2474 238 2535 menti
260 2472 425 2537 adhibitus
449 2482 506 2549 est,
531 2474 677 2558 quicum
697 2473 878 2537 hocverbo
902 2475 1063 2536 rarissime
1087 2476 1305 2538 consociatur:
1330 2474 1390 2539 751
1408 2477 1538 2563 πλούτῳ

134 2575 341 2665 κεκορημένος
374 2585 406 2639 et
443 2576 525 2639 1269
557 2578 637 2641 ἀλλὰ
669 2579 726 2642 τὸν
757 2582 889 2662 ὕστερον
922 2578 1022 2662 άνδρα
1056 2576 1145 2664 φέρει
1178 2583 1328 2663 κριθαῖσι
1360 2578 1538 2665 κορεσθείς.

135 2681 331 2767 quibuscum
354 2681 500 2745 conferas
523 2681 634 2766 hymn.
656 2681 729 2746 Cer.
749 2681 810 2744 175
833 2677 958 2746 ἅλλοντ’
975 2682 1013 2745 δν
1032 2682 1169 2765 λειμῶνα
1188 2687 1419 2768 κορεσσάμεναι
1439 2683 1537 2769 φρένα

133 2792 251 2876 φορβῇ.
275 2788 307 2848 in
324 2807 386 2869 quo
402 2784 472 2849 loco
499 2784 669 2850 tractando
685 2786 817 2849 Franks
841 2785 908 2870 (De
924 2784 1038 2870 hymni
1059 2789 1093 2849 in
1118 2784 1271 2850 Cererem
1295 2789 1535 2871 compositione,

135 2891 287 2975 dictione,
308 2898 413 2954 aetate
429 2912 459 2953 a.
478 2888 575 2975 1881)
599 2892 725 2953 acutius
743 2911 840 2973 quam
856 2891 964 2954 verius
984 2890 1045 2953 hoc
1062 2889 1235 2953 discrimen
1252 2892 1335 2954 inter
1351 2893 1537 2973 genetivum

134 3004 167 3058 et
183 2994 330 3059 dativum
350 2994 551 3059 intercedere
572 3003 677 3079 putat:
702 2992 932 3079 ‘copiosarum
948 2992 1047 3081 φρένα
1063 2989 1205 3083 φορβῆς,
1227 2996 1339 3078 inquit,
1364 2994 1536 3073 dicuntur,

134 3101 190 3185 qui
212 3108 354 3163 mentem
376 3099 486 3163 herbis
510 3100 628 3163 satiant
650 3100 670 3161 i.
691 3122 718 3162 e.
744 3098 919 3183 compleut3
944 3108 1056 3163 contra
1077 3123 1105 3163 κ.
1130 3122 1164 3185 φ.
1188 3104 1294 3185 φορβῇ
1316 3099 1535 3184 metaphorice

133 3204 296 3287 dicuntur,
321 3207 375 3289 qui
398 3203 564 3289 pascenda
579 3202 682 3267 herba
706 3203 850 3289 (proprie
874 3202 1048 3267 herbarum
1071 3225 1142 3287 ope,
1168 3204 1231 3266 dat.
1256 3203 1419 3290 instrum.)
1448 3226 1535 3267 men-

133 3318 200 3372 tem
224 3310 342 3372 satiant
364 3311 383 3371 i.
409 3330 435 3371 e.
460 3308 645 3391 cupidinem
670 3307 788 3371 edendi
812 3306 965 3391 explent.
1012 3318 1044 3369 at
1068 3329 1145 3369 num
1169 3327 1288 3391 quaeso
1311 3308 1375 3370 tale
1398 3308 1475 3392 qnid
1502 3311 1535 3371 in

134 3414 244 3477 dativo
277 3415 382 3476 inesse
415 3412 546 3498 potest?
592 3434 789 3498 quamquam
817 3413 917 3494 igitur
948 3413 1141 3495 cogitatione
1172 3412 1329 3476 eiusmodi
1360 3412 1422 3476 loci
1453 3414 1536 3475 inter

133 3516 359 3598 sedifferunt,
386 3538 450 3580 non
479 3516 632 3580 differunt
662 3538 767 3600 sensu,
801 3516 836 3579 id
868 3516 954 3600 quod
986 3517 1104 3600 optime
1135 3514 1272 3599 adparet
1303 3514 1427 3579 collatis
1457 3516 1535 3580 locis

133 3621 279 3705 Theogn.
305 3620 389 3684 1249
411 3626 535 3708 κριθῶν
557 3619 733 3707 ἒκορέσθης
755 3628 788 3683 et
812 3620 895 3683 1269
917 3624 1066 3706 κριθαῖσι
1090 3614 1267 3705 κορεσθείς.

238 3726 348 3789 Pauca
377 3725 427 3787 his
455 3725 628 3790 adnectere
659 3724 738 3789 libet
765 3724 806 3787 de
833 3726 871 3788 iis
894 3724 1015 3807 verbis,
1044 3726 1077 3787 in
1101 3723 1218 3808 quibus
1248 3724 1459 3809 superandi
1483 3725 1535 3788 vel

133 3831 245 3893 similis
272 3831 357 3894 inest
383 3832 479 3894 notio,
527 3852 589 3915 quo
613 3829 715 3893 verba
737 3828 892 3893 nonnulla
915 3837 1064 3913 spectant
1092 3850 1165 3891 cum
1193 3829 1432 3913 praepositione
1455 3829 1534 3914 ὑπέρ

133 3935 321 4019 composita,
343 3934 554 4019 ὑπερβάλλειν
576 3934 719 4017 Theogn.
744 3934 864 4017 673sq.
889 3933 1080 4019 ὑπερβάλλει
1098 3933 1132 3998 δέ
1149 3932 1301 3997 θάλασσα
1322 3932 1325 4016 i
1347 3932 1535 4019 ἀμφοτέρων

238 4234 257 4298 ¹)
276 4234 324 4282 Vis
352 4233 462 4283 curandi
484 4235 512 4281 in
539 4234 589 4282 hoc
612 4233 693 4281 verbo
721 4234 785 4281 satis
809 4247 870 4281 rara
893 4237 941 4280 est.
969 4230 1105 4294 Theognis
1127 4232 1185 4295 ipse
1213 4245 1244 4279 eo
1269 4230 1322 4279 alio
1346 4245 1426 4279 sensu
1450 4232 1534 4279 utitur

133 4323 239 4387 185sq.:
259 4324 348 4387 γῆμαι
366 4318 397 4370 δὲ
416 4321 500 4383 κακὴν
518 4321 603 4369 κακοῦ
621 4319 654 4369 οὐ
672 4317 832 4385 μελεδαίνει
854 4317 970 4382 Ιέσθλὸς
992 4317 1069 4384 ἀνήρ,
1093 4318 1126 4381 iia
1146 4318 1172 4366 οἱ
1189 4317 1321 4385 χρήματα
1344 4316 1430 4367 πολλὰ
1455 4316 1532 4383 διδῷ,

131 4423 202 4472 quae
220 4408 301 4457 verba
319 4408 393 4472 Papo
415 4408 444 4455 in
466 4407 553 4457 lexico
576 4423 623 4457 suo
646 4408 714 4457 falso
738 4409 929 4471 interpretatus
953 4410 1004 4454 est:
1025 4404 1093 4454 ‘Der
1111 4410 1176 4471 gnte
1195 4406 1279 4455 Mann
1297 4421 1359 4470 mag
1376 4405 1458 4467 nicht,
1478 4405 1532 4453 will

131 4495 207 4545 nicht
225 4496 287 4544 eine
305 4493 441 4544 schlechte
458 4495 531 4544 Fran
549 4495 688 4545 heiraten'.
719 4494 834 4544 debebat
862 4494 933 4543 enim
956 4498 1073 4542 vertere:
1102 4494 1169 4543 ‘Der
1187 4493 1301 4559 Adelige
1320 4494 1414 4541 nimmt
1432 4492 1532 4541 keinen

130 4580 261 4646 Anstand,
279 4583 324 4632 ein
342 4581 421 4632 Weib
440 4597 493 4633 von
511 4582 645 4647 niedriger
662 4580 784 4631 Abknnft
802 4597 836 4629 zu
854 4580 991 4631 heiraten‘.
