3392 5067
346 169 466 232 136

342 360 547 423 solum
602 361 1071 440 accusativum,
1135 380 1325 442 quem
1380 357 1652 423 localem
1709 356 1951 437 dicunt,
1999 355 2267 419 adhibet
2321 363 2434 419 aut
2488 354 2855 420 nominibus
2908 356 3146 422 suffixa

344 463 666 549 quaedam
712 464 1015 527 adnectit.
1092 472 1368 549 utraque
1416 472 1632 526 autem
1681 464 1749 524 in
1797 484 1866 525 re
1917 464 2111 525 etiam
2157 470 2386 546 poetae
2437 460 2706 543 elegiaci
2757 460 2840 524 ab
2882 460 3146 524 Homeri

348 568 809 634 consuetudine
850 568 1186 632 recedunt.
1256 566 1447 652 quod,
1496 577 1566 630 ut
1606 566 1687 629 ab
1722 566 2182 629 accusativo
2224 586 2391 627 cum
2430 564 3146 650 praepositionibus

343 695 489 737 non
550 676 964 737 coniuncto
1020 674 1272 735 initium
1326 673 1579 755 faciam,
1644 672 1881 756 optime
1938 693 2021 733 ex
2079 680 2430 754 conspectu
2478 669 2771 737 locorum
2825 668 2954 733 huc
3006 692 3145 754 per-

341 779 681 841 tinentium
728 778 1087 862 adparebit.
1182 786 1330 840 sunt
1374 786 1591 840 autem
1636 775 1732 839 hi:
1789 779 2207 861 ἀφικνεῖσθαι
2250 774 2434 858 Tyrt.
2478 773 2538 858 2,
2571 775 2614 837 4
2658 777 2900 859 εὐρεῖαν
2933 773 3146 842 Πέλο-

341 904 468 959 πος
501 891 690 969 νῆσον
728 885 1123 969 ἀφικόμεθα,
1170 880 1393 943 Mimn.
1428 880 1489 964 9,
1522 879 1564 942 2
1608 875 1863 966 ἱμερτὴν
1903 876 2368 967 Ἀσίηννηυσὶν
2398 881 2793 966 ἀφικόμεθα,
2840 878 3142 963 Xenoph.

342 984 404 1068 5,
438 985 476 1048 3
522 994 636 1050 τοῦ
678 983 859 1063 κλέος
903 978 1183 1050 (Ελλάδα
1229 995 1445 1049 πᾶσαν
1490 983 1789 1071 ἀφίξεται
1834 978 1971 1049 οὐδ’
1995 983 2329 1070 ἀπολήξει;
2377 978 2703 1048 ἱκνεῖσθαι
2749 983 2932 1068 Tyrt.
2973 982 3070 1063 10,
3107 983 3141 1043 7

341 1092 449 1167 οὓς
504 1089 851 1174 (homines)
908 1114 1012 1155 κεν
1074 1090 1289 1175 ἵκηται
1338 1089 1452 1173 (A
1511 1088 1631 1151 139
1694 1088 1729 1153 ὁ
1785 1086 1856 1154 δέ
1894 1113 1999 1153 κεν
2049 1089 2499 1169 κεχολώσεται,
2565 1090 2635 1153 δν
2687 1112 2794 1152 κεν
2849 1087 3144 1171 ἵκωμαι),

342 1193 632 1275 Theogn.
682 1193 808 1257 958
864 1194 1107 1280 χρῄζων
1158 1192 1496 1281 ἡμετέρους
1548 1189 1730 1271 αὖτις
1771 1194 1939 1258 ἵκοιο
1996 1193 2245 1278 δόμους,
2303 1192 2426 1255 927
2475 1188 2610 1257 οὐδ’
2638 1192 2700 1256 εἰ
2744 1200 2936 1280 γῆρας
2978 1192 3145 1257 ἵκοιο

348 1298 384 1382 (
376 1321 415 1361 τ
439 1297 562 1361 367
578 1319 670 1381 sq.
704 1296 818 1386 ἧος
838 1298 1004 1363 ἵκοιο
1035 1297 1040 1382 Ι
1067 1300 1317 1386 γῆρας);
1365 1292 1600 1363 ἱκάνειν
1632 1296 1899 1381 Sol.‚13,
1932 1297 2012 1360 21
2029 1319 2122 1381 sq.
2170 1301 2345 1362 θεῶν
2375 1295 2520 1376 ἕδος
2549 1297 2744 1361 αἰπὺν
2774 1291 2977 1361 ἱκάνει
3005 1297 3010 1377 Ι
3040 1300 3146 1361 οὐ-

341 1404 529 1483 ρανόν
577 1401 664 1486 (E
700 1400 824 1466 868
866 1400 1281 1486 καρπαλίμως
1314 1397 1372 1467 δ’
1387 1402 1561 1466 ἵκανε
1609 1406 1783 1466 θεῶν
1827 1399 1991 1483 ἕδος,
2038 1403 2233 1466 αἰπὺν
2275 1395 2683 1486 ,Ὀλυμπονῂ
2737 1396 3146 1482 καταβαίνειν

342 1506 633 1588 Theogn.
671 1506 793 1568 917
835 1504 1073 1592 κατέβη
1122 1507 1318 1591 δόμον
1347 1500 1577 1585 ’Ἀιδος
1618 1504 1773 1571 εἷ’σω
1825 1506 1911 1592 (ψ
1950 1505 2079 1569 252
2123 1504 2397 1593 κατέβην
2437 1498 2896 1589 δόμον-’Ἀιδος
2933 1503 3141 1591 εἵσω).

344 1610 577 1694 quibus
622 1610 791 1675 adde
828 1610 994 1673 1296
1014 1632 1105 1695 sq.
1154 1609 1316 1699 μηδέ
1353 1636 1432 1695 με
1473 1616 1551 1697 σὴ
1599 1610 1864 1699 φιλότης
1909 1610 2172 1694 δώματα
2213 1609 2940 1698 ΠερσεφόνηςΙοῖχηται
2980 1634 3145 1691 προ-

342 1712 645 1801 φέρουσα.
736 1736 901 1799 quae
949 1715 1248 1800 exempla
1295 1719 1345 1779 si
1393 1737 1537 1780 cum
1585 1715 1742 1778 locis
1788 1715 2129 1778 homericis
2177 1716 2620 1802 componimus
2667 1716 2778 1802 (cf.
2830 1714 2910 1778 de
2958 1736 3143 1778 accu-

344 1822 531 1884 sativi
600 1820 774 1906 apud
834 1820 1192 1884 Homerum
1252 1843 1370 1883 usu
1432 1822 1498 1884 in
1560 1821 1783 1905 primis
1844 1820 1943 1885 La
1998 1819 2226 1883 Rochii
2292 1820 2531 1885 librum
2598 1823 2706 1906 qui
2774 1819 3144 1883 inscribitur

346 1924 793 1988 ‘Homerische
841 1923 1184 2011 Studien’),
1249 1934 1487 2008 quanto
1546 1925 1888 1989 artioribus
1944 1925 2182 1989 finibus
2242 1927 2296 1988 is
2358 1949 2511 1989 usus
2571 1928 2637 1989 in
2700 1925 2936 2007 elegeis
2999 1946 3143 1987 con-

343 2030 639 2111 tineatur,
685 2027 1096 2111 intellegitur.
1174 2051 1326 2092 nam
1368 2028 1621 2093 duobus
1661 2029 1818 2092 locis
1859 2031 2153 2113 exceptis
2194 2050 2414 2093 omnes
2453 2033 2543 2093 ita
2586 2030 2941 2114 comparati
2975 2039 3141 2110 sunt,

342 2141 412 2194 ut
456 2130 661 2196 verba
718 2155 755 2194 a
803 2134 1019 2217 stirpe,
1080 2155 1247 2218 quae
1303 2142 1401 2196 est
1455 2127 1536 2215 ὶκ,
1596 2133 1892 2197 derivata
1935 2133 2256 2217 legantur,
2314 2157 2481 2219 quae
2527 2136 2903 2220 ceteroquin
2950 2136 3142 2197 etiam

342 2236 515 2320 apud
548 2236 906 2300 Homerum
949 2237 1213 2322 reliquis
1259 2238 1592 2301 usitatiora
1638 2249 1805 2301 sunt.
1885 2247 2076 2322 atque
2118 2241 2184 2301 in
2224 2237 2522 2304 omnibus
2554 2240 2688 2303 fere
2721 2238 3142 2303 substantivis

342 2341 507 2403 inest
555 2340 679 2403 loci
739 2342 1123 2424 significatio
1170 2350 1429 2427 praeter
1472 2341 1664 2427 ⁴*Tyrt.
1728 2342 1827 2423 10,
1879 2343 1936 2424 7,
2000 2342 2109 2406 ubi
2171 2365 2525 2426 pronomen
2570 2349 2677 2423 οὕς
2720 2343 2805 2408 ad
2851 2343 3140 2406 homines

345 2453 613 2527 spectat,
663 2456 726 2508 et
771 2445 1061 2529 Theogn.
1101 2446 1245 2530 927,
1302 2447 1415 2511 ubi
1462 2447 1940 2511 substantivum
1988 2448 2390 2511 abstractum
2427 2449 2671 2536 (γῆρας)
2730 2448 2983 2530 legitur.
3073 2447 3138 2508 in

342 2548 608 2612 Homeri
656 2559 872 2614 autem
919 2551 1309 2614 carminibus
1356 2550 1512 2614 talia
1556 2574 1685 2614 non
1730 2553 1821 2613 ita
1865 2574 2013 2613 rara
2069 2562 2236 2615 sunt.
2304 2554 2452 2634 iam,
2504 2574 2648 2616 cum
2691 2550 2977 2633 Theogn.
3013 2549 3136 2612 917

346 2662 523 2715 certa
561 2655 832 2716 imitatio
876 2655 1218 2718 statuenda
1250 2656 1348 2735 sit,
1392 2665 1642 2719 tantum
1674 2656 1963 2739 Theogn.
2007 2655 2171 2719 1296
2191 2678 2282 2740 sq.
2327 2667 2544 2721 restat.
2616 2657 2724 2741 qui
2762 2654 2941 2719 locus
2984 2664 3145 2718 cete-

345 2778 489 2819 rum
522 2779 560 2819 a
591 2757 969 2841 Theognide
1015 2782 1141 2823 non
1188 2760 1517 2844 profectus
1566 2781 1722 2823 sane
1766 2760 2108 2843 singularis
2141 2771 2264 2841 est3
2335 2783 2485 2824 nam
2517 2763 2633 2823 etsi
2665 2760 2941 2823 formula
2972 2758 3146 2839 οἴχο-

344 2885 461 2944 μαι
493 2860 902 2948 προφέρουσα
945 2866 1136 2927 etiam
1173 2866 1241 2927 in
1271 2864 1542 2927 Homeri
1590 2864 1984 2928 carminibus
2030 2865 2264 2948 legitur
2312 2904 2396 2913 --
2443 2864 2524 2927 cf.
2558 2871 2620 2927 Z
2646 2864 2791 2945 346,
2833 2890 2869 2927 v
2902 2863 2988 2927 64
3031 2902 3144 2940 —,

345 2974 560 3029 tamen
602 2969 1012 3030 accusativus
1052 2967 1273 3031 localis
1316 2970 1425 3052 qui
1466 2969 1704 3032 dicitur
1758 2969 1841 3032 ab
1892 2992 1969 3033 ea
2012 2969 2227 3032 abest.-
2301 2969 2414 3031 sed
2464 2978 2527 3031 et
2573 2968 2747 3052 apud
2787 2969 3144 3032 Homerum

349 3078 411 3131 et
457 3071 522 3131 in
564 3069 801 3153 elegeis
847 3094 996 3134 cum
1035 3072 1253 3135 verbis
1295 3067 1619 3138 ἱκνεῖσθαι
1661 3082 1725 3135 et
1764 3076 2186 3159 ἀφικνεῖσθαι
2229 3074 2425 3135 etiam
2463 3075 2848 3157 praepositio
2891 3073 3148 3135 coniun-

347 3176 535 3255 gitur,
583 3175 762 3238 velut
807 3175 1030 3239 Mimn.
1084 3177 1181 3261 11,
1229 3177 1271 3238 4
1318 3174 1450 3243 οὐδ)
1490 3179 1567 3241 ἂν
1606 3173 2053 3242 ἐπ”-Ωκεανοῦ
2096 3177 2292 3243 καλὸν
2334 3177 2548 3241 ἵκοντο
2592 3178 2757 3261 ῥόον,
2808 3175 2935 3239 Sol.
2968 3178 3030 3258 4,
3065 3176 3149 3239 24

348 3271 667 3343 ἱκνοῦνται
697 3278 931 3344 πολλοὶ
953 3287 1139 3363 γαῖαν
1169 3282 1235 3360 ἐς
1257 3282 1646 3369 ἀλλοδαπήν.
1680 3303 1892 3367 neque
1926 3304 2229 3365 umquam
2261 3280 2684 3363 καταβαίνειν,
2728 3280 2838 3344 ubi
2881 3281 3149 3342 imitatio

347 3405 481 3447 non.
508 3391 606 3445 est
639 3384 1000 3468 statuenda,
1035 3387 1507 3471 praepositione
1542 3398 1747 3465 caret3
1799 3387 1878 3449 cf.
1913 3386 2201 3469 Theogn.
2243 3386 2408 3449 1014
2450 3436 2461 3449 .
2494 3436 2506 3447 .
2535 3436 2547 3447 .
2581 3386 2672 3462 εἰς
2702 3381 2935 3449 Ἀίδεω
2968 3385 3150 3466 δῶμα

349 3485 541 3571 μέλαν
570 3494 835 3575 καταβῇ,
883 3490 1041 3555 ibid.
1077 3490 1202 3552 973
1236 3541 1284 3554 ..
1309 3543 1319 3555 .
1348 3486 1412 3569 ἔς
1440 3484 1791 3575 τ”Έρεβος
1819 3496 2086 3576 καταβῇ.
2136 3512 2391 3574 semper
2421 3499 2656 3572 autem,
2688 3498 2760 3551 ut
2792 3510 2869 3551 ea
2899 3497 3149 3551 tantum

350 3590 552 3654 verba
585 3613 976 3675 enumerem,
1012 3615 1176 3679 quae
1211 3597 1271 3657 in
1304 3596 1570 3658 Homeri
1616 3595 2009 3659 carminibus
2042 3597 2280 3678 passim
2314 3617 2460 3657 cum
2491 3595 2860 3656 accusativo
2894 3595 3150 3655 coniun-

349 3703 603 3777 guntur,
640 3696 724 3759 ad
752 3696 952 3759 verba
987 3698 1174 3776 δύειν,
1198 3696 1461 3780 βαίνειν,
1496 3697 1675 3779 ἰέναι,
1711 3696 2037 3784 ἔρχεσθαι,
2064 3700 2451 3784 praepositio
2477 3697 2751 3761 accedit.
2800 3719 2951 3760 nam
2976 3696 3150 3780 quod

348 3796 638 3882 Theogn.
678 3799 842 3863 1223
862 3824 954 3885 sq.
991 3811 1171 3865 extat
1199 3805 1283 3891 μή
1316 3827 1395 3886 με
1432 3812 1641 3868 κακῶν
1670 3801 2006 3889 μίμνησκε·
2049 3803 2358 3869 πέπονθά
2387 3826 2491 3867 τοι
2522 3790 2629 3867 οἷά
2652 3796 2710 3865 τ’
2735 3798 3102 3880 Ὀδυσσεύς,
3140 3801 3147 3887 Ι

351 3897 488 3967 ὅστ’
504 3900 734 3969 Ἀίδεω
765 3904 925 3989 μέγα
958 3901 1369 3993 δῶμ’ἢλυθεν
1399 3906 1730 3986 ἐξαναδύς,
1775 3906 2104 3970 Buchholz
2145 3907 2347 3970 verba
2393 3909 2480 3970 ita
2515 3905 2839 3986 dirimens,
2886 3915 2959 3969 ut
2989 3904 3150 3989 μέγα

353 4008 535 4090 δῶμα
591 4007 673 4070 ad
726 4009 984 4096 ἤλυθεν,
1041 4007 1270 4075 Ἀίδεω
1326 4011 1410 4074 ad
1466 4010 1769 4089 ἐξαναδύς
1821 4012 2161 4094 pertineat,
2219 4012 2434 4075 versui
2494 4010 2627 4072 vim
2681 4009 2940 4073 adferre
2995 4010 3151 4072 mihi

353 4110 628 4193 videtur,
662 4134 810 4175 cum
841 4116 953 4176 vix
985 4114 1163 4177 locus
1194 4101 1579 4194 inveniatur,
1616 4138 1740 4200 quo
1774 4115 1976 4179 verba
2009 4114 2236 4178 similia
2269 4115 2457 4178 simili
2489 4114 2678 4177 modo
2713 4113 3152 4177 distrahantur

354 4213 464 4300 (cf.
498 4239 535 4278 κ
558 4214 686 4278 512
717 4218 810 4295 εἰς
839 4211 1069 4282 Ἀίδεω
1103 4216 1264 4283 ἰέναι
1296 4219 1492 4301 δόμον
1521 4222 1828 4305 εὐρώεντα
1861 4229 1922 4282 et
1956 4220 2241 4304 Theogn.
2274 4219 2440 4283 1014
2474 4271 2519 4283 ..
2545 4269 2557 4281 .
2585 4219 2678 4296 εἷς
2707 4212 2935 4283 Ἀίδεω
2967 4217 3152 4302 δῶμα

352 4318 548 4402 μέλαν
585 4322 884 4407 καταβῇ),
928 4344 1137 4405 neque
1170 4322 1371 4385 verba
1410 4321 1570 4407 μέγα
1602 4324 1785 4408 δῶμα
1825 4324 1996 4387 nude
2038 4326 2246 4409 posita
2286 4323 2475 4386 facile
2517 4322 2601 4385 ad
2635 4322 2846 4386 Ulixis
2888 4321 3149 4385 domum

352 4422 736 4488 referantur.
802 4425 916 4488 sed
950 4425 1434 4489 concedendum
1471 4437 1567 4490 est
1598 4431 2042 4494 accusativum
2076 4452 2221 4493 cum
2238 4427 2444 4491 verbo
2474 4425 2873 4503 ἐξαναδύνειν
2891 4435 3152 4510 praeter

354 4526 526 4590 hunc
572 4529 783 4593 locum
829 4538 1079 4595 tantum
1123 4531 1189 4594 in
1236 4533 1495 4597 oraculo
1541 4533 1732 4598 Paus.
1774 4533 1873 4599 IV
1909 4535 2007 4619 12,
2054 4534 2097 4597 4
2149 4536 2428 4618 κρυπτὸν
2479 4533 2670 4614 λόχον
2720 4529 3154 4609 ἐξαναδύντων
