<?xml version="1.0" encoding="UTF-8"?>
<!DOCTYPE html PUBLIC "-//W3C//DTD XHTML 1.0 Transitional//EN"
    "http://www.w3.org/TR/xhtml1/DTD/xhtml1-transitional.dtd">
<html xmlns="http://www.w3.org/1999/xhtml" xml:lang="en" lang="en">
 <head>
  <title>
</title>
<meta http-equiv="Content-Type" content="text/html;charset=utf-8" />
  <meta name='ocr-system' content='tesseract 3.04.00' />
  <meta name='ocr-capabilities' content='ocr_page ocr_carea ocr_par ocr_line ocrx_word'/>
</head>
<body>
  <div class='ocr_page' id='page_1' title='image "./dissertationesp04wiengoog_0237.png"; bbox 0 0 3392 5067; ppageno 0'>
   <div class='ocr_carea' id='block_1_1' title="bbox 81 200 244 287">
    <p class='ocr_par' dir='ltr' id='par_1_1' title="bbox 81 200 244 287">
     <span class='ocr_line' id='line_1_1' title="bbox 81 200 244 287; baseline -0.006 -2"><span class='ocrx_word' id='word_1_1' title='bbox 81 200 88 221; x_wconf 83' lang='lat'><strong><em>‘</em></strong></span> <span class='ocrx_word' id='word_1_2' title='bbox 181 219 244 287; x_wconf 81' lang='lat' dir='ltr'><strong>aas</strong></span> 
     </span>
    </p>
   </div>
   <div class='ocr_carea' id='block_1_2' title="bbox 178 408 1586 2587">
    <p class='ocr_par' dir='ltr' id='par_1_2' title="bbox 178 408 1586 2587">
     <span class='ocr_line' id='line_1_2' title="bbox 179 408 1578 499; baseline 0.001 -24"><span class='ocrx_word' id='word_1_3' title='bbox 179 415 266 499; x_wconf 73' lang='grc' dir='ltr'><em>ψυχή</em></span> <span class='ocrx_word' id='word_1_4' title='bbox 290 411 452 494; x_wconf 76' lang='lat' dir='ltr'><strong>coniungi3</strong></span> <span class='ocrx_word' id='word_1_5' title='bbox 478 410 518 477; x_wconf 86' lang='lat' dir='ltr'><strong>ef.</strong></span> <span class='ocrx_word' id='word_1_6' title='bbox 542 409 634 493; x_wconf 87' lang='lat' dir='ltr'><strong>Tyrt.</strong></span> <span class='ocrx_word' id='word_1_7' title='bbox 661 408 710 491; x_wconf 85' lang='lat'><strong>10,</strong></span> <span class='ocrx_word' id='word_1_8' title='bbox 732 408 772 471; x_wconf 85' lang='lat'><strong>14</strong></span> <span class='ocrx_word' id='word_1_9' title='bbox 794 412 984 496; x_wconf 70' lang='grc' dir='ltr'><em>θνῄσκωμεν</em></span> <span class='ocrx_word' id='word_1_10' title='bbox 1006 408 1136 496; x_wconf 79' lang='grc' dir='ltr'><em>ψυχέων</em></span> <span class='ocrx_word' id='word_1_11' title='bbox 1158 408 1271 497; x_wconf 77' lang='grc' dir='ltr'><strong><em>μηκέτι</em></strong></span> <span class='ocrx_word' id='word_1_12' title='bbox 1293 413 1488 498; x_wconf 81' lang='grc' dir='ltr'><em>φειδόμενοι,</em></span> <span class='ocrx_word' id='word_1_13' title='bbox 1513 412 1578 478; x_wconf 88' lang='lat' dir='ltr'><strong>Sol.</strong></span> 
     </span>
     <span class='ocr_line' id='line_1_3' title="bbox 182 514 1581 607; baseline 0.001 -26"><span class='ocrx_word' id='word_1_14' title='bbox 182 518 232 603; x_wconf 80' lang='lat'><strong>13,</strong></span> <span class='ocrx_word' id='word_1_15' title='bbox 252 519 295 582; x_wconf 87' lang='grc'><strong>46</strong></span> <span class='ocrx_word' id='word_1_16' title='bbox 318 518 476 606; x_wconf 65' lang='grc' dir='ltr'><em>φειδωλόν</em></span> <span class='ocrx_word' id='word_1_17' title='bbox 498 526 601 606; x_wconf 78' lang='grc' dir='ltr'><strong><em>ψυχῆς</em></strong></span> <span class='ocrx_word' id='word_1_18' title='bbox 624 514 775 600; x_wconf 75' lang='grc' dir='ltr'><em>οὐδεμίαν</em></span> <span class='ocrx_word' id='word_1_19' title='bbox 797 514 944 601; x_wconf 84' lang='grc' dir='ltr'><em>θέμενος,</em></span> <span class='ocrx_word' id='word_1_20' title='bbox 972 515 1062 603; x_wconf 73' lang='lat' dir='ltr'><strong>Tyn.</strong></span> <span class='ocrx_word' id='word_1_21' title='bbox 1090 518 1140 600; x_wconf 90' lang='grc'><strong>12,</strong></span> <span class='ocrx_word' id='word_1_22' title='bbox 1164 519 1202 581; x_wconf 88' lang='lat'><strong>18</strong></span> <span class='ocrx_word' id='word_1_23' title='bbox 1225 524 1331 607; x_wconf 76' lang='grc' dir='ltr'><em>ψυχὴν</em></span> <span class='ocrx_word' id='word_1_24' title='bbox 1355 570 1362 583; x_wconf 93' lang='grc'><strong>.</strong></span> <span class='ocrx_word' id='word_1_25' title='bbox 1387 570 1394 582; x_wconf 94' lang='grc'><strong>.</strong></span> <span class='ocrx_word' id='word_1_26' title='bbox 1419 569 1427 583; x_wconf 93' lang='grc'><strong>.</strong></span> <span class='ocrx_word' id='word_1_27' title='bbox 1450 515 1581 602; x_wconf 81' lang='grc' dir='ltr'><em>παρθέ-</em></span> 
     </span>
     <span class='ocr_line' id='line_1_4' title="bbox 180 618 1581 708; baseline -0.001 -22"><span class='ocrx_word' id='word_1_28' title='bbox 180 646 282 707; x_wconf 84' lang='grc' dir='ltr'><em>μενος,</em></span> <span class='ocrx_word' id='word_1_29' title='bbox 309 621 455 705; x_wconf 85' lang='lat' dir='ltr'><strong>Theogn.</strong></span> <span class='ocrx_word' id='word_1_30' title='bbox 478 620 541 684; x_wconf 84' lang='grc'><strong>568</strong></span> <span class='ocrx_word' id='word_1_31' title='bbox 572 618 685 699; x_wconf 78' lang='grc' dir='ltr'><strong><em>ὀλέσας</em></strong></span> <span class='ocrx_word' id='word_1_32' title='bbox 713 620 818 707; x_wconf 77' lang='grc' dir='ltr'><em>ψόχὴν</em></span> <span class='ocrx_word' id='word_1_33' title='bbox 847 618 1006 704; x_wconf 83' lang='grc' dir='ltr'><em>κείσομαι.</em></span> <span class='ocrx_word' id='word_1_34' title='bbox 1052 660 1093 669; x_wconf 96' lang='grc'><strong>-</strong></span> <span class='ocrx_word' id='word_1_35' title='bbox 1137 625 1319 708; x_wconf 76' lang='grc' dir='ltr'><em>ἡγεῖσθαι</em></span> <span class='ocrx_word' id='word_1_36' title='bbox 1349 623 1581 707; x_wconf 78' lang='lat' dir='ltr'><strong>antiquissimis</strong></span> 
     </span>
     <span class='ocr_line' id='line_1_5' title="bbox 180 722 1582 811; baseline 0 -22"><span class='ocrx_word' id='word_1_37' title='bbox 180 722 378 811; x_wconf 69' lang='lat' dir='ltr'><strong>temporibus</strong></span> <span class='ocrx_word' id='word_1_38' title='bbox 401 747 560 810; x_wconf 83' lang='lat' dir='ltr'><strong>nusquam</strong></span> <span class='ocrx_word' id='word_1_39' title='bbox 576 725 682 790; x_wconf 81' lang='lat' dir='ltr'><strong>&#39;latino</strong></span> <span class='ocrx_word' id='word_1_40' title='bbox 706 725 840 810; x_wconf 89' lang='lat' dir='ltr'><strong>‘putare&#39;</strong></span> <span class='ocrx_word' id='word_1_41' title='bbox 862 726 1045 811; x_wconf 82' lang='lat' dir='ltr'><strong>respondet.</strong></span> <span class='ocrx_word' id='word_1_42' title='bbox 1071 730 1219 810; x_wconf 88' lang='lat' dir='ltr'><strong>quaevis</strong></span> <span class='ocrx_word' id='word_1_43' title='bbox 1242 729 1351 791; x_wconf 86' lang='lat' dir='ltr'><strong>neseio</strong></span> <span class='ocrx_word' id='word_1_44' title='bbox 1374 750 1414 790; x_wconf 90' lang='lat' dir='ltr'><strong>an</strong></span> <span class='ocrx_word' id='word_1_45' title='bbox 1438 727 1582 811; x_wconf 89' lang='lat' dir='ltr'><strong>primurn</strong></span> 
     </span>
     <span class='ocr_line' id='line_1_6' title="bbox 181 824 1582 918; baseline 0.001 -25"><span class='ocrx_word' id='word_1_46' title='bbox 181 829 326 914; x_wconf 84' lang='lat' dir='ltr'><strong>Theogn.</strong></span> <span class='ocrx_word' id='word_1_47' title='bbox 350 830 414 894; x_wconf 89' lang='grc'><strong>282</strong></span> <span class='ocrx_word' id='word_1_48' title='bbox 439 828 592 918; x_wconf 76' lang='grc' dir='ltr'><em>ἡγεῖσθαί</em></span> <span class='ocrx_word' id='word_1_49' title='bbox 619 824 656 895; x_wconf 77' lang='grc' dir='ltr'><em>θ’</em></span> <span class='ocrx_word' id='word_1_50' title='bbox 672 831 715 909; x_wconf 85' lang='grc' dir='ltr'><strong>ὡς</strong></span> <span class='ocrx_word' id='word_1_51' title='bbox 735 831 816 896; x_wconf 91' lang='grc' dir='ltr'><strong>καλά</strong></span> <span class='ocrx_word' id='word_1_52' title='bbox 842 835 950 896; x_wconf 92' lang='grc' dir='ltr'><em>πάντα</em></span> <span class='ocrx_word' id='word_1_53' title='bbox 976 834 1072 895; x_wconf 87' lang='grc' dir='ltr'><em>τιθεῖ</em></span> <span class='ocrx_word' id='word_1_54' title='bbox 1089 833 1286 912; x_wconf 81' lang='lat' dir='ltr'><strong>inveniatur3</strong></span> <span class='ocrx_word' id='word_1_55' title='bbox 1321 831 1362 895; x_wconf 87' lang='lat' dir='ltr'><strong>of.</strong></span> <span class='ocrx_word' id='word_1_56' title='bbox 1387 854 1417 916; x_wconf 90' lang='lat' dir='ltr'><strong>p.</strong></span> <span class='ocrx_word' id='word_1_57' title='bbox 1442 830 1513 894; x_wconf 84' lang='lat'><strong>195.</strong></span> <span class='ocrx_word' id='word_1_58' title='bbox 1536 868 1582 877; x_wconf 88' lang='lat'><em>-</em></span> 
     </span>
     <span class='ocr_line' id='line_1_7' title="bbox 179 934 1583 1022; baseline 0 -23"><span class='ocrx_word' id='word_1_59' title='bbox 179 937 325 1022; x_wconf 74' lang='grc' dir='ltr'><em>ἡγεμών</em></span> <span class='ocrx_word' id='word_1_60' title='bbox 349 935 422 1020; x_wconf 83' lang='lat' dir='ltr'><strong>(K.)</strong></span> <span class='ocrx_word' id='word_1_61' title='bbox 439 936 473 998; x_wconf 91' lang='lat' dir='ltr'><strong>in</strong></span> <span class='ocrx_word' id='word_1_62' title='bbox 488 934 591 999; x_wconf 85' lang='lat' dir='ltr'><strong>Iliade</strong></span> <span class='ocrx_word' id='word_1_63' title='bbox 607 946 655 998; x_wconf 91' lang='lat' dir='ltr'><strong>est</strong></span> <span class='ocrx_word' id='word_1_64' title='bbox 671 935 750 999; x_wconf 85' lang='lat' dir='ltr'><strong>‘dux</strong></span> <span class='ocrx_word' id='word_1_65' title='bbox 768 934 955 1019; x_wconf 83' lang='lat' dir='ltr'><strong>copiarum&#39;,</strong></span> <span class='ocrx_word' id='word_1_66' title='bbox 980 936 1012 997; x_wconf 90' lang='lat' dir='ltr'><strong>in</strong></span> <span class='ocrx_word' id='word_1_67' title='bbox 1030 934 1173 1019; x_wconf 87' lang='lat' dir='ltr'><strong>Odyssia</strong></span> <span class='ocrx_word' id='word_1_68' title='bbox 1196 936 1275 999; x_wconf 80' lang='lat' dir='ltr'><strong>‘dux</strong></span> <span class='ocrx_word' id='word_1_69' title='bbox 1294 936 1435 999; x_wconf 76' lang='lat' dir='ltr'><strong>itineris’.</strong></span> <span class='ocrx_word' id='word_1_70' title='bbox 1468 943 1583 999; x_wconf 89' lang='lat' dir='ltr'><strong>eontra</strong></span> 
     </span>
     <span class='ocr_line' id='line_1_8' title="bbox 180 1034 1582 1128; baseline 0.001 -24"><span class='ocrx_word' id='word_1_71' title='bbox 180 1039 243 1104; x_wconf 85' lang='lat' dir='ltr'><strong>Sol.</strong></span> <span class='ocrx_word' id='word_1_72' title='bbox 265 1039 295 1119; x_wconf 82' lang='lat'><strong>4,</strong></span> <span class='ocrx_word' id='word_1_73' title='bbox 319 1038 336 1101; x_wconf 99' lang='grc'><strong>7</strong></span> <span class='ocrx_word' id='word_1_74' title='bbox 362 1041 462 1128; x_wconf 81' lang='grc' dir='ltr'><em>δήμου</em></span> <span class='ocrx_word' id='word_1_75' title='bbox 486 1035 522 1106; x_wconf 73' lang='grc' dir='ltr'><em>θ’</em></span> <span class='ocrx_word' id='word_1_76' title='bbox 538 1043 697 1127; x_wconf 74' lang='grc' dir='ltr'><em>ἡγεμόνων</em></span> <span class='ocrx_word' id='word_1_77' title='bbox 720 1040 830 1118; x_wconf 83' lang='grc' dir='ltr'><em>ἀδικος</em></span> <span class='ocrx_word' id='word_1_78' title='bbox 852 1042 935 1119; x_wconf 84' lang='grc' dir='ltr'><em>νόος,</em></span> <span class='ocrx_word' id='word_1_79' title='bbox 962 1039 1041 1103; x_wconf 87' lang='lat' dir='ltr'><strong>ibid.</strong></span> <span class='ocrx_word' id='word_1_80' title='bbox 1067 1040 1097 1120; x_wconf 94' lang='grc'><strong>6,</strong></span> <span class='ocrx_word' id='word_1_81' title='bbox 1121 1040 1136 1102; x_wconf 95' lang='grc'>1</span> <span class='ocrx_word' id='word_1_82' title='bbox 1163 1041 1260 1128; x_wconf 78' lang='grc' dir='ltr'><em>δῆμος</em></span> <span class='ocrx_word' id='word_1_83' title='bbox 1282 1034 1312 1106; x_wconf 76' lang='grc' dir='ltr'><strong>δ’</strong></span> <span class='ocrx_word' id='word_1_84' title='bbox 1328 1036 1386 1105; x_wconf 60' lang='grc' dir='ltr'><strong>ὧδ)</strong></span> <span class='ocrx_word' id='word_1_85' title='bbox 1401 1041 1440 1104; x_wconf 84' lang='grc' dir='ltr'><em>ἀν</em></span> <span class='ocrx_word' id='word_1_86' title='bbox 1462 1040 1582 1126; x_wconf 83' lang='grc' dir='ltr'><em>ἀριστα</em></span> 
     </span>
     <span class='ocr_line' id='line_1_9' title="bbox 179 1142 1580 1233; baseline -0.002 -24"><span class='ocrx_word' id='word_1_87' title='bbox 179 1151 237 1209; x_wconf 85' lang='grc' dir='ltr'><em>σὺν</em></span> <span class='ocrx_word' id='word_1_88' title='bbox 258 1148 462 1233; x_wconf 74' lang='grc' dir='ltr'><em>ἡγεμόνεσσιν</em></span> <span class='ocrx_word' id='word_1_89' title='bbox 484 1142 599 1210; x_wconf 76' lang='grc' dir='ltr'><em>ἕποιτο</em></span> <span class='ocrx_word' id='word_1_90' title='bbox 626 1145 769 1229; x_wconf 77' lang='lat' dir='ltr'><strong>itemque</strong></span> <span class='ocrx_word' id='word_1_91' title='bbox 791 1144 938 1227; x_wconf 85' lang='lat' dir='ltr'><strong>Theogn.</strong></span> <span class='ocrx_word' id='word_1_92' title='bbox 954 1142 994 1205; x_wconf 84' lang='lat'><strong>41</strong></span> <span class='ocrx_word' id='word_1_93' title='bbox 1022 1152 1054 1205; x_wconf 88' lang='lat' dir='ltr'><strong>et</strong></span> <span class='ocrx_word' id='word_1_94' title='bbox 1076 1142 1141 1207; x_wconf 76' lang='lat'><strong>855</strong></span> <span class='ocrx_word' id='word_1_95' title='bbox 1162 1143 1323 1228; x_wconf 83' lang='lat' dir='ltr'><strong>nobilitas,</strong></span> <span class='ocrx_word' id='word_1_96' title='bbox 1355 1165 1456 1227; x_wconf 90' lang='lat' dir='ltr'><strong>penes</strong></span> <span class='ocrx_word' id='word_1_97' title='bbox 1479 1164 1580 1229; x_wconf 91' lang='lat' dir='ltr'><strong>quam</strong></span> 
     </span>
     <span class='ocr_line' id='line_1_10' title="bbox 180 1244 1578 1337; baseline 0 -25"><span class='ocrx_word' id='word_1_98' title='bbox 180 1270 305 1313; x_wconf 91' lang='lat' dir='ltr'><strong>summa</strong></span> <span class='ocrx_word' id='word_1_99' title='bbox 326 1257 469 1333; x_wconf 89' lang='lat' dir='ltr'><strong>potestas</strong></span> <span class='ocrx_word' id='word_1_100' title='bbox 485 1257 544 1332; x_wconf 83' lang='lat' dir='ltr'><strong>est,</strong></span> <span class='ocrx_word' id='word_1_101' title='bbox 567 1247 785 1333; x_wconf 85' lang='lat' dir='ltr'><strong>intellegenda</strong></span> <span class='ocrx_word' id='word_1_102' title='bbox 806 1257 863 1329; x_wconf 88' lang='lat' dir='ltr'><strong>est,</strong></span> <span class='ocrx_word' id='word_1_103' title='bbox 886 1270 961 1329; x_wconf 88' lang='lat' dir='ltr'><strong>non,</strong></span> <span class='ocrx_word' id='word_1_104' title='bbox 985 1256 1022 1310; x_wconf 93' lang='lat' dir='ltr'><strong>ut</strong></span> <span class='ocrx_word' id='word_1_105' title='bbox 1036 1245 1260 1333; x_wconf 86' lang='lat' dir='ltr'><strong>Kuellenberg</strong></span> <span class='ocrx_word' id='word_1_106' title='bbox 1274 1246 1353 1329; x_wconf 85' lang='lat' dir='ltr'><strong>vult,</strong></span> <span class='ocrx_word' id='word_1_107' title='bbox 1378 1244 1578 1337; x_wconf 73' lang='grc' dir='ltr'><em>δημαγωγοί,</em></span> 
     </span>
     <span class='ocr_line' id='line_1_11' title="bbox 182 1350 1581 1437; baseline -0.001 -21"><span class='ocrx_word' id='word_1_108' title='bbox 182 1352 225 1416; x_wconf 87' lang='lat' dir='ltr'><strong>ef.</strong></span> <span class='ocrx_word' id='word_1_109' title='bbox 251 1352 380 1417; x_wconf 88' lang='lat' dir='ltr'><strong>Zaeher</strong></span> <span class='ocrx_word' id='word_1_110' title='bbox 410 1353 634 1415; x_wconf 81' lang='lat' dir='ltr'><strong>‘Mimnermea</strong></span> <span class='ocrx_word' id='word_1_111' title='bbox 655 1361 687 1414; x_wconf 87' lang='lat' dir='ltr'><strong>et</strong></span> <span class='ocrx_word' id='word_1_112' title='bbox 706 1350 853 1416; x_wconf 84' lang='lat' dir='ltr'><strong>Solonea&#39;</strong></span> <span class='ocrx_word' id='word_1_113' title='bbox 878 1351 1064 1437; x_wconf 89' lang='lat' dir='ltr'><strong>(Rudolpho</strong></span> <span class='ocrx_word' id='word_1_114' title='bbox 1086 1353 1183 1415; x_wconf 82' lang='lat' dir='ltr'><strong>Prinz</strong></span> <span class='ocrx_word' id='word_1_115' title='bbox 1205 1353 1438 1416; x_wconf 88' lang='lat' dir='ltr'><strong>Monasterium</strong></span> <span class='ocrx_word' id='word_1_116' title='bbox 1461 1351 1581 1415; x_wconf 89' lang='lat' dir='ltr'><strong>disoes·</strong></span> 
     </span>
     <span class='ocr_line' id='line_1_12' title="bbox 183 1450 1586 1542; baseline -0.001 -21"><span class='ocrx_word' id='word_1_117' title='bbox 183 1480 257 1522; x_wconf 88' lang='lat' dir='ltr'><strong>suro</strong></span> <span class='ocrx_word' id='word_1_118' title='bbox 280 1456 442 1521; x_wconf 86' lang='lat' dir='ltr'><strong>Palioolae</strong></span> <span class='ocrx_word' id='word_1_119' title='bbox 465 1456 609 1539; x_wconf 81' lang='lat' dir='ltr'><strong>Vratisl.,</strong></span> <span class='ocrx_word' id='word_1_120' title='bbox 633 1479 662 1519; x_wconf 92' lang='lat' dir='ltr'><strong>a.</strong></span> <span class='ocrx_word' id='word_1_121' title='bbox 683 1454 789 1541; x_wconf 86' lang='grc'>1862).</span> <span class='ocrx_word' id='word_1_122' title='bbox 819 1495 861 1501; x_wconf 93' lang='grc'>-</span> <span class='ocrx_word' id='word_1_123' title='bbox 888 1454 986 1542; x_wconf 74' lang='grc' dir='ltr'><em>ἦθος</em></span> <span class='ocrx_word' id='word_1_124' title='bbox 1003 1456 1087 1541; x_wconf 87' lang='lat' dir='ltr'><em>(K).</em></span> <span class='ocrx_word' id='word_1_125' title='bbox 1111 1450 1173 1520; x_wconf 88' lang='lat' dir='ltr'><strong>hoe</strong></span> <span class='ocrx_word' id='word_1_126' title='bbox 1189 1477 1270 1520; x_wconf 89' lang='lat' dir='ltr'><strong>voee</strong></span> <span class='ocrx_word' id='word_1_127' title='bbox 1285 1456 1447 1521; x_wconf 83' lang='lat' dir='ltr'><strong>Homerus</strong></span> <span class='ocrx_word' id='word_1_128' title='bbox 1470 1466 1529 1534; x_wconf 85' lang='lat' dir='ltr'><strong>ter,</strong></span> <span class='ocrx_word' id='word_1_129' title='bbox 1552 1461 1586 1520; x_wconf 94' lang='lat' dir='ltr'><strong><em>Z</em></strong></span> 
     </span>
     <span class='ocr_line' id='line_1_13' title="bbox 179 1558 1580 1645; baseline 0.001 -20"><span class='ocrx_word' id='word_1_130' title='bbox 179 1561 254 1644; x_wconf 84' lang='lat'><strong>511,</strong></span> <span class='ocrx_word' id='word_1_131' title='bbox 281 1560 397 1643; x_wconf 86' lang='grc'>0266,</span> <span class='ocrx_word' id='word_1_132' title='bbox 421 1560 515 1637; x_wconf 82' lang='grc' dir='ltr'>ξ411</span> <span class='ocrx_word' id='word_1_133' title='bbox 534 1599 576 1607; x_wconf 91' lang='lat'><strong>—-</strong></span> <span class='ocrx_word' id='word_1_134' title='bbox 591 1559 713 1645; x_wconf 92' lang='lat' dir='ltr'><strong>ubique</strong></span> <span class='ocrx_word' id='word_1_135' title='bbox 730 1570 821 1624; x_wconf 86' lang='lat' dir='ltr'><strong>extat</strong></span> <span class='ocrx_word' id='word_1_136' title='bbox 836 1558 970 1644; x_wconf 88' lang='lat' dir='ltr'><strong>pluralis</strong></span> <span class='ocrx_word' id='word_1_137' title='bbox 986 1599 1028 1632; x_wconf 62' lang='lat'><strong>—,</strong></span> <span class='ocrx_word' id='word_1_138' title='bbox 1046 1560 1087 1624; x_wconf 92' lang='lat' dir='ltr'><strong>de</strong></span> <span class='ocrx_word' id='word_1_139' title='bbox 1103 1560 1231 1625; x_wconf 89' lang='lat' dir='ltr'><strong>stabulo</strong></span> <span class='ocrx_word' id='word_1_140' title='bbox 1253 1559 1441 1625; x_wconf 88' lang='lat' dir='ltr'><strong>animalium</strong></span> <span class='ocrx_word' id='word_1_141' title='bbox 1462 1562 1580 1640; x_wconf 81' lang='lat' dir='ltr'><strong>utitur3</strong></span> 
     </span>
     <span class='ocr_line' id='line_1_14' title="bbox 180 1654 1581 1752; baseline -0.003 -22"><span class='ocrx_word' id='word_1_142' title='bbox 180 1674 292 1730; x_wconf 91' lang='lat' dir='ltr'><strong>oontra</strong></span> <span class='ocrx_word' id='word_1_143' title='bbox 306 1665 469 1729; x_wconf 86' lang='lat' dir='ltr'><strong>Hesiodus</strong></span> <span class='ocrx_word' id='word_1_144' title='bbox 487 1673 675 1729; x_wconf 83' lang='lat' dir='ltr'><strong>consuetam</strong></span> <span class='ocrx_word' id='word_1_145' title='bbox 691 1663 804 1728; x_wconf 90' lang='lat' dir='ltr'><strong>sedern</strong></span> <span class='ocrx_word' id='word_1_146' title='bbox 819 1654 985 1728; x_wconf 89' lang='lat' dir='ltr'><strong>hominurn</strong></span> <span class='ocrx_word' id='word_1_147' title='bbox 999 1666 1085 1752; x_wconf 73' lang='grc' dir='ltr'><em>ἤθεα</em></span> <span class='ocrx_word' id='word_1_148' title='bbox 1100 1665 1185 1730; x_wconf 84' lang='grc' dir='ltr'><em>λαῶν</em></span> <span class='ocrx_word' id='word_1_149' title='bbox 1201 1664 1289 1730; x_wconf 83' lang='lat' dir='ltr'><strong>dicit.</strong></span> <span class='ocrx_word' id='word_1_150' title='bbox 1314 1665 1372 1728; x_wconf 90' lang='lat' dir='ltr'><strong>sed</strong></span> <span class='ocrx_word' id='word_1_151' title='bbox 1387 1664 1475 1750; x_wconf 89' lang='lat' dir='ltr'><strong>apud</strong></span> <span class='ocrx_word' id='word_1_152' title='bbox 1491 1664 1581 1729; x_wconf 89' lang='lat' dir='ltr'><strong>huno</strong></span> 
     </span>
     <span class='ocr_line' id='line_1_15' title="bbox 180 1767 1581 1858; baseline -0.001 -24"><span class='ocrx_word' id='word_1_153' title='bbox 180 1771 275 1834; x_wconf 91' lang='lat' dir='ltr'><strong>etiam</strong></span> <span class='ocrx_word' id='word_1_154' title='bbox 298 1770 453 1834; x_wconf 86' lang='lat' dir='ltr'><strong>translate</strong></span> <span class='ocrx_word' id='word_1_155' title='bbox 476 1779 651 1854; x_wconf 90' lang='lat' dir='ltr'><strong>usurpatur</strong></span> <span class='ocrx_word' id='word_1_156' title='bbox 672 1767 765 1858; x_wconf 75' lang='grc' dir='ltr'><em>ἦθος,</em></span> <span class='ocrx_word' id='word_1_157' title='bbox 790 1768 891 1832; x_wconf 85' lang='lat' dir='ltr'><strong>veluti</strong></span> <span class='ocrx_word' id='word_1_158' title='bbox 914 1768 1036 1852; x_wconf 84' lang='lat' dir='ltr'><strong>Theog.</strong></span> <span class='ocrx_word' id='word_1_159' title='bbox 1061 1770 1103 1832; x_wconf 88' lang='grc'><strong>66</strong></span> <span class='ocrx_word' id='word_1_160' title='bbox 1120 1789 1166 1854; x_wconf 90' lang='lat' dir='ltr'><strong>sq.</strong></span> <span class='ocrx_word' id='word_1_161' title='bbox 1191 1768 1368 1853; x_wconf 66' lang='lat' dir='ltr'><strong>ptinerent</strong></span> <span class='ocrx_word' id='word_1_162' title='bbox 1390 1773 1521 1835; x_wconf 78' lang='grc' dir='ltr'><em>πάντων</em></span> <span class='ocrx_word' id='word_1_163' title='bbox 1543 1793 1581 1833; x_wconf 92' lang='grc' dir='ltr'><strong>τε</strong></span> 
     </span>
     <span class='ocr_line' id='line_1_16' title="bbox 179 1872 1581 1962; baseline -0.001 -23"><span class='ocrx_word' id='word_1_164' title='bbox 179 1878 294 1959; x_wconf 83' lang='grc' dir='ltr'><em>νόμους</em></span> <span class='ocrx_word' id='word_1_165' title='bbox 308 1873 363 1939; x_wconf 77' lang='grc' dir='ltr'><strong>καὶ</strong></span> <span class='ocrx_word' id='word_1_166' title='bbox 377 1876 463 1961; x_wconf 71' lang='grc' dir='ltr'><em>ἤθεα</em></span> <span class='ocrx_word' id='word_1_167' title='bbox 477 1874 571 1940; x_wconf 88' lang='grc' dir='ltr'><em>κεδνὰ</em></span> <span class='ocrx_word' id='word_1_168' title='bbox 581 1875 585 1957; x_wconf 79' lang='lat' dir='ltr'><strong>l</strong></span> <span class='ocrx_word' id='word_1_169' title='bbox 596 1876 770 1939; x_wconf 74' lang='grc' dir='ltr'><em>ἀθανάτων</em></span> <span class='ocrx_word' id='word_1_170' title='bbox 784 1872 951 1954; x_wconf 76' lang='grc' dir='ltr'><em>κλείουσιν,</em></span> <span class='ocrx_word' id='word_1_171' title='bbox 961 1872 1024 1958; x_wconf 88' lang='lat' dir='ltr'><strong>Op.</strong></span> <span class='ocrx_word' id='word_1_172' title='bbox 1034 1873 1074 1936; x_wconf 89' lang='grc'><strong>67</strong></span> <span class='ocrx_word' id='word_1_173' title='bbox 1092 1884 1124 1938; x_wconf 93' lang='lat' dir='ltr'><strong>et</strong></span> <span class='ocrx_word' id='word_1_174' title='bbox 1140 1873 1180 1935; x_wconf 90' lang='grc'><strong>78</strong></span> <span class='ocrx_word' id='word_1_175' title='bbox 1196 1872 1472 1962; x_wconf 73' lang='grc' dir='ltr'><em>ἐπίκλοπονῆθος;</em></span> <span class='ocrx_word' id='word_1_176' title='bbox 1489 1873 1581 1957; x_wconf 92' lang='lat' dir='ltr'><strong>apud</strong></span> 
     </span>
     <span class='ocr_line' id='line_1_17' title="bbox 179 1977 1580 2065; baseline -0.003 -21"><span class='ocrx_word' id='word_1_177' title='bbox 179 1980 403 2064; x_wconf 86' lang='lat' dir='ltr'><strong>Theognidem</strong></span> <span class='ocrx_word' id='word_1_178' title='bbox 418 2001 506 2062; x_wconf 86' lang='lat' dir='ltr'><strong>vere,</strong></span> <span class='ocrx_word' id='word_1_179' title='bbox 532 1982 586 2065; x_wconf 92' lang='lat' dir='ltr'><strong>qui</strong></span> <span class='ocrx_word' id='word_1_180' title='bbox 602 1978 710 2043; x_wconf 87' lang='lat' dir='ltr'><strong>multis</strong></span> <span class='ocrx_word' id='word_1_181' title='bbox 726 1977 805 2043; x_wconf 88' lang='lat' dir='ltr'><strong>loeis</strong></span> <span class='ocrx_word' id='word_1_182' title='bbox 826 2000 864 2041; x_wconf 93' lang='lat' dir='ltr'><strong>eo</strong></span> <span class='ocrx_word' id='word_1_183' title='bbox 886 1977 985 2041; x_wconf 91' lang='lat' dir='ltr'><strong>verbo</strong></span> <span class='ocrx_word' id='word_1_184' title='bbox 1005 1979 1105 2041; x_wconf 89' lang='lat' dir='ltr'><strong>utitur</strong></span> <span class='ocrx_word' id='word_1_185' title='bbox 1127 2017 1164 2025; x_wconf 90' lang='lat'><strong>-—</strong></span> <span class='ocrx_word' id='word_1_186' title='bbox 1186 1978 1377 2063; x_wconf 89' lang='lat' dir='ltr'><strong>plerumque</strong></span> <span class='ocrx_word' id='word_1_187' title='bbox 1397 1978 1580 2063; x_wconf 80' lang='lat' dir='ltr'><strong>singularis,</strong></span> 
     </span>
     <span class='ocr_line' id='line_1_18' title="bbox 178 2079 1581 2170; baseline 0 -24"><span class='ocrx_word' id='word_1_188' title='bbox 178 2084 243 2148; x_wconf 87' lang='grc'><strong>970</strong></span> <span class='ocrx_word' id='word_1_189' title='bbox 265 2083 398 2170; x_wconf 91' lang='lat' dir='ltr'><strong>pluralis</strong></span> <span class='ocrx_word' id='word_1_190' title='bbox 422 2092 512 2149; x_wconf 87' lang='lat' dir='ltr'><strong>extat</strong></span> <span class='ocrx_word' id='word_1_191' title='bbox 535 2124 587 2167; x_wconf 89' lang='grc'><strong>-,</strong></span> <span class='ocrx_word' id='word_1_192' title='bbox 611 2105 740 2169; x_wconf 88' lang='lat' dir='ltr'><strong>semper</strong></span> <span class='ocrx_word' id='word_1_193' title='bbox 761 2083 917 2147; x_wconf 87' lang='lat' dir='ltr'><strong>translate</strong></span> <span class='ocrx_word' id='word_1_194' title='bbox 941 2083 1068 2148; x_wconf 86' lang='lat' dir='ltr'><strong>dieitur.</strong></span> <span class='ocrx_word' id='word_1_195' title='bbox 1093 2120 1135 2129; x_wconf 94' lang='lat'><strong>—</strong></span> <span class='ocrx_word' id='word_1_196' title='bbox 1161 2079 1324 2169; x_wconf 74' lang='grc' dir='ltr'><em>ἡνίοχος.</em></span> <span class='ocrx_word' id='word_1_197' title='bbox 1363 2086 1493 2168; x_wconf 89' lang='lat' dir='ltr'><strong>proprie</strong></span> <span class='ocrx_word' id='word_1_198' title='bbox 1516 2083 1581 2147; x_wconf 85' lang='lat' dir='ltr'><strong>hoe</strong></span> 
     </span>
     <span class='ocr_line' id='line_1_19' title="bbox 179 2186 1581 2273; baseline -0.001 -22"><span class='ocrx_word' id='word_1_199' title='bbox 179 2190 280 2253; x_wconf 89' lang='lat' dir='ltr'><strong>verbo</strong></span> <span class='ocrx_word' id='word_1_200' title='bbox 304 2190 330 2251; x_wconf 91' lang='lat' dir='ltr'><strong>is</strong></span> <span class='ocrx_word' id='word_1_201' title='bbox 355 2188 565 2272; x_wconf 84' lang='lat' dir='ltr'><strong>significatur,</strong></span> <span class='ocrx_word' id='word_1_202' title='bbox 590 2190 645 2273; x_wconf 91' lang='lat' dir='ltr'><strong>qui</strong></span> <span class='ocrx_word' id='word_1_203' title='bbox 667 2186 811 2271; x_wconf 75' lang='lat' dir='ltr'><strong>habenas</strong></span> <span class='ocrx_word' id='word_1_204' title='bbox 831 2196 933 2250; x_wconf 90' lang='lat' dir='ltr'><strong>tenet.</strong></span> <span class='ocrx_word' id='word_1_205' title='bbox 976 2187 1034 2250; x_wconf 89' lang='lat' dir='ltr'><strong>sed</strong></span> <span class='ocrx_word' id='word_1_206' title='bbox 1057 2186 1145 2270; x_wconf 88' lang='lat' dir='ltr'><strong>apud</strong></span> <span class='ocrx_word' id='word_1_207' title='bbox 1168 2187 1357 2268; x_wconf 83' lang='lat' dir='ltr'><strong>Homerum,</strong></span> <span class='ocrx_word' id='word_1_208' title='bbox 1382 2193 1502 2272; x_wconf 93' lang='lat' dir='ltr'><strong>quippe</strong></span> <span class='ocrx_word' id='word_1_209' title='bbox 1525 2188 1581 2249; x_wconf 89' lang='lat' dir='ltr'><strong>oui</strong></span> 
     </span>
     <span class='ocr_line' id='line_1_20' title="bbox 180 2290 1578 2378; baseline -0.003 -22"><span class='ocrx_word' id='word_1_210' title='bbox 180 2292 297 2356; x_wconf 84' lang='lat' dir='ltr'><strong>milites</strong></span> <span class='ocrx_word' id='word_1_211' title='bbox 321 2314 363 2355; x_wconf 86' lang='lat' dir='ltr'><strong>ex</strong></span> <span class='ocrx_word' id='word_1_212' title='bbox 383 2314 464 2377; x_wconf 91' lang='lat' dir='ltr'><strong>equo</strong></span> <span class='ocrx_word' id='word_1_213' title='bbox 488 2301 670 2378; x_wconf 87' lang='lat' dir='ltr'><strong>pugnantes</strong></span> <span class='ocrx_word' id='word_1_214' title='bbox 693 2293 793 2375; x_wconf 85' lang='lat' dir='ltr'><strong>ignoti</strong></span> <span class='ocrx_word' id='word_1_215' title='bbox 817 2295 889 2373; x_wconf 83' lang='lat' dir='ltr'><strong>sint,</strong></span> <span class='ocrx_word' id='word_1_216' title='bbox 913 2293 1054 2375; x_wconf 87' lang='lat' dir='ltr'><strong>itemque</strong></span> <span class='ocrx_word' id='word_1_217' title='bbox 1078 2290 1166 2375; x_wconf 89' lang='lat' dir='ltr'><strong>apud</strong></span> <span class='ocrx_word' id='word_1_218' title='bbox 1182 2291 1361 2354; x_wconf 92' lang='lat' dir='ltr'><strong>Hesiodum</strong></span> <span class='ocrx_word' id='word_1_219' title='bbox 1385 2312 1513 2376; x_wconf 91' lang='lat' dir='ltr'><strong>semper</strong></span> <span class='ocrx_word' id='word_1_220' title='bbox 1535 2292 1578 2353; x_wconf 89' lang='lat' dir='ltr'><strong>ad</strong></span> 
     </span>
     <span class='ocr_line' id='line_1_21' title="bbox 181 2393 1580 2483; baseline -0.001 -24"><span class='ocrx_word' id='word_1_221' title='bbox 181 2400 326 2481; x_wconf 85' lang='lat' dir='ltr'><strong>aurigam</strong></span> <span class='ocrx_word' id='word_1_222' title='bbox 357 2398 391 2459; x_wconf 93' lang='lat' dir='ltr'><strong>in</strong></span> <span class='ocrx_word' id='word_1_223' title='bbox 415 2420 510 2461; x_wconf 85' lang='lat' dir='ltr'><strong>curru</strong></span> <span class='ocrx_word' id='word_1_224' title='bbox 537 2399 608 2483; x_wconf 92' lang='lat' dir='ltr'><strong>ipso</strong></span> <span class='ocrx_word' id='word_1_225' title='bbox 632 2395 799 2460; x_wconf 88' lang='lat' dir='ltr'><strong>sedentem</strong></span> <span class='ocrx_word' id='word_1_226' title='bbox 826 2396 979 2477; x_wconf 80' lang='lat' dir='ltr'><strong>refertur3</strong></span> <span class='ocrx_word' id='word_1_227' title='bbox 1017 2394 1106 2480; x_wconf 90' lang='lat' dir='ltr'><strong>apud</strong></span> <span class='ocrx_word' id='word_1_228' title='bbox 1133 2393 1357 2478; x_wconf 84' lang='lat' dir='ltr'><strong>Theognidem</strong></span> <span class='ocrx_word' id='word_1_229' title='bbox 1379 2417 1457 2459; x_wconf 91' lang='lat' dir='ltr'><strong>vero</strong></span> <span class='ocrx_word' id='word_1_230' title='bbox 1480 2416 1580 2479; x_wconf 89' lang='lat' dir='ltr'><strong>eques</strong></span> 
     </span>
     <span class='ocr_line' id='line_1_22' title="bbox 180 2497 1580 2587; baseline 0 -24"><span class='ocrx_word' id='word_1_231' title='bbox 180 2503 250 2587; x_wconf 92' lang='lat' dir='ltr'><strong>ipse</strong></span> <span class='ocrx_word' id='word_1_232' title='bbox 274 2500 511 2585; x_wconf 84' lang='lat' dir='ltr'><strong>intellegendus</strong></span> <span class='ocrx_word' id='word_1_233' title='bbox 535 2511 596 2583; x_wconf 82' lang='lat' dir='ltr'><strong>est3</strong></span> <span class='ocrx_word' id='word_1_234' title='bbox 640 2500 681 2565; x_wconf 84' lang='lat' dir='ltr'><strong>of.</strong></span> <span class='ocrx_word' id='word_1_235' title='bbox 705 2500 767 2564; x_wconf 76' lang='lat'><strong>257</strong></span> <span class='ocrx_word' id='word_1_236' title='bbox 786 2521 856 2583; x_wconf 87' lang='lat' dir='ltr'><strong>sqq.</strong></span> <span class='ocrx_word' id='word_1_237' title='bbox 878 2499 982 2577; x_wconf 78' lang='grc' dir='ltr'><em>ἵππος</em></span> <span class='ocrx_word' id='word_1_238' title='bbox 1004 2500 1065 2584; x_wconf 75' lang='grc' dir='ltr'><strong>ἐγώ</strong></span> <span class='ocrx_word' id='word_1_239' title='bbox 1087 2500 1167 2584; x_wconf 78' lang='grc' dir='ltr'><em>καλὴ</em></span> <span class='ocrx_word' id='word_1_240' title='bbox 1189 2497 1243 2569; x_wconf 83' lang='grc' dir='ltr'><strong>καὶ</strong></span> <span class='ocrx_word' id='word_1_241' title='bbox 1265 2498 1392 2586; x_wconf 83' lang='grc' dir='ltr'><em>ἀεθλίη,</em></span> <span class='ocrx_word' id='word_1_242' title='bbox 1416 2499 1497 2564; x_wconf 83' lang='grc' dir='ltr'><em>ἀλλὰ</em></span> <span class='ocrx_word' id='word_1_243' title='bbox 1519 2502 1580 2563; x_wconf 91' lang='grc' dir='ltr'><strong>κά-</strong></span> 
     </span>
    </p>
   </div>
   <div class='ocr_carea' id='block_1_3' title="bbox 146 2596 1580 2901">
    <p class='ocr_par' dir='ltr' id='par_1_3' title="bbox 146 2596 1580 2901">
     <span class='ocr_line' id='line_1_23' title="bbox 146 2596 1580 2693; baseline -0.002 -22"><span class='ocrx_word' id='word_1_244' title='bbox 146 2620 148 2625; x_wconf 73' lang='grc'><strong><em>·</em></strong></span> <span class='ocrx_word' id='word_1_245' title='bbox 180 2596 289 2671; x_wconf 83' lang='grc' dir='ltr'><em>κὶστον</em></span> <span class='ocrx_word' id='word_1_246' title='bbox 309 2606 313 2689; x_wconf 93' lang='grc' dir='ltr'>Ι</span> <span class='ocrx_word' id='word_1_247' title='bbox 333 2606 431 2691; x_wconf 83' lang='grc' dir='ltr'><em>ἀνδρα</em></span> <span class='ocrx_word' id='word_1_248' title='bbox 453 2603 549 2693; x_wconf 90' lang='grc' dir='ltr'><em>φέρω,</em></span> <span class='ocrx_word' id='word_1_249' title='bbox 573 2604 628 2671; x_wconf 87' lang='grc' dir='ltr'><strong>και1</strong></span> <span class='ocrx_word' id='word_1_250' title='bbox 648 2629 707 2691; x_wconf 91' lang='grc' dir='ltr'><strong>μοι</strong></span> <span class='ocrx_word' id='word_1_251' title='bbox 728 2600 816 2671; x_wconf 73' lang='grc' dir='ltr'><em>τοῦτ’</em></span> <span class='ocrx_word' id='word_1_252' title='bbox 831 2606 1054 2692; x_wconf 84' lang='grc' dir='ltr'><em>ἀνιηρότατον·</em></span> <span class='ocrx_word' id='word_1_253' title='bbox 1075 2604 1079 2688; x_wconf 72' lang='lat' dir='ltr'><strong>l</strong></span> <span class='ocrx_word' id='word_1_254' title='bbox 1099 2603 1237 2668; x_wconf 81' lang='grc' dir='ltr'><em>πολλάκι</em></span> <span class='ocrx_word' id='word_1_255' title='bbox 1260 2599 1289 2668; x_wconf 77' lang='grc' dir='ltr'><strong>δ’</strong></span> <span class='ocrx_word' id='word_1_256' title='bbox 1304 2601 1465 2691; x_wconf 71' lang='grc' dir='ltr'><em>ἡμέλλησα</em></span> <span class='ocrx_word' id='word_1_257' title='bbox 1488 2605 1580 2686; x_wconf 92' lang='grc' dir='ltr'><em>διαρ-</em></span> 
     </span>
     <span class='ocr_line' id='line_1_24' title="bbox 181 2705 1578 2799; baseline -0.005 -22"><span class='ocrx_word' id='word_1_258' title='bbox 181 2710 302 2799; x_wconf 76' lang='grc' dir='ltr'><em>ρήξασα</em></span> <span class='ocrx_word' id='word_1_259' title='bbox 324 2712 453 2793; x_wconf 87' lang='grc' dir='ltr'><em>χαλινόν</em></span> <span class='ocrx_word' id='word_1_260' title='bbox 472 2710 476 2796; x_wconf 72' lang='lat' dir='ltr'><strong>l</strong></span> <span class='ocrx_word' id='word_1_261' title='bbox 495 2711 608 2797; x_wconf 81' lang='grc' dir='ltr'><em>φεύγεν</em></span> <span class='ocrx_word' id='word_1_262' title='bbox 629 2707 825 2795; x_wconf 78' lang='grc' dir='ltr'><em>ἀπωσαμένη</em></span> <span class='ocrx_word' id='word_1_263' title='bbox 848 2711 905 2773; x_wconf 86' lang='grc' dir='ltr'><strong>τόν</strong></span> <span class='ocrx_word' id='word_1_264' title='bbox 926 2710 1023 2773; x_wconf 89' lang='grc' dir='ltr'><em>κακόν</em></span> <span class='ocrx_word' id='word_1_265' title='bbox 1044 2705 1187 2795; x_wconf 69' lang='grc' dir='ltr'><em>ἡνίοχον,</em></span> <span class='ocrx_word' id='word_1_266' title='bbox 1211 2706 1296 2770; x_wconf 91' lang='lat' dir='ltr'><strong>adde</strong></span> <span class='ocrx_word' id='word_1_267' title='bbox 1322 2706 1402 2770; x_wconf 83' lang='grc'><strong>1251</strong></span> <span class='ocrx_word' id='word_1_268' title='bbox 1428 2717 1460 2770; x_wconf 88' lang='lat' dir='ltr'><strong>et</strong></span> <span class='ocrx_word' id='word_1_269' title='bbox 1483 2706 1578 2771; x_wconf 86' lang='grc'>1266.</span> 
     </span>
     <span class='ocr_line' id='line_1_25' title="bbox 181 2810 1580 2901; baseline -0.002 -21"><span class='ocrx_word' id='word_1_270' title='bbox 181 2853 223 2862; x_wconf 94' lang='lat'><em>-</em></span> <span class='ocrx_word' id='word_1_271' title='bbox 246 2813 461 2900; x_wconf 85' lang='grc' dir='ltr'><em>θαυμάζειν</em></span> <span class='ocrx_word' id='word_1_272' title='bbox 482 2814 628 2898; x_wconf 83' lang='lat' dir='ltr'><strong>Theogn.</strong></span> <span class='ocrx_word' id='word_1_273' title='bbox 650 2814 713 2878; x_wconf 78' lang='lat'><strong>373</strong></span> <span class='ocrx_word' id='word_1_274' title='bbox 742 2820 805 2878; x_wconf 84' lang='grc' dir='ltr'><strong>Ζεῦ</strong></span> <span class='ocrx_word' id='word_1_275' title='bbox 826 2811 909 2901; x_wconf 78' lang='grc' dir='ltr'><em>φίλε,</em></span> <span class='ocrx_word' id='word_1_276' title='bbox 937 2811 1096 2897; x_wconf 86' lang='grc' dir='ltr'><em>θαυμάζω</em></span> <span class='ocrx_word' id='word_1_277' title='bbox 1119 2835 1155 2877; x_wconf 91' lang='grc' dir='ltr'><strong>σε</strong></span> <span class='ocrx_word' id='word_1_278' title='bbox 1186 2820 1219 2874; x_wconf 90' lang='lat' dir='ltr'><strong>et</strong></span> <span class='ocrx_word' id='word_1_279' title='bbox 1241 2810 1319 2875; x_wconf 92' lang='lat' dir='ltr'><strong>ibid.</strong></span> <span class='ocrx_word' id='word_1_280' title='bbox 1346 2811 1405 2873; x_wconf 90' lang='grc'><strong>191</strong></span> <span class='ocrx_word' id='word_1_281' title='bbox 1430 2816 1512 2877; x_wconf 69' lang='grc' dir='ltr'><em>οὕτω</em></span> <span class='ocrx_word' id='word_1_282' title='bbox 1534 2817 1580 2900; x_wconf 80' lang='grc' dir='ltr'><strong>μὴ</strong></span> 
     </span>
    </p>
   </div>
   <div class='ocr_carea' id='block_1_4' title="bbox 181 2914 1581 4362">
    <p class='ocr_par' dir='ltr' id='par_1_4' title="bbox 181 2914 1581 4362">
     <span class='ocr_line' id='line_1_26' title="bbox 182 2914 1581 3004; baseline -0.005 -19"><span class='ocrx_word' id='word_1_283' title='bbox 182 2919 328 3004; x_wconf 84' lang='grc' dir='ltr'><em>θαύμαζε</em></span> <span class='ocrx_word' id='word_1_284' title='bbox 351 2942 415 2984; x_wconf 92' lang='lat' dir='ltr'><strong>non</strong></span> <span class='ocrx_word' id='word_1_285' title='bbox 444 2920 575 2983; x_wconf 90' lang='lat' dir='ltr'><strong>laudem</strong></span> <span class='ocrx_word' id='word_1_286' title='bbox 600 2920 751 3003; x_wconf 84' lang='lat' dir='ltr'><strong>eontinet,</strong></span> <span class='ocrx_word' id='word_1_287' title='bbox 782 2928 818 2982; x_wconf 91' lang='lat' dir='ltr'><strong>ut</strong></span> <span class='ocrx_word' id='word_1_288' title='bbox 849 2939 977 3003; x_wconf 90' lang='lat' dir='ltr'><strong>semper</strong></span> <span class='ocrx_word' id='word_1_289' title='bbox 999 2916 1086 3002; x_wconf 87' lang='lat' dir='ltr'><strong>apud</strong></span> <span class='ocrx_word' id='word_1_290' title='bbox 1116 2917 1305 2999; x_wconf 82' lang='lat' dir='ltr'><strong>Homerum,</strong></span> <span class='ocrx_word' id='word_1_291' title='bbox 1337 2914 1395 2979; x_wconf 87' lang='lat' dir='ltr'><strong>sed</strong></span> <span class='ocrx_word' id='word_1_292' title='bbox 1417 2916 1581 3001; x_wconf 90' lang='lat' dir='ltr'><strong>vitupera-</strong></span> 
     </span>
     <span class='ocr_line' id='line_1_27' title="bbox 181 3020 1580 3110; baseline -0.004 -23"><span class='ocrx_word' id='word_1_293' title='bbox 181 3024 301 3088; x_wconf 89' lang='lat' dir='ltr'><strong>tionem</strong></span> <span class='ocrx_word' id='word_1_294' title='bbox 331 3023 415 3108; x_wconf 86' lang='lat' dir='ltr'><strong>(siob</strong></span> <span class='ocrx_word' id='word_1_295' title='bbox 438 3022 684 3110; x_wconf 83' lang='lat' dir='ltr'><strong>verwundern),</strong></span> <span class='ocrx_word' id='word_1_296' title='bbox 716 3045 857 3108; x_wconf 81' lang='lat' dir='ltr'><strong>quocum</strong></span> <span class='ocrx_word' id='word_1_297' title='bbox 887 3045 949 3085; x_wconf 88' lang='lat' dir='ltr'><strong>usu</strong></span> <span class='ocrx_word' id='word_1_298' title='bbox 978 3021 1058 3085; x_wconf 92' lang='lat' dir='ltr'><strong>ibid.</strong></span> <span class='ocrx_word' id='word_1_299' title='bbox 1082 3020 1124 3084; x_wconf 78' lang='grc'><strong>26</strong></span> <span class='ocrx_word' id='word_1_300' title='bbox 1154 3021 1246 3086; x_wconf 78' lang='grc' dir='ltr'><em>οὐδὲν</em></span> <span class='ocrx_word' id='word_1_301' title='bbox 1277 3021 1465 3103; x_wconf 85' lang='grc' dir='ltr'><em>θαυμαστόν</em></span> <span class='ocrx_word' id='word_1_302' title='bbox 1495 3041 1580 3082; x_wconf 87' lang='lat' dir='ltr'><strong>eom-</strong></span> 
     </span>
     <span class='ocr_line' id='line_1_28' title="bbox 181 3121 1581 3214; baseline -0.003 -22"><span class='ocrx_word' id='word_1_303' title='bbox 181 3151 286 3214; x_wconf 89' lang='lat' dir='ltr'><strong>pares.</strong></span> <span class='ocrx_word' id='word_1_304' title='bbox 310 3166 352 3175; x_wconf 90' lang='lat'><strong>-—</strong></span> <span class='ocrx_word' id='word_1_305' title='bbox 376 3126 552 3212; x_wconf 84' lang='grc' dir='ltr'><em>θέμεθλα</em></span> <span class='ocrx_word' id='word_1_306' title='bbox 576 3128 845 3208; x_wconf 73' lang='lat' dir='ltr'><strong>‘fundamentum⁷</strong></span> <span class='ocrx_word' id='word_1_307' title='bbox 869 3149 945 3211; x_wconf 89' lang='lat' dir='ltr'><strong>pars</strong></span> <span class='ocrx_word' id='word_1_308' title='bbox 967 3125 1040 3191; x_wconf 87' lang='lat' dir='ltr'><strong>ima&#39;</strong></span> <span class='ocrx_word' id='word_1_309' title='bbox 1065 3124 1128 3188; x_wconf 85' lang='lat' dir='ltr'><strong>Sol.</strong></span> <span class='ocrx_word' id='word_1_310' title='bbox 1152 3123 1243 3206; x_wconf 84' lang='lat'><strong>4,14</strong></span> <span class='ocrx_word' id='word_1_311' title='bbox 1264 3121 1338 3189; x_wconf 81' lang='grc' dir='ltr'><em>οὐδὲ</em></span> <span class='ocrx_word' id='word_1_312' title='bbox 1360 3124 1581 3210; x_wconf 85' lang='grc' dir='ltr'><em>φυλάσσονται</em></span> 
     </span>
     <span class='ocr_line' id='line_1_29' title="bbox 181 3226 1580 3321; baseline -0.006 -22"><span class='ocrx_word' id='word_1_313' title='bbox 181 3239 280 3318; x_wconf 85' lang='grc' dir='ltr'><em>σεμνά</em></span> <span class='ocrx_word' id='word_1_314' title='bbox 296 3231 447 3317; x_wconf 86' lang='grc' dir='ltr'><em>θέμεθλα</em></span> <span class='ocrx_word' id='word_1_315' title='bbox 465 3231 561 3321; x_wconf 81' lang='grc' dir='ltr'><strong><em>Δίκης</em></strong></span> <span class='ocrx_word' id='word_1_316' title='bbox 582 3233 669 3296; x_wconf 90' lang='lat' dir='ltr'><strong>idem</strong></span> <span class='ocrx_word' id='word_1_317' title='bbox 685 3231 772 3297; x_wconf 87' lang='lat' dir='ltr'><strong>valet</strong></span> <span class='ocrx_word' id='word_1_318' title='bbox 791 3242 889 3316; x_wconf 89' lang='lat' dir='ltr'><strong>atque</strong></span> <span class='ocrx_word' id='word_1_319' title='bbox 906 3228 1035 3315; x_wconf 84' lang='grc' dir='ltr'><em>θεσμοό,</em></span> <span class='ocrx_word' id='word_1_320' title='bbox 1059 3229 1146 3313; x_wconf 91' lang='lat' dir='ltr'><strong>quod</strong></span> <span class='ocrx_word' id='word_1_321' title='bbox 1163 3227 1227 3293; x_wconf 88' lang='lat' dir='ltr'><strong>Sol.</strong></span> <span class='ocrx_word' id='word_1_322' title='bbox 1244 3228 1296 3306; x_wconf 86' lang='grc'><strong>36,</strong></span> <span class='ocrx_word' id='word_1_323' title='bbox 1315 3228 1355 3291; x_wconf 95' lang='grc'><strong>16</strong></span> <span class='ocrx_word' id='word_1_324' title='bbox 1371 3249 1440 3313; x_wconf 93' lang='lat' dir='ltr'><strong>sqq.</strong></span> <span class='ocrx_word' id='word_1_325' title='bbox 1465 3226 1580 3313; x_wconf 85' lang='lat' dir='ltr'><strong>(trim.)</strong></span> 
     </span>
     <span class='ocr_line' id='line_1_30' title="bbox 181 3329 1581 3425; baseline -0.006 -22"><span class='ocrx_word' id='word_1_326' title='bbox 181 3342 323 3422; x_wconf 81' lang='grc' dir='ltr'><em>θεσμοὺς</em></span> <span class='ocrx_word' id='word_1_327' title='bbox 351 3333 381 3403; x_wconf 72' lang='grc' dir='ltr'><strong>δ’</strong></span> <span class='ocrx_word' id='word_1_328' title='bbox 397 3334 525 3420; x_wconf 84' lang='grc' dir='ltr'><em>όμοίοος</em></span> <span class='ocrx_word' id='word_1_329' title='bbox 546 3348 592 3425; x_wconf 76' lang='grc' dir='ltr'><em>τῷ</em></span> <span class='ocrx_word' id='word_1_330' title='bbox 622 3345 707 3423; x_wconf 79' lang='grc' dir='ltr'><em>κακῷ</em></span> <span class='ocrx_word' id='word_1_331' title='bbox 737 3361 772 3401; x_wconf 90' lang='grc' dir='ltr'><strong>τε</strong></span> <span class='ocrx_word' id='word_1_332' title='bbox 801 3340 936 3423; x_wconf 76' lang='grc' dir='ltr'><em>κάγαθῷ</em></span> <span class='ocrx_word' id='word_1_333' title='bbox 957 3334 989 3419; x_wconf 75' lang='lat' dir='ltr'><strong>l.</strong></span> <span class='ocrx_word' id='word_1_334' title='bbox 1016 3385 1023 3400; x_wconf 92' lang='lat'><strong>.</strong></span> <span class='ocrx_word' id='word_1_335' title='bbox 1049 3386 1055 3399; x_wconf 97' lang='lat'><strong>.</strong></span> <span class='ocrx_word' id='word_1_336' title='bbox 1077 3334 1081 3418; x_wconf 78' lang='lat' dir='ltr'><strong>l</strong></span> <span class='ocrx_word' id='word_1_337' title='bbox 1102 3329 1227 3419; x_wconf 76' lang='grc' dir='ltr'><em>ἔγραψα</em></span> <span class='ocrx_word' id='word_1_338' title='bbox 1250 3333 1377 3416; x_wconf 84' lang='lat' dir='ltr'><strong>legitur,</strong></span> <span class='ocrx_word' id='word_1_339' title='bbox 1401 3332 1459 3395; x_wconf 91' lang='lat' dir='ltr'><strong>sed</strong></span> <span class='ocrx_word' id='word_1_340' title='bbox 1482 3354 1581 3396; x_wconf 92' lang='lat' dir='ltr'><strong>sensu</strong></span> 
     </span>
     <span class='ocr_line' id='line_1_31' title="bbox 182 3435 1580 3529; baseline -0.003 -25"><span class='ocrx_word' id='word_1_341' title='bbox 182 3442 242 3505; x_wconf 91' lang='lat' dir='ltr'><strong>alio</strong></span> <span class='ocrx_word' id='word_1_342' title='bbox 266 3450 364 3526; x_wconf 86' lang='lat' dir='ltr'><strong>atque</strong></span> <span class='ocrx_word' id='word_1_343' title='bbox 387 3440 475 3525; x_wconf 91' lang='lat' dir='ltr'><strong>apud</strong></span> <span class='ocrx_word' id='word_1_344' title='bbox 504 3440 684 3505; x_wconf 89' lang='lat' dir='ltr'><strong>Homerum</strong></span> <span class='ocrx_word' id='word_1_345' title='bbox 705 3452 735 3529; x_wconf 81' lang='grc' dir='ltr'><em>ψ</em></span> <span class='ocrx_word' id='word_1_346' title='bbox 758 3440 821 3503; x_wconf 87' lang='grc'><strong>296</strong></span> <span class='ocrx_word' id='word_1_347' title='bbox 853 3438 946 3524; x_wconf 82' lang='lat' dir='ltr'><strong>(alibi</strong></span> <span class='ocrx_word' id='word_1_348' title='bbox 968 3461 1032 3502; x_wconf 92' lang='lat' dir='ltr'><strong>non</strong></span> <span class='ocrx_word' id='word_1_349' title='bbox 1055 3438 1160 3523; x_wconf 86' lang='lat' dir='ltr'><strong>extat)</strong></span> <span class='ocrx_word' id='word_1_350' title='bbox 1190 3435 1334 3522; x_wconf 85' lang='grc' dir='ltr'><em>λέκτροιο</em></span> <span class='ocrx_word' id='word_1_351' title='bbox 1357 3437 1497 3502; x_wconf 81' lang='grc' dir='ltr'><em>παλαιοῦ</em></span> <span class='ocrx_word' id='word_1_352' title='bbox 1519 3440 1580 3501; x_wconf 89' lang='grc' dir='ltr'><strong>θε-</strong></span> 
     </span>
     <span class='ocr_line' id='line_1_32' title="bbox 182 3541 1581 3633; baseline -0.006 -23"><span class='ocrx_word' id='word_1_353' title='bbox 182 3549 262 3630; x_wconf 86' lang='grc' dir='ltr'><em>σμόν</em></span> <span class='ocrx_word' id='word_1_354' title='bbox 276 3546 394 3611; x_wconf 76' lang='grc' dir='ltr'><em>ἵκοντο.</em></span> <span class='ocrx_word' id='word_1_355' title='bbox 417 3582 459 3592; x_wconf 82' lang='lat'><strong>—-</strong></span> <span class='ocrx_word' id='word_1_356' title='bbox 483 3549 590 3633; x_wconf 75' lang='grc' dir='ltr'><em>θυμῷ</em></span> <span class='ocrx_word' id='word_1_357' title='bbox 613 3544 774 3630; x_wconf 74' lang='lat' dir='ltr'><strong>Tyrtro,</strong></span> <span class='ocrx_word' id='word_1_358' title='bbox 794 3545 834 3608; x_wconf 89' lang='grc'><strong>13</strong></span> <span class='ocrx_word' id='word_1_359' title='bbox 855 3549 950 3630; x_wconf 83' lang='grc' dir='ltr'><em>θτμῷ</em></span> <span class='ocrx_word' id='word_1_360' title='bbox 967 3594 974 3608; x_wconf 93' lang='grc'><strong>.</strong></span> <span class='ocrx_word' id='word_1_361' title='bbox 993 3593 999 3605; x_wconf 92' lang='grc'><strong>.</strong></span> <span class='ocrx_word' id='word_1_362' title='bbox 1018 3594 1025 3607; x_wconf 94' lang='grc'><strong>.</strong></span> <span class='ocrx_word' id='word_1_363' title='bbox 1041 3546 1223 3626; x_wconf 85' lang='grc' dir='ltr'><em>μαχώμεθα</em></span> <span class='ocrx_word' id='word_1_364' title='bbox 1246 3541 1383 3606; x_wconf 88' lang='lat' dir='ltr'><strong>adverbi</strong></span> <span class='ocrx_word' id='word_1_365' title='bbox 1406 3543 1508 3604; x_wconf 88' lang='lat' dir='ltr'><strong>instar</strong></span> <span class='ocrx_word' id='word_1_366' title='bbox 1530 3550 1581 3603; x_wconf 88' lang='lat' dir='ltr'><strong>est</strong></span> 
     </span>
     <span class='ocr_line' id='line_1_33' title="bbox 182 3588 1581 3737; baseline -0.003 -25"><span class='ocrx_word' id='word_1_367' title='bbox 182 3649 350 3737; x_wconf 77' lang='lat' dir='ltr'><strong>(fortiter)3</strong></span> <span class='ocrx_word' id='word_1_368' title='bbox 376 3672 514 3734; x_wconf 82' lang='lat' dir='ltr'><strong>quocum</strong></span> <span class='ocrx_word' id='word_1_369' title='bbox 537 3650 607 3714; x_wconf 87' lang='lat' dir='ltr'><strong>loeo</strong></span> <span class='ocrx_word' id='word_1_370' title='bbox 632 3649 672 3713; x_wconf 85' lang='lat' dir='ltr'><strong>ef.</strong></span> <span class='ocrx_word' id='word_1_371' title='bbox 690 3650 840 3733; x_wconf 88' lang='lat' dir='ltr'><strong>Xenoph.</strong></span> <span class='ocrx_word' id='word_1_372' title='bbox 858 3647 934 3732; x_wconf 81' lang='lat' dir='ltr'><strong>Oyr.</strong></span> <span class='ocrx_word' id='word_1_373' title='bbox 951 3649 1024 3712; x_wconf 88' lang='lat' dir='ltr'><strong>inst.</strong></span> <span class='ocrx_word' id='word_1_374' title='bbox 1041 3646 1110 3710; x_wconf 92' lang='grc' dir='ltr'><strong>ΙΙΠ</strong></span> <span class='ocrx_word' id='word_1_375' title='bbox 1132 3646 1162 3731; x_wconf 93' lang='grc'><strong>2,</strong></span> <span class='ocrx_word' id='word_1_376' title='bbox 1184 3588 1249 3710; x_wconf 60' lang='grc'><strong>26.</strong></span> <span class='ocrx_word' id='word_1_377' title='bbox 1268 3697 1274 3709; x_wconf 94' lang='grc'><em>.</em></span> <span class='ocrx_word' id='word_1_378' title='bbox 1293 3646 1393 3731; x_wconf 78' lang='grc' dir='ltr'><em>ἰ’ωμεν</em></span> <span class='ocrx_word' id='word_1_379' title='bbox 1415 3648 1503 3734; x_wconf 75' lang='grc' dir='ltr'><em>ῥώμῃ</em></span> <span class='ocrx_word' id='word_1_380' title='bbox 1524 3643 1581 3709; x_wconf 78' lang='grc' dir='ltr'><strong>καὶ</strong></span> 
     </span>
     <span class='ocr_line' id='line_1_34' title="bbox 182 3749 1580 3843; baseline -0.006 -24"><span class='ocrx_word' id='word_1_381' title='bbox 182 3758 277 3843; x_wconf 81' lang='grc' dir='ltr'><em>θυμῷ</em></span> <span class='ocrx_word' id='word_1_382' title='bbox 299 3752 357 3819; x_wconf 79' lang='grc' dir='ltr'><strong>ἐπὶ</strong></span> <span class='ocrx_word' id='word_1_383' title='bbox 371 3760 445 3834; x_wconf 82' lang='grc' dir='ltr'><em>τοὺς</em></span> <span class='ocrx_word' id='word_1_384' title='bbox 466 3752 647 3838; x_wconf 79' lang='grc' dir='ltr'><em>πολεμίους.</em></span> <span class='ocrx_word' id='word_1_385' title='bbox 663 3792 706 3803; x_wconf 88' lang='lat'><strong>—-</strong></span> <span class='ocrx_word' id='word_1_386' title='bbox 729 3755 945 3840; x_wconf 82' lang='grc' dir='ltr'><em>θωρήσσειν</em></span> <span class='ocrx_word' id='word_1_387' title='bbox 962 3751 1046 3837; x_wconf 75' lang='grc' dir='ltr'><em>(Κ),</em></span> <span class='ocrx_word' id='word_1_388' title='bbox 1070 3749 1158 3836; x_wconf 90' lang='lat' dir='ltr'><strong>apud</strong></span> <span class='ocrx_word' id='word_1_389' title='bbox 1173 3750 1397 3835; x_wconf 85' lang='lat' dir='ltr'><strong>Theognidem</strong></span> <span class='ocrx_word' id='word_1_390' title='bbox 1420 3749 1507 3814; x_wconf 88' lang='lat' dir='ltr'><strong>idem</strong></span> <span class='ocrx_word' id='word_1_391' title='bbox 1529 3759 1580 3812; x_wconf 90' lang='lat' dir='ltr'><strong>est</strong></span> 
     </span>
     <span class='ocr_line' id='line_1_35' title="bbox 183 3853 1580 3943; baseline -0.003 -22"><span class='ocrx_word' id='word_1_392' title='bbox 183 3858 269 3942; x_wconf 92' lang='lat' dir='ltr'><strong>quod</strong></span> <span class='ocrx_word' id='word_1_393' title='bbox 281 3862 465 3941; x_wconf 79' lang='grc' dir='ltr'><em>μεθύσκειν,</em></span> <span class='ocrx_word' id='word_1_394' title='bbox 483 3879 547 3942; x_wconf 92' lang='lat' dir='ltr'><strong>qua</strong></span> <span class='ocrx_word' id='word_1_395' title='bbox 558 3860 592 3921; x_wconf 80' lang='lat' dir='ltr'><strong>vi</strong></span> <span class='ocrx_word' id='word_1_396' title='bbox 605 3857 705 3921; x_wconf 92' lang='lat' dir='ltr'><strong>semel</strong></span> <span class='ocrx_word' id='word_1_397' title='bbox 717 3857 805 3943; x_wconf 91' lang='lat' dir='ltr'><strong>apud</strong></span> <span class='ocrx_word' id='word_1_398' title='bbox 816 3856 994 3920; x_wconf 92' lang='lat' dir='ltr'><strong>Pindarum</strong></span> <span class='ocrx_word' id='word_1_399' title='bbox 1006 3856 1059 3941; x_wconf 90' lang='lat' dir='ltr'><strong>(fr.</strong></span> <span class='ocrx_word' id='word_1_400' title='bbox 1077 3853 1142 3941; x_wconf 82' lang='grc'>72),</span> <span class='ocrx_word' id='word_1_401' title='bbox 1156 3864 1270 3939; x_wconf 87' lang='lat' dir='ltr'><strong>postea</strong></span> <span class='ocrx_word' id='word_1_402' title='bbox 1282 3876 1388 3939; x_wconf 79' lang='lat' dir='ltr'><strong>saepe,</strong></span> <span class='ocrx_word' id='word_1_403' title='bbox 1402 3864 1496 3918; x_wconf 87' lang='lat' dir='ltr'><strong>antea</strong></span> <span class='ocrx_word' id='word_1_404' title='bbox 1506 3876 1580 3917; x_wconf 91' lang='lat' dir='ltr'><strong>nus-</strong></span> 
     </span>
     <span class='ocr_line' id='line_1_36' title="bbox 182 3958 1577 4048; baseline -0.003 -23"><span class='ocrx_word' id='word_1_405' title='bbox 182 3985 280 4048; x_wconf 89' lang='lat' dir='ltr'><strong>quam</strong></span> <span class='ocrx_word' id='word_1_406' title='bbox 290 3964 485 4027; x_wconf 86' lang='lat' dir='ltr'><strong>instruetum</strong></span> <span class='ocrx_word' id='word_1_407' title='bbox 501 3972 558 4027; x_wconf 88' lang='lat' dir='ltr'><strong>est.</strong></span> <span class='ocrx_word' id='word_1_408' title='bbox 582 3973 618 4026; x_wconf 91' lang='lat' dir='ltr'><strong>ut</strong></span> <span class='ocrx_word' id='word_1_409' title='bbox 629 3962 793 4048; x_wconf 87' lang='lat' dir='ltr'><strong>proferam</strong></span> <span class='ocrx_word' id='word_1_410' title='bbox 805 3961 1001 4046; x_wconf 87' lang='lat' dir='ltr'><strong>exemplum,</strong></span> <span class='ocrx_word' id='word_1_411' title='bbox 1014 3959 1248 4046; x_wconf 88' lang='lat' dir='ltr'><strong>Aristophanes</strong></span> <span class='ocrx_word' id='word_1_412' title='bbox 1261 3958 1404 4023; x_wconf 83' lang='lat' dir='ltr'><strong>Acbarn.</strong></span> <span class='ocrx_word' id='word_1_413' title='bbox 1416 3958 1499 4022; x_wconf 83' lang='grc'><strong>1132</strong></span> <span class='ocrx_word' id='word_1_414' title='bbox 1508 3978 1577 4042; x_wconf 91' lang='lat' dir='ltr'><strong>sqq.</strong></span> 
     </span>
     <span class='ocr_line' id='line_1_37' title="bbox 183 4061 1580 4153; baseline -0.004 -23"><span class='ocrx_word' id='word_1_415' title='bbox 183 4066 304 4153; x_wconf 81' lang='lat' dir='ltr'><strong>duplici</strong></span> <span class='ocrx_word' id='word_1_416' title='bbox 318 4068 408 4131; x_wconf 80' lang='lat' dir='ltr'><strong>vocis</strong></span> <span class='ocrx_word' id='word_1_417' title='bbox 432 4068 499 4130; x_wconf 91' lang='lat' dir='ltr'><strong>eius</strong></span> <span class='ocrx_word' id='word_1_418' title='bbox 515 4069 549 4130; x_wconf 86' lang='lat' dir='ltr'><strong>vi</strong></span> <span class='ocrx_word' id='word_1_419' title='bbox 566 4088 607 4130; x_wconf 89' lang='lat' dir='ltr'><strong>ex</strong></span> <span class='ocrx_word' id='word_1_420' title='bbox 624 4067 744 4152; x_wconf 82' lang='lat' dir='ltr'><strong>duplici</strong></span> <span class='ocrx_word' id='word_1_421' title='bbox 764 4068 894 4130; x_wconf 91' lang='lat' dir='ltr'><strong>notione</strong></span> <span class='ocrx_word' id='word_1_422' title='bbox 909 4065 1103 4129; x_wconf 88' lang='lat' dir='ltr'><strong>substantivi</strong></span> <span class='ocrx_word' id='word_1_423' title='bbox 1117 4062 1231 4150; x_wconf 87' lang='grc' dir='ltr'><em>θώραξ</em></span> <span class='ocrx_word' id='word_1_424' title='bbox 1238 4063 1261 4149; x_wconf 79' lang='lat'><strong>1)</strong></span> <span class='ocrx_word' id='word_1_425' title='bbox 1286 4062 1482 4148; x_wconf 81' lang='lat' dir='ltr'><strong>explicanda</strong></span> <span class='ocrx_word' id='word_1_426' title='bbox 1497 4061 1580 4126; x_wconf 87' lang='lat' dir='ltr'><strong>ludit</strong></span> 
     </span>
     <span class='ocr_line' id='line_1_38' title="bbox 182 4163 1576 4260; baseline -0.002 -26"><span class='ocrx_word' id='word_1_427' title='bbox 182 4171 308 4235; x_wconf 85' lang='lat' dir='ltr'><strong>dicens:</strong></span> <span class='ocrx_word' id='word_1_428' title='bbox 339 4172 432 4234; x_wconf 91' lang='lat' dir='ltr'><strong>Lam.</strong></span> <span class='ocrx_word' id='word_1_429' title='bbox 457 4170 532 4260; x_wconf 89' lang='grc' dir='ltr'><em>φέρε</em></span> <span class='ocrx_word' id='word_1_430' title='bbox 556 4172 658 4257; x_wconf 83' lang='grc' dir='ltr'><em>δεῦρο,</em></span> <span class='ocrx_word' id='word_1_431' title='bbox 682 4177 753 4252; x_wconf 86' lang='grc' dir='ltr'><em>παῖ,</em></span> <span class='ocrx_word' id='word_1_432' title='bbox 777 4171 913 4254; x_wconf 89' lang='grc' dir='ltr'><em>θώρακα</em></span> <span class='ocrx_word' id='word_1_433' title='bbox 935 4170 1193 4257; x_wconf 80' lang='grc' dir='ltr'><em>πολεμιστήριον.</em></span> <span class='ocrx_word' id='word_1_434' title='bbox 1229 4168 1233 4251; x_wconf 89' lang='grc' dir='ltr'>Ι</span> <span class='ocrx_word' id='word_1_435' title='bbox 1268 4167 1344 4231; x_wconf 89' lang='lat' dir='ltr'><strong>Dio.</strong></span> <span class='ocrx_word' id='word_1_436' title='bbox 1368 4163 1481 4253; x_wconf 69' lang='grc' dir='ltr'><em>ἔξαιρε,</em></span> <span class='ocrx_word' id='word_1_437' title='bbox 1504 4172 1576 4249; x_wconf 89' lang='grc' dir='ltr'><em>παῖ,</em></span> 
     </span>
     <span class='ocr_line' id='line_1_39' title="bbox 181 4269 1576 4362; baseline -0.005 -20"><span class='ocrx_word' id='word_1_438' title='bbox 181 4281 317 4362; x_wconf 88' lang='grc' dir='ltr'><em>θώρακα</em></span> <span class='ocrx_word' id='word_1_439' title='bbox 339 4273 437 4360; x_wconf 77' lang='grc' dir='ltr'><em>κάμοὶ</em></span> <span class='ocrx_word' id='word_1_440' title='bbox 458 4279 514 4340; x_wconf 88' lang='grc' dir='ltr'><strong>τόν</strong></span> <span class='ocrx_word' id='word_1_441' title='bbox 535 4278 605 4357; x_wconf 88' lang='grc' dir='ltr'><em>χόα.</em></span> <span class='ocrx_word' id='word_1_442' title='bbox 641 4282 644 4358; x_wconf 76' lang='lat' dir='ltr'><strong>l</strong></span> <span class='ocrx_word' id='word_1_443' title='bbox 681 4274 773 4339; x_wconf 86' lang='lat' dir='ltr'><strong>Lam.</strong></span> <span class='ocrx_word' id='word_1_444' title='bbox 797 4275 831 4339; x_wconf 83' lang='grc' dir='ltr'><em>έν</em></span> <span class='ocrx_word' id='word_1_445' title='bbox 853 4274 937 4361; x_wconf 79' lang='grc' dir='ltr'><em>τῷδε</em></span> <span class='ocrx_word' id='word_1_446' title='bbox 961 4276 1041 4356; x_wconf 84' lang='grc' dir='ltr'><em>πρὸς</em></span> <span class='ocrx_word' id='word_1_447' title='bbox 1062 4278 1136 4350; x_wconf 82' lang='grc' dir='ltr'><em>τοὺς</em></span> <span class='ocrx_word' id='word_1_448' title='bbox 1157 4269 1333 4356; x_wconf 78' lang='grc' dir='ltr'><em>πολεμίους</em></span> <span class='ocrx_word' id='word_1_449' title='bbox 1354 4269 1576 4360; x_wconf 79' lang='grc' dir='ltr'><em>θωρήξομαιΙ</em></span> 
     </span>
    </p>
   </div>
   <div class='ocr_carea' id='block_1_5' title="bbox 182 4506 1581 4690">
    <p class='ocr_par' dir='ltr' id='par_1_5' title="bbox 182 4506 1581 4690">
     <span class='ocr_line' id='line_1_40' title="bbox 288 4506 1581 4587; baseline -0.005 -15"><span class='ocrx_word' id='word_1_450' title='bbox 288 4523 305 4587; x_wconf 80' lang='lat'><strong>¹)</strong></span> <span class='ocrx_word' id='word_1_451' title='bbox 327 4522 367 4573; x_wconf 78' lang='lat' dir='ltr'><strong>cf.</strong></span> <span class='ocrx_word' id='word_1_452' title='bbox 385 4522 475 4586; x_wconf 83' lang='lat' dir='ltr'><strong>Etym.</strong></span> <span class='ocrx_word' id='word_1_453' title='bbox 493 4522 583 4587; x_wconf 84' lang='lat' dir='ltr'><strong>Magn.</strong></span> <span class='ocrx_word' id='word_1_454' title='bbox 603 4523 663 4583; x_wconf 86' lang='grc'><strong>460,</strong></span> <span class='ocrx_word' id='word_1_455' title='bbox 681 4522 713 4569; x_wconf 83' lang='grc'><strong>36</strong></span> <span class='ocrx_word' id='word_1_456' title='bbox 727 4536 783 4586; x_wconf 88' lang='lat' dir='ltr'><strong>sqq.</strong></span> <span class='ocrx_word' id='word_1_457' title='bbox 807 4520 853 4569; x_wconf 80' lang='grc' dir='ltr'><strong>καὶ</strong></span> <span class='ocrx_word' id='word_1_458' title='bbox 871 4516 964 4587; x_wconf 81' lang='grc' dir='ltr'><em>θώραξ</em></span> <span class='ocrx_word' id='word_1_459' title='bbox 989 4515 1144 4571; x_wconf 82' lang='grc' dir='ltr'><em>δδεκτικδς</em></span> <span class='ocrx_word' id='word_1_460' title='bbox 1161 4523 1207 4580; x_wconf 77' lang='grc' dir='ltr'><em>τῆς</em></span> <span class='ocrx_word' id='word_1_461' title='bbox 1225 4521 1330 4584; x_wconf 86' lang='grc' dir='ltr'><em>τροφῆς</em></span> <span class='ocrx_word' id='word_1_462' title='bbox 1348 4516 1441 4571; x_wconf 83' lang='grc' dir='ltr'><em>τόπος·</em></span> <span class='ocrx_word' id='word_1_463' title='bbox 1476 4514 1525 4583; x_wconf 69' lang='grc' dir='ltr'><strong>ἀφ’</strong></span> <span class='ocrx_word' id='word_1_464' title='bbox 1546 4506 1581 4566; x_wconf 77' lang='grc' dir='ltr'><strong>οὗ</strong></span> 
     </span>
     <span class='ocr_line' id='line_1_41' title="bbox 182 4606 1377 4690; baseline -0.006 -31"><span class='ocrx_word' id='word_1_465' title='bbox 182 4611 276 4661; x_wconf 78' lang='grc' dir='ltr'><em>καὶτὸ</em></span> <span class='ocrx_word' id='word_1_466' title='bbox 295 4610 488 4676; x_wconf 77' lang='grc' dir='ltr'><em>ἐμπίπλασθαι</em></span> <span class='ocrx_word' id='word_1_467' title='bbox 506 4610 583 4659; x_wconf 80' lang='grc' dir='ltr'><em>οἴνου</em></span> <span class='ocrx_word' id='word_1_468' title='bbox 602 4612 785 4676; x_wconf 89' lang='grc' dir='ltr'><em>θωράσασθαι</em></span> <span class='ocrx_word' id='word_1_469' title='bbox 804 4606 925 4687; x_wconf 84' lang='lat' dir='ltr'><strong>(Boeekh</strong></span> <span class='ocrx_word' id='word_1_470' title='bbox 944 4611 1019 4654; x_wconf 87' lang='lat' dir='ltr'><strong>reete</strong></span> <span class='ocrx_word' id='word_1_471' title='bbox 1037 4607 1241 4690; x_wconf 84' lang='grc' dir='ltr'><em>θωράσσεσθαι)</em></span> <span class='ocrx_word' id='word_1_472' title='bbox 1261 4606 1377 4670; x_wconf 77' lang='grc' dir='ltr'><em>λέγεται.</em></span> 
     </span>
    </p>
   </div>
   <div class='ocr_carea' id='block_1_6' title="bbox 0 0 1701 5067">
    <p class='ocr_par' dir='ltr' id='par_1_6' title="bbox 0 0 1701 5067">
     <span class='ocr_line' id='line_1_42' title="bbox 0 0 1701 5067; baseline 0 0"><span class='ocrx_word' id='word_1_473' title='bbox 0 0 1701 5067; x_wconf 95' lang='lat' dir='ltr'><strong> </strong></span> 
     </span>
    </p>
   </div>
  </div>
 </body>
</html>
