3392 5067
175 230 237 292 146

170 420 378 504 Kruegerum
401 420 454 484 Di.
479 420 531 502 46,
558 422 585 503 1,
613 422 827 486 Κο01111010111
853 422 874 485 l.
903 445 930 486 e.
964 423 1078 506 fille,
1103 423 1159 486 8a
1194 423 1354 504 conferas,
1388 425 1420 486 in
1456 423 1575 507 elegeis

170 524 295 589 nullum
317 524 504 610 exemplum
525 527 698 610 invenitur,
723 526 911 591 suffixum
932 531 993 592 θεν
1016 537 1124 592 autem
1147 528 1198 594 bis
1221 536 1320 609 extat,
1344 527 1378 591 id
1401 528 1488 613 quod
1511 530 1574 592 iam

170 650 202 713 p.
228 629 292 693 112
315 639 601 694 commemoratum
625 639 681 694 est.

273 734 344 798 Iam
377 736 520 819 genetivi
552 735 794 821 temporalis,
831 736 922 798 cuius
952 756 1029 799 usus
1058 737 1154 799 etiam
1184 735 1272 821 apud
1299 736 1477 800 Homerum
1504 758 1574 820 per-

169 840 284 924 paucis
310 838 389 903 loeis
417 842 608 921 continetur,
636 862 736 904 unum
765 848 856 903 extat
884 838 1070 924 exemplum
1092 840 1192 904 Phoe.
1216 838 1235 902 8
1258 841 1376 919 νυκτός.
1423 840 1481 904 sed
1507 862 1573 903 sae-

169 947 242 1030 pius
264 944 318 1008 hic
341 947 512 1028 genetivus
535 946 581 1009 ita
604 953 789 1030 usurpatur,
812 952 848 1007 ut
871 944 1076 1028 participium
1100 944 1247 1028 accedat,
1271 965 1367 1029 quem
1387 946 1574 1027 genetivum

169 1049 354 1113 absolutum
385 1048 493 1113 dicere
522 1049 670 1114 solemus.
712 1050 801 1112 locos
827 1046 892 1111 huc
918 1050 1116 1133 pertinentes
1145 1050 1263 1133 paucis
1283 1048 1393 1112 verbis
1421 1052 1573 1134 perstrin-

169 1176 246 1237 gere
274 1156 350 1218 satis
373 1162 432 1235 est,
458 1176 542 1238 cum,
573 1154 770 1239 ubicumque
801 1154 972 1237 genetivus
1000 1151 1165 1216 absolutus
1193 1154 1226 1215 in
1253 1151 1372 1236 elegeis
1400 1154 1572 1235 invenitur,

169 1280 298 1345 semper
319 1267 449 1346 tempus
472 1282 511 1323 eo
534 1256 774 1343 significetur,¹)
799 1256 873 1320 dico
896 1255 975 1321 Call.
1000 1258 1028 1332 1,
1051 1257 1101 1338 11,
1126 1256 1189 1321 Sol.
1216 1256 1266 1338 13,
1287 1256 1328 1320 66
1353 1255 1421 1343 (vv.
1443 1258 1573 1321 65-70

169 1365 297 1448 repetiti
320 1370 395 1426 sunt
421 1361 567 1447 Theogn.
590 1361 773 1444 585-500,
800 1361 858 1425 ubi
886 1384 952 1425 non
980 1362 1049 1425 sine
1072 1363 1171 1425 variis
1199 1362 1368 1446 scripturis
1394 1361 1571 1449 leguntur),

169 1467 247 1530 ibid.
276 1467 327 1550 27,
356 1467 376 1531 5
410 1476 441 1531 et
468 1468 502 1549 6,
534 1466 685 1553 Xenoph.
715 1467 749 1544 6,
777 1466 812 1550 2,
844 1465 944 1530 Phoc.
977 1467 1026 1548 11,
1058 1467 1086 1543 1,
1117 1464 1263 1549 Theogn.
1292 1465 1343 1547 21,
1372 1465 1445 1548 691,
1478 1466 1571 1550 1040,

171 1571 266 1637 1222.
310 1594 420 1636 omnes
450 1581 559 1636 autem
585 1572 658 1653 loci,
687 1572 743 1657 qui
771 1572 835 1635 huo
864 1579 1021 1656 spectant,
1049 1571 1110 1635 hcc
1134 1592 1303 1636 commune
1330 1570 1461 1654 habent,
1485 1573 1573 1658 quod

168 1677 374 1762 participium
396 1698 557 1761 nusquam
580 1685 629 1739 est
651 1676 770 1760 aoristi,
795 1676 853 1740 sed
877 1697 1006 1761 semper
1028 1677 1218 1761 praesentis,
1243 1676 1330 1761 quod
1350 1675 1438 1761 apud
1454 1676 1572 1742 Home-

168 1803 240 1845 rum
273 1802 401 1866 quoque
435 1781 535 1845 multo
568 1780 715 1866 pluribus
748 1781 827 1845 locis
858 1782 1023 1844 invenitur
1054 1802 1151 1865 quam
1180 1779 1274 1861 illud;
1310 1780 1351 1845 ef.
1381 1781 1408 1845 I.
1438 1779 1572 1845 Classen

169 1884 458 1967 ‘Beobachtungen
481 1908 538 1948 aus
562 1884 636 1949 dem
659 1884 886 1948 homerisehen
910 1883 1233 1969 Sprachgebrauche’
1256 1907 1311 1969 pp.
1336 1884 1397 1949 180
1406 1906 1486 1971 sqq,
1514 1886 1571 1951 ubi

168 2010 279 2052 omnes
308 2011 422 2052 versus
453 1987 622 2070 homerici,
652 1990 686 2051 in
717 1989 835 2073 quibus
866 1991 1036 2073 genetivus
1067 1988 1233 2054 absolutus
1262 1989 1390 2075 legitur,
1427 1992 1571 2075 congesti

168 2106 252 2156 sunt.
300 2092 341 2156 de
364 2093 499 2177 singulis
521 2102 630 2157 autem
652 2093 731 2156 locis
754 2093 833 2157 nihil
856 2093 944 2157 aliud
968 2092 1286 2159 commemorandum
1309 2102 1358 2157 est
1386 2116 1484 2180 quam
1507 2095 1569 2159 hoc

167 2196 456 2282 Χο1101111.6,2011.
480 2195 535 2263 καί
549 2195 632 2262 ποτέ
646 2223 701 2281 μιν
722 2196 990 2284 στυφελιζομένου
1012 2199 1168 2277 σκύλακος
1188 2199 1346 2284 παριόντα
1366 2198 1370 2285 Ι
1389 2199 1488 2287 φασὶν
1509 2200 1571 2265 έπ-

167 2308 320 2387 οιιτεῖραι
342 2299 398 2366 καὶ
418 2301 493 2367 τόόε
520 2304 651 2388 φάσθαι
677 2298 769 2383 έττος,
801 2324 999 2387 quamquam
1024 2311 1157 2389 propter
1184 2324 1323 2388 sequens
1344 2302 1483 2368 verbum
1509 2306 1570 2369 ἕντ-

167 2406 549 2489 οικτεῖρα100000011100
572 2408 649 2490 poni
671 2408 789 2492 potuit,
812 2417 932 2486 tamen,
955 2428 1018 2492 quo
1041 2408 1144 2491 magis
1167 2428 1219 2471 res
1242 2408 1420 2491 efferretur,
1448 2411 1569 2494 geneti-

168 2531 244 2573 vum
267 2509 447 2594 praelatum
471 2532 550 2574 esse.
1084 2498 1087 2505 Δ

271 2614 371 2678 Ρο110
398 2615 569 2697 genetivus
597 2615 652 2700 qui
675 2614 793 2678 dicitur
815 2616 1124 2697 exclamationis,
1148 2617 1204 2700 qui
1230 2616 1272 2679 ab
1296 2616 1432 2681 Homeri
1456 2620 1568 2683 earmi-

166 2717 263 2781 nibus
290 2716 414 2781 alienus
442 2727 491 2781 est
517 2729 550 2782 et
576 2717 759 2783 Atticorum
788 2719 920 2783 demum
948 2719 1149 2804 temporibus
1176 2722 1322 2785 usitatior
1348 2743 1417 2785 esse
1444 2723 1566 2807 incipit,

166 2823 216 2887 bis
241 2831 332 2887 extat
354 2824 387 2886 in
409 2822 610 2907 Theognidis
630 2824 758 2907 elegeis,
782 2822 845 2888 527
870 2825 969 2908 ὤμοι
989 2826 1068 2909 ἐγὼν
1081 2828 1162 2912 ήβής
1176 2825 1231 2892 καλ
1245 2830 1360 2914 γήραος
1381 2825 1566 2911 οὐλομένοιο

165 2936 197 2991 01
221 2926 282 2990 891
307 2927 342 2993 οἵ
360 2950 417 3012 μοι
439 2926 614 3016 ἀναλκεέής.

269 3031 388 3095 Paucis
410 3033 432 3094 ii
455 3031 516 3095 loci
539 3032 664 3096 absolvi
685 3043 829 3117 possunt,
847 3032 965 3119 quibus
980 3036 1151 3117 genetivus
1168 3056 1187 3097 a
1207 3034 1467 3098 substantivis
1490 3056 1567 3121 pen-

164 3136 229 3200 det.
260 3137 402 3219 genetivi
422 3136 520 3219 igitur
540 3135 751 3222 adpositivi
772 3139 827 3223 qui
848 3137 969 3201 dicitur
990 3136 1141 3223 exempla
1159 3136 1311 3221 leguntur
1327 3138 1401 3220 duo,
1424 3139 1516 3223 Tyrt.
1532 3139 1564 3221 4,

164 3240 185 3302 4
212 3243 362 3327 Σπάρτης
386 3234 557 3325 ἱμερόεσσα
581 3242 676 3320 ττόλις
703 3251 736 3305 01
762 3265 805 3306 ex
833 3251 923 3305 certa
945 3242 1082 3327 Bergkii
1110 3244 1295 3307 coniectura
1317 3281 1360 3289 -
1382 3241 1457 3306 libri
1485 3244 1566 3309 αἰττύ

163 3367 198 3408 τε
220 3344 322 3409 στύλον
345 3344 503 3408 exhibent
529 3385 566 3392 —-
591 3345 704 3409 Mimn.
729 3345 759 3427 9,
786 3347 802 3408 1
826 3347 907 3411 αἰπὺ
932 3347 1041 3412 Πύλου
1066 3346 1207 3436 Νηλήιον
1229 3348 1318 3413 doro.

269 3449 446 3512 Praeterea
468 3458 582 3534 poetae
605 3450 741 3533 elegiaci
763 3449 912 3514 ubertate
934 3450 1075 3535 quadam
1094 3451 1248 3515 orationis
1271 3453 1320 3515 usi
1341 3473 1404 3514 non
1426 3453 1472 3516 ita
1492 3475 1565 3517 raro
1694 3478 1695 3529 l

165 3553 242 3617 bina
263 3553 366 3618 verba
391 3556 437 3617 ita
465 3555 678 3638 coniungunt,
710 3562 746 3617 ut
775 3576 833 3639 pro
862 3554 997 3639 singulis
1024 3557 1129 3640 posita
1152 3555 1334 3619 videantur.
1380 3556 1564 3641 quodcum

165 3657 206 3721 de
233 3657 303 3721 aliis
327 3665 397 3721 tum
424 3657 465 3721 de
488 3656 589 3721 verbo
611 3655 702 3737 τέλος
723 3658 821 3741 valet,
846 3658 933 3742 quod
963 3660 1058 3723 etiam
1082 3659 1169 3745 apud
1192 3660 1371 3724 Homerum
1399 3661 1444 3723 sic
1472 3684 1564 3725 usur-

164 3772 273 3847 patur,
299 3762 339 3825 ef.
357 3763 502 3845 Theogn.
521 3762 583 3825 168
606 3766 703 3850 γῆράς
721 3756 752 3826 τ’
761 3763 931 3846 οὐλόμενον
951 3762 1005 3828 καὶ
1027 3769 1186 3829 θανάτοιο
1208 3762 1298 3843 τέλος
1321 3762 1365 3850 (Γ
1374 3763 1437 3828 309
1455 3764 1564 3831 όντντο-

163 3864 244 3953 τέρῳ
267 3870 426 3931 θανάτοιο
448 3864 539 3944 τέλος
560 3864 771 3951 πεπρωμένον
793 3864 906 3953 ἐστίν),
934 3868 1046 3932 Mimn.
1069 3868 1099 3947 2,
1122 3868 1199 3952 6011.
1222 3872 1241 3957 ή
1259 3870 1316 3953 μέν
1338 3864 1453 3949 έχουσα
1475 3868 1566 3948 τέλος

163 3972 278 4059 γήραος
297 3969 459 4054 ἀργαλέου,
481 3970 485 4055 l
505 3972 524 4057 ή
548 3966 668 4058 δ’έτέρή
691 3974 859 4053 θανάτοιο,
882 3970 962 4034 111111.
980 3972 1048 4056 2,9
1071 3977 1169 4058 αὐτὰρ
1192 3973 1274 4058 έττήν
1296 3973 1333 4057 δή
1356 3982 1451 4037 τοῦτο
1473 3970 1565 4051 τέλος

163 4072 408 4161 τταραμείψεται
428 4074 519 4160 ὥρης,
545 4075 596 4137 001
618 4074 689 4137 1000
712 4096 856 4159 opponas
878 4073 1024 4159 Theogn.
1046 4076 1110 4140 985
1132 4078 1325 4162 παρέρχεται
1347 4076 1464 4160 ἀγλαός
1485 4079 1562 4164 lipia,

163 4178 308 4261 Theogn.
333 4177 415 4240 1119
439 4181 518 4265 ήβής
540 4176 654 4263 μέτρον
677 4174 783 4262 έχοιμι
807 4181 862 4263 (A
881 4179 945 4243 225
967 4183 1047 4267 ήβής
1137 4181 1224 4247 ἵκετο
1248 4178 1392 4266 μέτρον),
1416 4181 1562 4265 Theogn.

163 4282 226 4345 418
249 4278 435 4369 ὑαερτερίής
455 4276 592 4366 δ’όμμιν
611 4278 713 4347 ένεστι
733 4282 840 4367 λόγος,
865 4283 907 4346 ad
924 4305 1021 4368 quem
1043 4285 1148 4349 locum
1165 4284 1323 4348 Welcker
1343 4283 1389 4370 (p.
1409 4285 1484 4371 119)
1507 4286 1563 4350 ad-

162 4395 252 4450 notat
276 4389 348 4471 ‘per
370 4385 575 4470 periphrasin
598 4408 656 4472 pro
678 4390 698 4474 ή
720 4386 913 4473 ὑπερτερίή.

268 4614 289 4679 ¹)
309 4614 362 4663 Sol.
382 4616 424 4675 33,
444 4616 460 4663 2
480 4614 606 4678 (tetram.)
626 4616 768 4679 genetivus
787 4614 925 4665 absolutus
944 4617 998 4665 vim
1017 4618 1198 4666 concessivam
1218 4617 1306 4667 habet.
