3392 5067
1434 248 1494 313 125

91 428 206 510 habet3
236 452 313 494 nam
341 430 485 515 Theogn.
515 431 589 513 622,
617 430 690 513 930,
719 432 783 496 334
810 433 914 497 solum
941 455 1119 519 pronomen
1147 436 1293 519 traditur,
1325 438 1404 502 ibid.
1429 439 1492 501 378

93 543 126 597 et
150 534 234 598 1334
255 535 273 599 ὁ
296 544 388 599 extat
409 544 445 599 ut
468 538 608 621 quinque
631 536 710 602 locis
733 536 918 620 homericis3
944 537 985 600 cf.
1004 537 1166 604 Stummer
1187 540 1207 604 l.
1226 562 1253 604 e.
1277 564 1308 626 p.
1326 541 1377 607 54.

196 656 266 721 Iam
297 656 338 720 de
372 657 617 742 pronominibus
650 660 841 744 possessivis
876 668 1007 723 acturus
1041 660 1136 745 longe
1170 661 1309 745 plurima
1342 663 1493 749 exempla

92 760 228 824 articulo
271 782 382 824 carere
425 763 569 843 invenio,
612 764 732 847 quippe
769 764 824 847 qui
863 765 976 847 paucis
1018 763 1096 827 locis
1136 764 1355 849 Theognideis
1393 776 1491 848 extet,

93 864 192 928 semel
223 874 297 928 ante
325 866 382 944 σός
415 865 498 928 1236
529 874 568 955 τῇ
596 874 636 952 σῇ
662 864 792 955 κραδίῃ,
826 876 876 929 ter
910 877 984 930 ante
1018 868 1094 951 ἐμός
1128 868 1191 932 346
1222 873 1308 955 τάμὰ
1339 874 1492 959 χρήματα,

91 969 156 1033 439
186 973 241 1034 τὸν
270 970 347 1054 ἐμόν
366 1022 374 1035 .
396 1021 403 1034 .
423 973 506 1051 νόον,
538 970 601 1034 519
631 974 687 1035 τόν
714 972 790 1055 ἐμόν
815 969 898 1053 βίον.
937 970 1024 1035 unde
1058 972 1203 1057 adparet,
1240 997 1314 1039 cum
1347 998 1378 1039 v.
1410 975 1492 1038 1236

92 1096 112 1136 a
140 1072 330 1157 Theognide
359 1072 597 1138 abiudicandus
629 1077 683 1157 sit,
714 1074 768 1139 vel
802 1075 843 1138 ab
878 1076 940 1139 hoc
974 1085 1070 1160 poeto
1103 1077 1278 1142 admodum
1312 1101 1410 1163 parce
1446 1102 1493 1141 ar·

91 1177 227 1241 ticulum
258 1178 436 1242 admissum
463 1200 543 1242 esse.
587 1178 672 1263 quod
707 1200 744 1242 eo
774 1181 878 1262 magis
913 1180 1030 1243 mirum
1061 1190 1124 1261 est,
1162 1181 1247 1265 quod
1277 1182 1440 1247 Homerus
1468 1187 1493 1246 si

92 1304 155 1346 non
183 1282 315 1367 reliquis
341 1282 585 1368 pronominibus
616 1285 807 1368 possessivis
837 1294 947 1348 tamen
978 1284 1042 1349 his:
1076 1280 1165 1369 ἐμός,
1197 1288 1264 1367 σός,
1295 1288 1331 1365 ός
1357 1309 1421 1351 οοο
1449 1290 1493 1350 ita

91 1408 165 1450 raro
188 1386 206 1452 ὁ
228 1389 415 1473 praemittit.

194 1502 311 1576 ”Atta
330 1512 363 1573 in
387 1510 584 1575 carminibus
604 1510 776 1575 homericis
799 1533 896 1595 saepe
920 1510 1007 1574 idem
1028 1510 1189 1595 signifieat
1214 1521 1310 1597 atque
1335 1507 1365 1578 oi
1387 1513 1491 1595 ἄλλοι,

91 1621 206 1698 poetae
234 1614 368 1698 elegiaci
396 1625 504 1679 autem
528 1615 653 1679 addunt
675 1615 845 1679 articulum
870 1624 999 1699 praeter
1022 1614 1165 1698 Theogn.
1185 1616 1268 1679 1136
1282 1638 1328 1701 sq.
1349 1616 1441 1696 ἐλπὶς
1460 1614 1493 1682 ἐν

91 1720 280 1803 ἀνθρώποις
293 1720 391 1804 μούνη
407 1723 486 1798 θεὸς
500 1719 603 1807 ἐσθλὴ
618 1715 748 1801 ἔνεστιν,
761 1717 764 1804 l
781 1719 871 1783 ἄλλοι
889 1716 918 1783 d'
930 1715 1131 1803 Οὔλυμπόνδ’
1140 1720 1389 1805 ἐκπρολιπόντες
1404 1717 1491 1804 ἔβαν.

194 1838 261 1904 Ubi
291 1841 483 1925 pronomina
512 1841 767 1906 demonstrativa
798 1836 899 1922 οὗτος,
935 1841 999 1920 tos,
1034 1840 1154 1919 ἐκεῖνος
1184 1862 1258 1904 cum
1290 1841 1492 1906 substantivo

92 1945 342 2028 coniunguntur,
370 1944 433 2009 hoe
460 1945 594 2009 articulo
623 1954 721 2010 caret.
768 1945 855 2029 quod
885 1945 971 2009 idem
999 1944 1109 2009 valere
1138 1955 1263 2009 constat
1290 1946 1331 2009 de
1358 1946 1493 2010 Homeri

93 2048 299 2132 carminibus,
322 2051 385 2113 nisi
408 2050 494 2135 quod
518 2060 583 2113 tres
607 2048 768 2134 Odyssiae
790 2049 852 2113 loci
876 2049 1059 2133 excipiendi
1084 2059 1166 2131 sunt,
1190 2071 1211 2114 σ
1227 2049 1291 2112 114
1309 2060 1424 2117 τοῦτον
1437 2055 1493 2115 τόν

91 2154 236 2237 ἄναλτον,
259 2179 278 2218 τ
301 2153 364 2246 372
388 2149 423 2219 αἱ
445 2159 533 2233 κύνες
554 2153 636 2235 uide,
659 2159 682 2236 β
705 2153 767 2217 351
791 2159 895 2218 κεῖνον
920 2203 951 2217 ..
975 2156 1031 2218 τόν
1053 2158 1225 2238 κάμμορον.

194 2274 368 2340 Praeterea
402 2276 535 2359 dignum
566 2275 731 2360 estquod
759 2283 1028 2339 commemoretur
1062 2274 1207 2359 Theogn.
1233 2274 1296 2338 273
1331 2274 1394 2360 legi
1429 2286 1492 2340 νῶν

90 2382 229 2460 πάντων,
258 2381 311 2443 cui
337 2380 408 2444 loco
431 2380 542 2444 similis
565 2380 653 2466 apud
677 2374 865 2443 Homerum
880 2402 945 2443 non
968 2380 1138 2459 invenitur,
1163 2379 1361 2465 ubicumque
1384 2392 1492 2445 autem

91 2483 203 2566 verba,
231 2505 313 2569 quae
341 2492 415 2547 sunt
443 2492 517 2566 πᾶς,
541 2488 641 2566 ἅπας,
671 2486 799 2569 σύμπας
826 2484 902 2570 (hoc
925 2494 1051 2547 tantum
1079 2482 1157 2548 Call.
1184 2485 1211 2561 1,
1232 2484 1296 2570 18),
1327 2487 1492 2572 praediea-

90 2588 157 2650 tive
192 2609 266 2652 cum
299 2609 380 2652 voce
414 2588 522 2673 aliqua
556 2576 795 2672 coniunguntur
825 2627 868 2635 -
899 2588 960 2653 loci
994 2597 1103 2652 autem
1136 2590 1181 2651 ita
1212 2592 1388 2674 comparati
1419 2603 1492 2654 sunt

90 2691 220 2777 plurimi
243 2731 299 2775 —,
323 2714 487 2778 nusquam
506 2692 678 2757 articulum
700 2693 869 2757 accedere.
907 2715 982 2757 nam
1006 2692 1088 2777 quod
1114 2691 1260 2776 Theogn.
1286 2694 1348 2757 110
1375 2696 1493 2779 legitur

89 2804 154 2860 τῶν
172 2799 320 2881 πρόσθεν
339 2802 469 2863 πάντων
490 2809 521 2861 et
542 2798 619 2862 ibid.
637 2798 700 2861 812
722 2806 786 2862 τῶν
806 2792 948 2863 o'ttttov
967 2801 1105 2877 πάντων,
1128 2796 1194 2860 illic
1214 2797 1362 2862 adverbii
1383 2820 1490 2879 causa,

90 2900 144 2963 hic
178 2901 270 2965 verbi
300 2903 397 2982 ἄλλος
427 2924 526 2966 causa
554 2903 572 2967 ὁ
602 2902 766 2965 adiectum
796 2923 867 2964 esse
898 2901 1047 2985 adparet:
1082 2901 1123 2964 de
1153 2923 1214 2966 usu
1248 2903 1410 2966 homerico
1449 2905 1489 2967 cf.

89 3005 242 3089 Krueger
263 3006 316 3071 Di.
341 3006 393 3090 50,
411 3006 461 3087 10,
478 3006 507 3070 2.

194 3127 286 3191 Idem
317 3128 405 3193 cadit
435 3132 469 3193 in
502 3150 556 3192 eos
588 3128 692 3211 locos,
725 3128 843 3213 quibus
871 3129 1043 3210 adiectiva,
1073 3150 1155 3213 quae
1184 3139 1257 3193 sunt
1293 3131 1398 3213 όκρος,
1429 3134 1490 3212 ἀμ-

91 3234 241 3319 φότερος,
272 3232 419 3315 ἕκαστος,
451 3234 673 3320 praedicative
703 3234 789 3297 dicta
819 3234 861 3297 ad
892 3234 1095 3298 substantiva
1122 3235 1319 3309 referuntur;
1350 3257 1426 3298 nam
1456 3246 1490 3297 ut

91 3337 180 3423 apud
207 3337 385 3404 Homerum
415 3340 460 3402 ita
490 3341 524 3403 in
552 3338 671 3423 elegeis
702 3361 830 3423 semper
858 3339 950 3403 deest
981 3337 1145 3401 articulus.
1191 3337 1383 3424 quibuscum
1412 3339 1490 3402 loeis

90 3443 183 3506 vocis
214 3440 311 3523 μέσος
344 3466 422 3507 usus
457 3446 502 3506 ita
533 3445 705 3525 consentit,
736 3453 772 3507 ut
802 3442 901 3507 semel
932 3443 1085 3507 articulus
1115 3451 1219 3525 extet,
1252 3443 1398 3526 Theogn.
1428 3443 1490 3506 220

91 3550 205 3631 Κύρνε,
229 3544 328 3633 μέσην
355 3544 482 3634 δ’ύρχευ
504 3553 560 3634 τὴν
582 3548 667 3627 όόόν,
692 3551 801 3633 ὥσπερ
824 3549 895 3631 ἐγώ,
925 3568 1064 3632 quocum
1087 3569 1185 3611 versu
1214 3547 1361 3611 conferas
1383 3547 1491 3611 locum

91 3653 278 3736 ceteroquin
312 3650 508 3716 simillimum
542 3651 619 3715 ibid.
645 3651 705 3715 331
740 3655 868 3739 ἥσυχος,
902 3653 1010 3737 ὥσπερ
1041 3653 1116 3735 ἐγώ,
1147 3650 1267 3739 μέσσην
1296 3652 1371 3718 ὁδόν
1400 3648 1489 3737 ἔρχεο

90 3753 221 3820 ποσσίν.

196 3877 279 3942 Cum
299 3878 386 3964 apud
402 3878 590 3959 Homerum,
608 3880 732 3942 etiamsi
753 3878 770 3943 ὁ
790 3878 832 3941 ad
857 3900 973 3942 nomen
995 3900 1132 3962 sequens
1154 3887 1288 3962 spectat,
1306 3900 1403 3963 saepe
1419 3902 1488 3962 pro-

89 4003 208 4045 nomen
224 3982 512 4047 demonstrativum
528 3983 719 4046 sumendum
736 3985 785 4064 sit,
809 4004 873 4046 non
897 4004 969 4045 raro
985 3982 1096 4062 verba,
1119 4004 1201 4067 quae
1225 4005 1288 4045 non
1312 3983 1489 4046 adnomen

90 4088 263 4170 pertinent,
292 4087 425 4151 voculae
453 4086 470 4151 ὁ
501 4097 532 4150 et
558 4088 680 4149 nomini
710 4088 967 4171 interponuntur.
1013 4087 1046 4150 in
1075 4087 1193 4170 elegeis
1220 4109 1307 4168 vere,
1340 4090 1490 4172 quoniam

91 4193 144 4255 bic
174 4213 251 4255 usus
282 4190 324 4255 ab
355 4192 393 4253 iis
429 4192 553 4255 alienus
588 4201 650 4272 est,
681 4213 798 4254 nomen
825 4191 988 4272 voculam,
1021 4191 1061 4253 de
1092 4213 1156 4276 qua
1189 4194 1305 4275 agitur,
1339 4194 1489 4277 excipere

91 4298 182 4382 solet,
205 4299 267 4361 nisi
291 4297 376 4381 quod
404 4319 462 4361 eae
486 4298 674 4384 particulae,
703 4319 786 4383 quae
810 4319 874 4361 non
897 4305 1030 4382 possunt
1052 4319 1115 4360 non
1138 4299 1297 4382 postponi,
1321 4296 1420 4361 veluti
1446 4297 1488 4374 όύ,

90 4400 156 4485 μέν,
177 4400 213 4466 τέ
231 4401 282 4487 (τό
293 4400 391 4489 ..τέ),
410 4408 479 4488 γάρ,
495 4401 530 4486 γε’
551 4401 649 4486 (1083
661 4401 834 4486 Theogn.),
859 4423 955 4486 saepe
978 4402 1172 4465 inseruntur.
1212 4401 1372 4485 singulare
1393 4403 1490 4485 igitur

91 4516 149 4584 est,
182 4506 268 4591 quod
297 4506 442 4590 Theogn.
473 4506 556 4570 1096
584 4506 729 4587 traditur,
756 4515 820 4571 τῶν
847 4530 903 4590 μοι
930 4508 1068 4591 πρόσθε,
1096 4506 1269 4589 singulare,
1297 4508 1382 4591 quod
1412 4507 1488 4569 ibid.

92 4609 155 4672 813
184 4620 288 4690 extat,
312 4611 346 4676 οἵ
363 4635 402 4696 με
425 4609 515 4696 φίλοι
538 4612 735 4696 προύδωκαν,
764 4632 903 4696 quocum
930 4611 999 4674 loco
1023 4611 1167 4693 Theogn.
1196 4611 1260 4675 675
1288 4613 1321 4677 o‘i
1339 4636 1378 4697 με
1400 4611 1489 4699 φίλοι

1635 4540 1684 4611 A
