3392 5067
160 195 223 259 180

159 387 288 471 pendet,
311 386 538 450 intercidit-
560 396 615 451 aut
637 410 790 471 praeseus
812 388 940 472 legatur
962 397 1019 453 aut
1042 391 1201 476 (Theogn.
1220 390 1322 481 11307)Ι
1340 393 1552 476 imperativus

159 492 279 571 aoristi,
308 492 532 556 coniunctivus
561 500 762 578 expectatur,
791 494 846 575 qui
873 515 908 555 re
932 515 1010 556 vera
1041 503 1131 558 extat
1158 497 1303 581 exceptis
1327 494 1473 578 Theogn.
1497 519 1552 560 vv.

159 595 222 659 885
246 605 279 658 et
303 594 395 678 1121,
423 594 479 658 ubi
507 595 706 660 adtractione
726 595 872 661 adhibita
892 598 1054 681 optativus
1074 600 1248 681 iuvenitur,
1276 609 1309 663 et
1331 600 1475 663 eiusdem
1499 623 1552 663 vv.

161 700 244 764 1306
253 721 333 784 sqq,
364 699 430 783 uhi,
460 700 544 783 quod
576 709 625 762 cst
654 702 854 764 rarissimum
885 711 917 763 et
943 723 983 764 ne
1015 702 1102 787 apud
1129 703 1309 768 Homerum
1336 704 1465 787 quidem
1497 704 1553 789 (cf.

158 804 216 868 Ph.
238 804 363 868 Weber
390 803 410 866 l.
436 825 463 867 c.
492 826 523 889 p.
547 803 604 887 59)
638 804 710 889 plus
738 804 865 868 duobus
899 803 977 868 locis
1013 806 1057 891 (Y
1077 806 1141 871 300
1157 828 1203 891 sq.
1228 816 1260 869 et
1281 833 1307 872 ω
1329 806 1394 871 543
1407 809 1469 894 sq.)
1492 810 1554 873 usi-

158 918 274 988 tatum,
312 919 384 992 post
410 930 525 972 vocem
551 910 594 995 μή
624 908 821 972 indicativus
851 908 952 972 futuri
978 908 1108 993 legitur:
1140 921 1236 977 τοῦτο
1263 910 1366 991 συνείς
1392 914 1551 998 χάλασονί

158 1013 285 1097 δεσμοῦ,
313 1014 356 1097 μή
385 1036 466 1077 ποτε
497 1010 553 1077 καί
578 1017 616 1077 σὺ
647 1015 790 1102 βιήσεαι,
823 1013 937 1099 δβριμε
964 1012 1099 1091 παίδων,
1127 1012 1130 1094 l
1157 1019 1381 1103 Κυπρογενοῦς
1407 1012 1437 1083 δ’
1457 1014 1555 1102 έργων

157 1119 318 1193 ἀντιάσεις
339 1116 495 1197 χαλεπῶν.

261 1220 353 1285 Haec
386 1222 485 1304 igitur
519 1230 593 1285 sunt
627 1223 794 1286 enuntiata
826 1224 956 1306 proprie
992 1223 1111 1288 finalia.
1168 1247 1187 1287 a
1221 1224 1353 1308 quibus,
1388 1226 1474 1310 quod
1511 1226 1554 1291 ad

156 1323 268 1389 modos
296 1324 434 1402 adtinet,
463 1333 496 1388 et
523 1328 765 1390 coniunctivum
792 1326 908 1390 vocula
935 1327 974 1391 δν
997 1326 1077 1412 (κέν)
1109 1328 1286 1392 accedente
1315 1340 1347 1392 et
1374 1332 1554 1415 optativum

157 1428 272 1492 eadem
306 1429 466 1512 particula
500 1429 638 1512 adiecta,
670 1430 756 1515 quod
790 1430 831 1493 ad
867 1432 1108 1495 coniunctiones
1142 1433 1291 1517 pertinet,
1323 1436 1366 1513 ὡς
1392 1445 1423 1498 et
1450 1433 1553 1518 ὅπως,

157 1555 294 1617 quarum
321 1532 403 1597 haec
433 1555 565 1617 perraro
596 1534 684 1620 apud
711 1534 900 1617 Homerum,
931 1556 1092 1619 nusquam
1122 1536 1209 1619 apud
1236 1536 1417 1602 Hesiodum
1448 1562 1553 1625 neque

156 1639 189 1700 in
212 1636 340 1721 hymnis
363 1637 534 1701 homericis
549 1640 617 1702 vim
639 1638 770 1702 finalem
788 1638 898 1721 habet,
922 1638 979 1703 sed
1002 1639 1158 1723 paulatim
1182 1640 1312 1705 demum
1336 1640 1391 1728 (cf.
1409 1643 1551 1729 Hippon.

156 1740 208 1825 85,
224 1742 254 1817 3,
278 1740 399 1805 Anacr.
424 1741 475 1821 63,
493 1741 522 1824 2,
546 1743 639 1806 Pind.
657 1744 750 1807 Nem.
775 1743 903 1828 11162)
928 1765 999 1807 eam
1033 1753 1130 1808 nacta
1164 1755 1222 1827 est,
1256 1745 1371 1811 abesse
1401 1748 1551 1812 vidimus.

156 1844 284 1907 accedit
314 1868 397 1908 unus
427 1845 527 1926 locus,
560 1868 623 1930 quo
651 1848 702 1909 vis
731 1870 796 1911 non
826 1850 955 1933 proprie
985 1847 1091 1912 finalis
1119 1850 1291 1914 statuenda
1319 1860 1381 1929 est,
1412 1851 1475 1916 Sol.
1502 1852 1552 1933 13,

156 1949 250 2033 3lsq.
279 1950 396 2029 χῶστις
421 1948 479 2033 μέν
504 1952 666 2016 νούσοισιν
692 1945 748 2015 ὑπ’
764 1948 934 2041 ἀργαλέῃσι
960 1958 1101 2041 πιεσθῇ,
1127 1954 1131 2038 l
1155 1956 1198 2032 ὡς
1224 1955 1311 2043 ὑγιὴς
1332 1950 1432 2037 ἔσται,
1457 1966 1552 2022 τοῦτο

155 2057 388 2140 κατεφράσατο.
434 2055 489 2138 qui
516 2076 630 2117 versus
659 2054 786 2119 duabus
811 2055 852 2119 de
881 2058 986 2119 causis
1014 2056 1232 2121 memorabilis
1264 2068 1322 2122 est.
1369 2061 1497 2142 etenim,
1526 2062 1553 2124 si

156 2156 286 2241 quidem
309 2155 420 2241 hymn.
443 2156 526 2221 Ven.
550 2180 604 2222 vv.
628 2158 691 2221 276
705 2180 751 2243 sq.
779 2159 962 2246 interpolati
994 2169 1077 2241 sunt,
1113 2161 1166 2225 hic
1189 2165 1327 2246 primum
1352 2166 1553 2229 enuntiatum

156 2261 383 2324 secundarium
413 2264 565 2345 primario
594 2264 773 2348 praecedit,
805 2273 839 2327 et
868 2266 1007 2349 primum
1038 2267 1071 2328 iu
1102 2267 1258 2330 eiusmodi
1290 2270 1454 2332 enuntiato
1488 2291 1551 2332 non

155 2366 283 2449 proprie
306 2363 395 2427 finali
417 2366 611 2430 indicativus
634 2366 734 2432 futuri
757 2380 930 2453 usurpatus
954 2380 1012 2434 est.

258 2469 310 2531 Ex
333 2470 372 2531 iis
396 2472 578 2547 enuntiatis,
603 2494 686 2555 quae
710 2495 729 2534 a
750 2473 859 2536 verbis
883 2474 1018 2537 timendi
1040 2475 1194 2559 pendent,
1217 2499 1318 2541 unum
1340 2477 1550 2542 memorabile

154 2582 211 2655 est,
242 2572 387 2656 Theogn.
410 2573 471 2637 541
483 2596 530 2658 sq.
562 2574 723 2660 δειμαίνω,
752 2581 795 2662 μὴ
824 2577 916 2665 τήνδε
945 2578 1049 2658 πόλιν,
1075 2579 1285 2667 Πολυπαῖδη,
1313 2584 1413 2666 δβρις,
1440 2583 1444 2663 1
1470 2585 1550 2668 ἥπερ

153 2678 352 2760 Κενταύρους
374 2680 562 2763 ὠμοφάγους
584 2678 702 2744 ιῖλεσεν.
740 2679 793 2744 hie
817 2682 902 2743 enim
934 2703 975 2743 ex
1003 2681 1112 2747 ἴλεσεν
1135 2683 1350 2767 supplendum
1375 2696 1423 2748 est
1446 2684 1550 2774 δλέσγγ,

153 2791 189 2843 ut
217 2780 295 2844 ibid.
324 2780 401 2860 859,
433 2781 489 2845 ubi
518 2783 555 2868 ἢν
582 2781 618 2848 δέ
644 2782 677 2849 τί
706 2782 762 2866 μοί
792 2790 899 2851 ποθεν
929 2785 1058 2867 ἐσθλόν,
1090 2788 1111 2851 ἃ
1142 2792 1282 2873 παυράκι
1311 2786 1431 2871 γίνεται
1461 2786 1552 2875 ἀνδρί

153 2883 285 2967 legitur,-
312 2883 438 2971 γένηται
470 2908 511 2949 ex
541 2884 669 2970 γίνεται.
727 2889 843 2974 reliqui
867 2911 943 2953 vero
971 2890 1033 2954 loci
1065 2893 1110 2955 ita
1139 2894 1317 2977 comparati
1348 2902 1436 2976 sunt,
1467 2902 1503 2955 ut
1532 2914 1551 2955 a

153 2988 263 3052 formis
286 2992 464 3073 praesentis
486 2993 641 3076 temporis
666 2996 891 3057 coniunctivus
914 2994 1064 3080 pendeat.
1130 3024 1132 3029 ·
1156 3003 1159 3009 '

256 3092 415 3157 Venimus
432 3094 473 3157 ad
489 3098 655 3159 enuntiata
672 3097 960 3162 condicionalia
982 3100 1160 3164 tractanda.
1198 3124 1237 3163 ac
1260 3103 1400 3186 primum
1420 3101 1550 3186 quidem

154 3205 280 3259 constat
302 3197 389 3282 apud
411 3198 590 3262 Homerum
615 3222 712 3285 saepe
732 3224 751 3263 a
771 3203 931 3286 particula
951 3204 981 3267 εἴ
1001 3205 1145 3290 incipere
1168 3208 1379 3287 enuntiatum,
1401 3227 1464 3290 quo
1486 3228 1549 3269 uon

154 3299 310 3383 condicio,
334 3302 391 3365 sed
415 3304 501 3387 quod
525 3306 597 3387 quis
613 3315 703 3391 optat
719 3309 936 3390 exprimatur,
962 3307 1003 3370 cf.
1021 3307 1059 3369 L.
1078 3307 1197 3392 Langii
1221 3313 1447 3374 commentatio
1472 3310 1551 3372 ‘Der

152 3404 354 3468 homerische
371 3404 547 3471 Gebrauch
565 3408 623 3471 der
639 3409 783 3472 Partikel
799 3410 842 3475 εἴ
866 3412 1020 3496 inscripta
1037 3433 1090 3495 pp.
1115 3412 1178 3475 325
1192 3434 1260 3497 sqq.
1299 3416 1426 3499 saepius
1443 3422 1551 3477 autem

152 3532 249 3594 quam
276 3511 306 3574 εἰ
331 3512 365 3572 in
392 3510 494 3576 Iliade
524 3512 676 3596 leguntur
702 3509 742 3579 αἴ
763 3518 831 3599 γάρ,
856 3515 886 3579 εἴ
908 3518 974 3602 γάρ,
1000 3514 1086 3599 αἴθε,
1110 3516 1191 3601 εἴθε,
1227 3539 1328 3603 eaque
1360 3540 1487 3603 semper
1517 3519 1551 3581 in

151 3611 302 3698 Odyssia,
326 3614 382 3678 ubi
404 3616 434 3679 εἴ
457 3618 503 3679 sic
526 3627 717 3701 usurpatum
739 3640 802 3681 nou
826 3620 998 3683 invenitur.
1045 3641 1151 3704 neque
1175 3621 1268 3684 huius
1295 3645 1371 3685 usus
1400 3620 1550 3705 exempla
1603 3613 1606 3619 ¹

151 3718 185 3780 in
209 3716 328 3801 elegeis
352 3729 474 3802 extant,
499 3719 566 3802 sed,
590 3721 624 3783 id
648 3721 734 3805 quod
759 3743 857 3806 supra
881 3723 1032 3804 vidimus,
1057 3719 1096 3789 αἴ
1113 3728 1171 3810 γάρ
1195 3734 1227 3787 et
1249 3724 1321 3791 εἴθε
1344 3724 1549 3789 adhibentur.

150 3843 245 3905 porro
269 3822 357 3906 apud
381 3824 569 3908 Homerum,
594 3826 719 3889 etiamsi
742 3826 892 3909 apodosis
916 3828 1068 3912 sequitur,
1094 3850 1190 3916 saepe
1214 3830 1391 3910 enuntiata,
1423 3850 1504 3914 quae
1532 3852 1551 3892 a

149 3926 309 4011 particula
339 3927 370 3991 εἴ
400 3928 568 4012 incipiunt,
600 3951 664 3992 non
694 3937 760 3993 tam
788 3930 1012 3994 condicionem
1041 3954 1137 4017 quam
1164 3932 1207 4013 id,
1242 3933 1328 4018 quod
1356 3935 1426 4017 quis
1450 3942 1549 4018 optat,

151 4030 345 4113 significant.
386 4054 448 4115 quc
471 4034 504 4094 in
528 4033 640 4116 primis
663 4054 702 4095 ea
724 4034 875 4118 exempla
897 4034 1068 4097 referenda
1091 4044 1174 4117 sunt,
1201 4039 1234 4099 in
1258 4059 1395 4120 quorum
1417 4036 1551 4121 apodosi

148 4143 193 4219 τῷ
216 4159 268 4199 τεν
295 4135 422 4219 legitur,
447 4136 546 4198 veluti
569 4161 580 4200 ι
601 4136 665 4198 456
674 4159 744 4221 sqq.
768 4138 798 4201 εἰ
821 4138 860 4224 δὴ
884 4137 1095 4225 ὁμοφρονέοις
1116 4144 1332 4228 ποτιφωνήεις
1355 4164 1390 4205 τε
1412 4140 1547 4227 ysara!

148 4238 262 4318 εἰπεῖν,
286 4239 378 4325 ὅππῃ
401 4247 502 4317 κεῖνος
517 4241 593 4324 ἐμὸν
615 4239 708 4323 μένος
729 4241 918 4329 ἠλασκάζει’
940 4244 944 4329 Ι
964 4252 1008 4332 τῷ
1031 4242 1067 4309 κέ
1082 4238 1114 4310 οἱ
1136 4243 1309 4333 ἐγκέφαλός
1331 4268 1364 4329 γε
1381 4246 1434 4309 διὰ
1450 4244 1551 4324 σπέος

149 4341 277 4419 ἄλλυδις
303 4342 380 4431 atq,
401 4341 405 4427 Ι
426 4342 613 4427 θεινομένου
636 4343 761 4430 ῥαίοιτο
785 4396 792 4409 .
815 4398 853 4411 ..
900 4347 957 4410 sed
988 4347 1068 4410 tales
1092 4350 1189 4413 etiam
1211 4347 1299 4413 locos
1323 4349 1410 4435 apud
1438 4359 1549 4435 poetas

149 4446 309 4529 elegiacos
336 4446 456 4510 frustra
484 4469 630 4533 quaeras.
676 4472 751 4513 nam
778 4450 976 4534 ubicumque
1004 4452 1034 4515 εἴ
1062 4452 1191 4536 legitur,
1220 4456 1379 4537 sententia
1402 4464 1549 4518 estvere

149 4548 387 4612 condicionalis.
