3392 5067
1436 200 1497 265 153

103 401 279 467 manifesta
305 410 355 466 est
381 402 526 483 imitatio,
555 421 629 464 cum
650 399 789 466 formula
810 396 921 483 αἰθέρι
943 394 1038 463 ναίιυν
1062 395 1150 481 apud
1172 394 1351 459 Homerum
1373 398 1403 459 Β
1424 392 1499 471 412,

103 510 136 573 Δ
162 507 233 589 166,
257 529 275 572 ο
297 505 362 570 523
385 505 477 590 (Η88.
495 504 557 591 Op.
584 503 638 591 18)
665 506 699 567 18
722 503 837 569 eadem
860 524 974 565 versus
998 500 1073 564 sede
1096 501 1288 564 inveniatur.
1327 499 1384 562 sed
1407 501 1504 583 pauci

103 620 228 676 restant
264 610 341 693 loci,
386 610 518 697 quibus,
555 632 752 694 quamquam
786 607 906 672 similes
942 615 1017 670 sunt
1050 608 1083 669 in
1116 604 1251 669 Homeri
1289 604 1503 684 carminibus,

104 726 194 780 certa
215 716 348 780 imitatio
373 716 469 779 statui
492 736 556 778 non
578 723 699 799 potest:
728 713 874 795 Theogn.
899 710 960 774 801
987 709 1170 795 Πυθῶνιθ)
1201 708 1293 790 1216,
1320 707 1377 771 ubi
1400 708 1504 773 κεκλι-

103 819 197 908 μένος
223 820 372 902 traditur,
403 841 467 904 qua
493 841 574 883 voce
601 818 690 904 apud
712 818 892 882 Homerum
919 814 1005 880 nulla
1032 815 1160 899 saepius
1189 835 1263 877 cum
1291 812 1400 876 dativo
1432 834 1503 876 con-

102 928 247 1010 iungitur
271 924 327 1010 (cf.
341 924 473 1009 (lapelle
497 923 559 986 ‘De
584 923 648 987 dat.
672 922 743 986 loc'
767 944 798 1006 p.
818 920 857 984 18
882 912 1436 1002 8111811111811(0811880801).
1463 916 1502 979 18

103 1040 138 1095 81
160 1031 321 1113 ‘Beitrage
341 1052 399 1093 zur
419 1028 503 1092 hom.
521 1026 657 1112 Syntax'
681 1048 713 1111 p.
730 1025 797 1112 52),
820 1023 968 1113 Ληθαίῳ
991 1021 1155 1109 κεκλιμένη
1185 1022 1275 1109 (8118)
1302 1019 1416 1108 πεδίῳ,
1452 1021 1503 1083 881

102 1135 213 1197 181881
245 1133 367 1197 Archil.
402 1131 435 1209 2,
464 1132 484 1195 2
518 1129 602 1197 πίνω
633 1127 666 1197 δ’
687 1131 721 1195 ἐν
752 1127 823 1216 δορὶ
854 1126 1035 1212 κεκλιμένος
1065 1127 1096 1212 (ζ
1123 1127 1184 1191 301
1214 1125 1296 1193 κίονι
1324 1124 1502 1212 κεκλιμένη)

102 1236 316 1325 opponendus
347 1245 409 1317 est,
442 1257 639 1321 quamquam
668 1234 736 1318 hic,
768 1257 842 1298 cum
872 1233 974 1297 verba
1004 1233 1038 1297 ἐν
1065 1230 1134 1318 δορὶ
1161 1229 1218 1317 μέν
1247 1254 1302 1315 μοι
1332 1229 1417 1315 μᾶζα
1447 1253 1504 1314 με-

101 1340 254 1429 μαγμένη,
278 1342 311 1406 ἐν
339 1338 410 1429 δορί
429 1331 554 1419 δὀίνος
572 1341 577 1423 Ι
597 1336 778 1425 Ἰσμαρικός
808 1338 1017 1424 praecedant,
1048 1337 1213 1421 anaphora
1241 1337 1274 1399 in
1306 1358 1403 1399 causa
1433 1356 1503 1397 esse

102 1449 217 1533 potuit,
246 1468 303 1510 cur
325 1446 519 1531 praepositio
541 1443 731 1526 adderetur3
761 1466 857 1530 porro
878 1442 941 1508 Sol.
958 1442 1009 1523 42,
1027 1442 1047 1505 2
1072 1440 1179 1529 (μέλη)
1203 1446 1246 1527 μή
1266 1441 1405 1526 κρυπτὸν
1424 1434 1505 1520 έχων

100 1548 194 1637 έχχος
219 1548 333 1640 κραδίη
364 1559 396 1613 81
421 1547 568 1633 Theogn.
599 1549 682 1613 1113
712 1550 878 1635 ὢμάκαρ,
909 1548 998 1627 ὅστις
1028 1548 1066 1635 δή
1089 1570 1143 1630 μιν
1170 1540 1235 1627 έχει
1265 1542 1386 1630 φρεσίν,
1421 1563 1503 1629 quae

100 1654 254 1739 exempla
275 1655 334 1718 vix
358 1653 462 1719 abiis
486 1654 649 1733 differunt,
677 1656 711 1717 in
734 1652 852 1738 quibus
875 1650 1058 1735 delegitur,
1085 1648 1171 1714 velut
1196 1647 1276 1711 1261
1303 1646 1422 1713 ίκτίνου
1445 1653 1503 1733 γὰρ

100 1756 186 1841 ἔχεις
204 1761 418 1845 ἀχχιστρόςοου
438 1760 472 1823 έν
491 1756 603 1846 φρεσὶν
621 1755 706 1847 ήθσς
728 1768 761 1821 81
783 1756 844 1821 381
869 1750 1049 1839 βλύπτουσ’
1069 1754 1103 1819 ἐν
1125 1755 1286 1842 στήθεσσι
1307 1749 1423 1841 φρένας
1447 1750 1502 1836 (81.

84 1870 138 1929 vN
149 1862 212 1927 481
233 1861 287 1929 ένα
307 1861 401 1949 φρεσὶ
421 1866 528 1947 θυμὸν
546 1857 683 1944 ἔχοντες,
707 1888 726 1950 ή
747 1861 810 1925 219
833 1858 958 1939 πένθος
977 1860 1034 1945 μὲν
1056 1854 1118 1940 έχω
1141 1854 1262 1945 φρεσίν,
1286 1866 1320 1920 81
1338 1881 1357 1942 η
1374 1854 1436 1919 218
1457 1852 1504 1919 ot

99 1966 196 2055 φρεσί
210 1965 336 2046 πένθος
350 1962 489 2053 έχοντα).
517 1967 634 2053 quibus
649 1967 729 2030 locis
745 1964 1007 2030 adnumerandus
1023 1986 1093 2034 8888
1110 1972 1187 2049 puto
1204 1985 1257 2027 vv.
1277 1961 1358 2024 1241
1375 1960 1451 2026 ἰ’σθι
1467 1961 1502 2027 δὲ

102 2076 199 2159 θυμῷ
223 2069 301 2155 (135
316 2069 477 2158 incapacia
495 2070 614 2157 εἰδώς),
640 2070 723 2134 1305
747 2074 843 2159 θυμῷ
866 2071 966 2154 γνούς,
992 2068 1074 2132 1008
1098 2066 1153 2134 καί
1175 2065 1287 2154 φρεσίν
1309 2066 1414 2130 ἐσθλὰ
1436 2073 1502 2151 νοῇ,

102 2198 299 2262 quamquam
322 2175 480 2240 eiusmodi
503 2176 605 2240 dativi
631 2178 696 2240 iam
720 2197 821 2261 prope
844 2175 887 2239 ad
911 2174 1056 2238 dativum
1081 2174 1135 2261 qui
1159 2172 1275 2235 dicitur
1298 2172 1504 2235 instrumenti

100 2280 272 2345 accedunt.
319 2290 464 2345 ceterum
490 2279 540 2343 his
564 2281 696 2360 dativis,
726 2302 800 2344 cum
822 2278 924 2345 verba
951 2276 1124 2359 sentiendi,
1149 2276 1298 2362 adquae
1326 2275 1501 2356 accedunt,

99 2408 160 2471 per
190 2406 224 2449 se
254 2384 493 2469 intellegantur,
524 2384 656 2450 ubertas
683 2384 844 2470 quaedam
877 2385 1032 2447 sermonis
1063 2382 1212 2463 efficitur,
1247 2382 1307 2444 nisi
1314 2430 1322 2463 ,
1351 2380 1383 2444 id
1415 2381 1500 2464 quod

99 2512 154 2553 ex.
170 2510 219 2574 gr.
235 2490 269 2553 in
287 2488 418 2574 1051811.
442 2490 523 2555 ἀλλὰ
545 2488 666 2581 βαθείῃ
685 2493 689 2572 Ι
705 2497 746 2578 σῇ
769 2487 860 2577 φρενὶ
881 2489 1053 2572 βούλευσαι
1076 2498 1122 2575 σῳ
1145 2490 1261 2575 ἀγαθῷ
1281 2508 1316 2550 τε
1338 2488 1401 2575 νόῳ
1430 2508 1501 2549 con-

99 2596 246 2681 spicitur,
280 2592 445 2658 adtributo
476 2594 617 2679 quodam
651 2595 799 2658 instructi
833 2603 917 2658 sunt.
964 2615 1062 2657 causa
1095 2600 1218 2671 autem,
1254 2612 1312 2654 cur
1346 2590 1502 2654 eiusmodi

99 2700 204 2764 dativi
240 2698 435 2778 adiciantur,
471 2698 553 2765 haec
591 2708 653 2784 est,
693 2699 794 2785 quod,
829 2708 865 2761 ut
899 2697 1058 2762 Lobeckii
1089 2696 1198 2761 verbis
1232 2694 1339 2759 Paral.
1375 2718 1406 2780 p.
1437 2694 1498 2758 531

210 2945 231 3011 ¹)
250 2946 335 2995 Totus
353 2945 429 2995 locus
445 2947 474 2995 in
492 2946 584 2995 codice
596 2949 624 2995 A
636 2947 674 2994 sic
686 2945 812 2994 traditur:
833 2943 969 3010 (805sqq.)
989 2942 1088 3012 τόρνου
1101 2942 1147 2993 καὶ
1158 2940 1286 3009 στάθμης
1298 2942 1343 2992 καὶ
1355 2940 1501 3008 γνώμονας

97 3031 191 3100 ἄνδρα
208 3036 322 3099 θεωρῶν
341 3031 467 3097 (Vinetus
484 3038 557 3082 18818
573 3031 692 3100 θεωρὸν)
708 3032 712 3097 1
729 3030 878 3099 εὐθύτερον
892 3032 946 3099 χρὴ
965 3032 1026 3097 μέν,
1044 3030 1144 3098 Κύρνε,
1164 3029 1378 3097 φυλασσόμενον
1398 3029 1502 3093 (08188-

96 3123 186 3171 rarius
203 3126 277 3171 recte
296 3120 523 3187 φυλασσέμεναι),
539 3122 544 3184 Ι
560 3120 580 3169 111
599 3123 657 3170 τινί
669 3135 715 3170 κεν
733 3122 851 3169 Πυθῶνι
868 3120 938 3169 θεοῦ
950 3118 1056 3187 χρήσας
1074 3118 1158 3186 ἱερεῖα
1178 3118 1205 3184 (μ
1222 3120 1288 3175 θεὸς
1300 3133 1346 3185 χρ.
1366 3117 1459 3184 ἱερείᾳ,
1481 3117 1503 3167 0

97 3206 148 3258 rel.
170 3208 237 3263 θεὸς
249 3224 296 3275 χρ.
315 3206 413 3275 ἱερεῖα)
429 3207 433 3272 Ι
449 3207 546 3274 ὀμφήν
564 3206 673 3277 σημήνῃ
691 3210 786 3262 πίονος
805 3205 833 3265 ἐξ
852 3204 963 3257 ἀδύτου.
994 3206 1083 3255 188881
1102 3207 1174 3255 111118
1193 3206 1358 3257 laborantem
1379 3206 1425 3256 alii
1448 3206 1502 3255 alio

97 3296 179 3347 modo
198 3310 293 3346 sanare
311 3296 482 3357 studuerunt3
502 3296 630 3356 conferas,
649 3311 708 3345 cum
727 3295 838 3360 longum
856 3296 891 3345 sit
907 3296 1024 3362 prolatas
1043 3296 1189 3344 sententias
1209 3308 1373 3355 enumerare,
1393 3292 1502 3357 Bergkii

97 3384 310 3435 adnotationem.
330 3382 416 3432 multa
432 3382 521 3447 Bergk
540 3384 661 3444 18818111,
680 3384 726 3449 qui
745 3384 795 3432 806
814 3399 862 3447 pro
875 3384 930 3450 χρὴ
942 3383 996 3450 μέν
1016 3384 1131 3431 88818811
1148 3398 1183 3448 με
1198 3381 1254 3449 χρή
1272 3387 1300 3431 81
1318 3382 1367 3430 807
1382 3385 1502 3446 exparte

97 3471 220 3521 codicem
237 3489 255 3535 η
272 3475 379 3519 8888188
402 3470 525 3519 dcccxcv
543 3468 573 3519 ἐν
591 3472 709 3520 Πυθῶνι
730 3469 807 3532 θεός,
830 3469 936 3538 χρήσας
963 3469 1046 3539 ἱερείη
1074 3469 1179 3536 ὀμφήν,
1202 3509 1206 3518 .
1226 3510 1231 3519 .
1251 3509 1256 3521 .
1280 3470 1392 3533 scripsit.
1420 3474 1448 3517 81
1465 3484 1501 3534 με

96 3561 127 3607 in
147 3558 295 3620 enuntiato,
314 3556 385 3621 quod
403 3558 432 3605 in
450 3559 605 3606 universum
624 3558 724 3607 dictum
744 3563 784 3607 est
804 3557 847 3621 (81.
868 3559 917 3607 809
928 3557 987 3623 811),
1011 3557 1074 3606 18111
1097 3558 1191 3621 nequit
1215 3572 1254 3618 ac,
1279 3558 1301 3605 81
1324 3572 1372 3605 888
1399 3555 1445 3605 1118
1468 3556 1502 3605 811

98 3647 192 3708 543811.
206 3643 261 3712 χρή
274 3659 311 3711 με
323 3644 398 3711 παρὰ
410 3641 541 3710 στάθμην
552 3644 598 3694 καί
611 3643 742 3712 γνώμονα
761 3643 842 3708 τήνδε
861 3643 997 3707 δικάσσαι,
1014 3643 1133 3712 ΙκΚύρνε,
1151 3642 1230 3707 δίκην
1249 3642 1358 3709 relegat,
1377 3644 1400 3691 is
1417 3642 1502 3706 locus,

98 3748 161 3781 cum
181 3729 262 3795 τήνδε
281 3732 400 3797 accedat,
422 3730 503 3797 longe
521 3731 599 3782 aliter
618 3739 786 3799 comparatus
804 3739 852 3783 881.
880 3734 950 3799 118811
969 3748 1032 3783 1818
1051 3733 1162 3782 adnotat
1179 3737 1323 3795 utrumque
1341 3731 1452 3779 verbum
1476 3736 1503 3781 81

92 3818 202 3885 χρήσας
220 3824 248 3867 81
265 3818 373 3885 σημήνη
391 3819 475 3883 ipsius
494 3818 537 3868 dei
555 3820 758 3869 consulentibus
776 3820 880 3869 futuras
899 3834 941 3869 res
959 3820 1103 3884 aperientis
1122 3834 1187 3879 esse,
1206 3818 1288 3867 falsus
1307 3823 1359 3881 8811
1382 3833 1453 3879 nam,
1471 3824 1502 3867 ut

98 3904 253 3971 exemplum
278 3905 404 3968 adferam,
426 3905 558 3955 Pindarus
578 3907 658 3971 Pyth.
680 3907 733 3955 IIII
755 3909 769 3955 6
792 3907 865 3974 ἱέρεα
882 3912 986 3975 χρῆσεν
1005 3907 1079 3957 dixit.
1107 3906 1236 3971 equidem,
1260 3921 1320 3955 cum
1345 3911 1371 3955 81
1393 3922 1429 3973 με
1452 3908 1502 3955 181-

97 3992 226 4043 ciendum
238 3993 272 4041 sit
285 3997 312 4042 81
329 4009 389 4058 μιν,
409 3992 479 4058 quod
492 3991 539 4041 alii
551 3992 703 4054 voluerunt,
721 3994 800 4043 valde
813 3994 962 4059 displiceat,
980 3994 1034 4059 μέν
1051 3997 1141 4043 881818
1160 3993 1277 4042 virosis
1295 3992 1361 4059 μήν,
1385 3993 1412 4041 id
1430 3994 1501 4059 118811

96 4093 179 4145 saepe
192 4078 231 4141 fit,
249 4080 409 4128 instructum
422 4078 491 4128 nihil
510 4078 636 4142 offendat,
656 4085 683 4130 et
701 4082 751 4130 806
765 4082 819 4148 χρὴ
838 4080 892 4147 μέν
911 4080 1081 4130 retinendum
1100 4094 1158 4130 esse
1177 4085 1241 4144 puto
1261 4084 1288 4129 81
1307 4082 1366 4142 801,
1385 4096 1437 4146 quo
1457 4097 1499 4131 oo-

97 4165 166 4215 dicis
182 4164 208 4215 A
225 4167 382 4231 scripturam
402 4171 522 4231 spectare
545 4167 653 4216 Brunclr
672 4167 748 4229 vidit,
771 4170 792 4232 ᾡ
810 4172 869 4218 τινί
885 4184 931 4218 κεν
949 4171 1066 4217 Πυθῶνι
1083 4168 1153 4217 θεοῦ
1166 4163 1283 4234 χρήσασ’
1299 4167 1384 4236 ἱέρεια
1404 4167 1500 4235 ὀμφὴν

96 4252 400 4323 σημήνη8811118811818.
423 4258 541 4302 ceterum
554 4254 751 4303 animadvertas
765 4254 846 4304 velim
860 4256 1007 4305 Homerum
1026 4270 1130 4319 semper
1142 4258 1241 4304 Πυθοῖ
1256 4252 1299 4304 ἐνί
1315 4254 1404 4305 1118818
1419 4282 1451 4290 -
1466 4254 1500 4304 de

95 4340 211 4389 Pindari
227 4355 278 4389 usu
290 4340 401 4405 Bergkii
419 4340 618 4391 adnotationem
633 4341 754 4391 conferas
767 4360 813 4404 -3
836 4343 883 4392 sed
896 4356 961 4392 cave
980 4343 1107 4408 respectis
1129 4341 1195 4391 locis
1214 4342 1354 4391 homericis
1372 4341 1423 4391 1188
1441 4341 1500 4391 1888

97 4422 158 4476 κ’έν
170 4429 291 4477 Πυθῶνι
307 4427 414 4489 scribas,
433 4443 493 4477 cum
512 4427 610 4477 similia
628 4428 738 4479 18881111
755 4430 871 4494 vestigia
890 4456 921 4463 —
940 4444 1002 4478 nam
1020 4430 1109 4495 potius
1127 4428 1260 4478 locativus
1283 4445 1363 4494 qnam
1387 4428 1501 4491 dativus,

98 4514 147 4578 qui
167 4513 299 4579 paulatim
325 4514 399 4564 illius
422 4520 510 4581 partes
532 4517 658 4581 suscepit,
686 4517 844 4567 statuendus
864 4521 904 4568 881
922 4545 954 4555 -
972 4517 1017 4568 181
1039 4518 1068 4566 18
1090 4531 1168 4583 prosa
1187 4517 1307 4566 81811888
1329 4516 1502 4566 inveniantur

97 4605 127 4651 et
144 4600 216 4667 apud
234 4601 383 4653 Homerum
406 4616 510 4669 semper
532 4602 704 4667 adtributum,
724 4605 795 4672 qnod
817 4607 846 4656 in
865 4606 992 4657 hocloco
1012 4621 1066 4657 non
1086 4609 1168 4669 811181,
1185 4610 1318 4672 sequatur.
