3392 5067
212 225 275 290 206

212 418 398 507 ἀποφαίνει,
426 418 430 504 Ι
457 416 512 483 καὶ
534 422 628 503 θάμα
651 426 720 498 τοῖς
742 412 867 497 ἀδίκοις
889 417 1089 508 ἀμφιτίθησι
1111 417 1223 500 πέδας,
1252 419 1334 485 haec
1358 422 1428 507 ipsa
1451 423 1603 485 sententia

212 523 307 607 longo
331 522 504 587 verborum
527 522 661 607 ambitu,
693 526 783 588 cuius
807 523 953 587 membra
975 524 1020 587 ita
1042 525 1127 587 inter
1149 546 1183 588 se
1207 527 1384 610 excipiunt,
1412 534 1448 588 ut
1470 527 1503 588 in
1526 527 1602 610 prio-

211 627 301 691 ribus
318 630 445 691 omuino
465 626 625 711 particula
639 650 704 691 non
727 637 875 712 ponatur,
900 627 999 691 semel
1014 625 1058 709 τέ,
1083 629 1115 692 in
1141 628 1273 715 reliquis
1297 627 1334 694 δέ
1355 629 1490 713 legatur,
1514 651 1602 693 accu-

212 734 311 796 ratius
335 734 520 816 exponitur:
559 730 676 815 τραχέα
699 730 838 812 λειαίνει,
867 737 962 797 παύει
985 734 1088 818 κόρον,
1116 736 1208 817 ὕβριν
1229 736 1374 817 ἀμαυροῖ,
1403 739 1407 815 l
1434 731 1554 798 αὐαίνει
1575 727 1602 797 δ)

212 838 288 924 ἄτης
309 839 414 901 ἄνθεα
436 839 588 923 φυόμενα,
603 837 746 920 leuctra
770 836 806 902 δέ
830 834 921 915 δίκας
943 837 1074 915 σκολιάς
1095 838 1283 926 ὑπερήφανά
1304 834 1334 901 τ’
1347 834 1421 923 έρχα
1440 838 1444 920 l
1463 841 1601 923 πραΰνει,

211 946 307 1006 παύει
331 937 360 1004 δ’
375 936 448 1025 έρχα
464 940 678 1028 διχοστασίης,
701 941 705 1026 l
724 946 821 1007 παύει
846 937 875 1006 δ’
888 940 1040 1028 ἀργαλέης
1063 937 1166 1028 έριδος
1188 942 1291 1024 χόλον,
1316 938 1384 1008 έστι
1400 938 1430 1008 δ’
1444 938 1501 1007 ὑπ)
1512 946 1603 1032 αὐτῆς

214 1046 340 1129 λπάντα
369 1039 440 1110 κατ)
455 1048 649 1132 ἀνθρώπους
679 1048 774 1133 ἀρτια
803 1044 858 1111 καί
880 1050 1012 1127 πινυτός
1052 1046 1091 1111 cf.
1116 1057 1284 1131 praeterea
1308 1046 1452 1131 Theogn.
1477 1047 1538 1110 277
1555 1069 1601 1131 sq.

212 1160 244 1212 et
267 1148 329 1212 708
347 1170 392 1233 sq.
427 1149 560 1234 prolatis
584 1150 632 1214 his
656 1150 814 1236 exemplis
838 1152 903 1213 iam
927 1149 967 1213 de
990 1151 1028 1213 iis
1051 1150 1139 1231 locis,
1165 1151 1282 1235 quibus
1306 1152 1374 1215 eius
1398 1152 1533 1216 voculae
1556 1154 1602 1214 vis

211 1276 288 1317 vere
326 1254 533 1318 adversativa
568 1264 628 1337 est,
669 1255 831 1338 agendum
867 1263 924 1318 est.
970 1253 1124 1319 observes
1162 1255 1262 1339 igitur
1300 1277 1371 1318 eam
1404 1258 1501 1319 etiam
1533 1267 1603 1341 post

210 1360 415 1441 negationem
442 1358 520 1442 legi,
556 1368 591 1422 ut
619 1380 719 1444 prope
747 1358 789 1422 ad
823 1360 988 1422 notionem
1016 1359 1194 1443 particulae
1222 1360 1302 1423 ἀλλά
1329 1360 1475 1441 accedat,
1504 1360 1603 1424 veluti

212 1464 303 1546 Tyrt.
323 1463 372 1543 12,
388 1462 432 1526 40
448 1484 517 1548 sqq.
540 1464 696 1545 βλάπτειν
718 1458 785 1527 οὔτ’
797 1464 908 1542 αἰδοῦς
930 1465 1002 1528 οὔτε
1025 1462 1114 1550 δίκης
1135 1462 1254 1544 ἐθέλει,
1275 1464 1280 1547 l
1299 1469 1418 1543 πάντες
1434 1461 1463 1531 δ’
1478 1466 1512 1530 έν
1536 1468 1604 1530 θώ-

210 1587 313 1632 κοισιν
334 1566 420 1650 ὁμῶς
441 1566 506 1633 νέοι
528 1567 562 1633 οἵ
575 1592 609 1632 τε
631 1562 702 1633 κατ’
717 1571 813 1633 αὐτόν
833 1567 837 1651 l
857 1561 1026 1633 ἄκουσόν
1048 1574 1150 1657 χώρης
1164 1617 1219 1649 ...,
1244 1568 1307 1632 Sol.
1328 1569 1377 1650 13,
1390 1568 1442 1649 28,
1460 1568 1603 1653 Theogn.

211 1671 284 1752 452,
311 1672 403 1751 1361,
428 1670 513 1735 alibi.
549 1694 644 1756 porro
668 1671 704 1737 δέ
726 1672 805 1737 locis
828 1672 987 1736 nonnullis
1010 1674 1043 1735 in
1065 1674 1155 1737 initio
1179 1674 1329 1737 carminis
1351 1673 1478 1757 legitur,
1502 1675 1547 1737 ita
1568 1683 1605 1737 ut

211 1775 289 1841 nihil
313 1776 499 1860 praecedat,
524 1778 576 1838 cui
599 1778 718 1861 opponi
741 1778 914 1862 possitae
937 1777 1037 1840 semel
1061 1775 1192 1862 quidem
1215 1786 1288 1862 post
1311 1799 1486 1862 pronomen
1510 1779 1604 1841 inter·

210 1882 392 1963 rogativum
414 1880 469 1965 (cf.
483 1879 709 1963 Naegelsbach
726 1880 769 1944 ad
785 1885 823 1945 A
839 1879 928 1967 540),
944 1881 1057 1945 Mimn.
1076 1881 1136 1962 1,1
1154 1880 1203 1959 τίς
1219 1882 1253 1946 δέ
1268 1879 1349 1963 βίος,
1372 1879 1405 1946 τί
1421 1882 1455 1947 δέ
1471 1886 1606 1968 τερπνὸν

211 1987 285 2069 ότερ
309 1994 422 2071 χρυσῆς
441 1979 642 2070 Ἀφροδίτης,
669 1984 815 2049 crebrius
839 2024 880 2030 -
905 2006 1110 2070 quamquam,
1135 2007 1207 2048 cum
1231 1984 1372 2049 dubitari
1395 1987 1505 2071 possit,
1528 2009 1606 2049 num

212 2089 362 2151 carminis
390 2088 516 2151 initium
547 2090 707 2171 integrum
739 2090 787 2171 sit,
819 2111 939 2172 magna
970 2090 1075 2153 cautio
1105 2088 1293 2153 adhibenda
1320 2098 1368 2152 est
1402 2128 1443 2135 -
1480 2092 1513 2153 in
1535 2090 1606 2154 aliis

211 2195 394 2274 enuntiatis,
418 2192 517 2256 veluti
540 2193 652 2257 Mimn.
677 2193 707 2275 2,
734 2194 749 2254 1
779 2196 869 2280 ἡμεῖς
896 2189 926 2259 δ)
942 2184 996 2259 οἷά
1023 2218 1056 2259 τε
1085 2194 1187 2281 φύλλα
1209 2198 1283 2280 φύει
1306 2192 1508 2273 πολυανθέος
1530 2197 1604 2282 ὥρη,

211 2296 267 2361 ubi
289 2307 455 2381 tamquam
479 2319 520 2359 ex
543 2299 642 2361 animi
665 2306 762 2373 motu,
788 2320 830 2361 ex
853 2319 916 2382 quo
940 2319 1071 2361 carmen
1095 2300 1204 2378 oritur,
1228 2298 1387 2382 particula
1409 2297 1607 2382 explicanda

211 2411 269 2483 est,
295 2401 381 2486 quod
398 2401 485 2465 idem
507 2403 541 2464 in
558 2400 621 2465 Sol.
638 2402 669 2482 4,
689 2402 766 2487 lsq.
791 2402 893 2465 verba
916 2402 1004 2465 cadit
1026 2400 1161 2487 ἡμετέρα
1178 2403 1213 2467 δέ
1235 2403 1331 2481 πόλις
1351 2406 1433 2467 κατὰ
1456 2405 1513 2487 μὲν
1528 2406 1608 2481 Λιδς

210 2501 323 2571 οόποτ)
338 2506 459 2571 ὀλεῖται
479 2510 482 2587 Ι
503 2498 598 2571 αἶσαν
619 2504 673 2571 καί
695 2510 845 2592 μακάρων
867 2511 955 2571 θεῶν
977 2504 1092 2594 φρένας
1106 2509 1290 2572 ἀθανάτων.
1313 2517 1484 2591 μετρίοισι
1499 2507 1606 2570 obser-

210 2613 279 2674 vari
303 2619 408 2695 potest
430 2618 542 2695 poetas
566 2610 736 2694 elegiacos,
762 2612 886 2674 etiamsi
909 2613 990 2675 ratio
1007 2611 1144 2674 causalis
1167 2613 1251 2675 inter
1266 2620 1438 2698 utrumque
1462 2612 1606 2674 enuntia-

158 2800 159 2803 ,
210 2725 279 2779 tum
296 2714 474 2811 intercedit,
493 2736 589 2799 saepe
606 2712 642 2780 δέ
656 2715 823 2779 adhibere.
844 2736 886 2778 ex
902 2735 1017 2800 quare
1032 2737 1092 2799 per
1107 2737 1142 2778 se
1157 2724 1247 2800 patet
1261 2738 1326 2779 non
1341 2715 1439 2779 licere
1457 2715 1608 2779 concludi
1694 2793 1695 2802 η

211 2818 403 2905 particulam
428 2840 498 2881 eam
522 2840 557 2881 re
583 2840 662 2882 vera
684 2819 771 2883 idem
795 2827 892 2903 atque
914 2823 972 2904 γάρ
995 2818 1189 2904 significare,
1213 2819 1270 2882 sed
1293 2819 1442 2884 liberiore
1466 2819 1608 2904 quodam
1694 2867 1695 2870 ,

210 2924 305 2988 modo
329 2925 495 2987 enuntiata
526 2925 695 2987 coniuncta
731 2932 818 3003 sunt3
851 2925 892 2987 cf.
916 2924 946 2988 J.
969 2922 1007 2987 G.
1030 2924 1183 3008 Hartung
1213 2926 1246 2986 in
1277 2924 1359 2988 libro
1390 2923 1511 2987 ‘Lehre
1542 2945 1609 2986 von

210 3029 274 3092 den
301 3028 469 3092 Partikelu
493 3027 551 3090 der
573 3028 796 3111 griechischen
821 3026 975 3112 Sprache’
1001 3030 1154 3113 inscripto
1178 3029 1195 3092 I
1217 3051 1248 3113 p.
1273 3028 1344 3111 167,
1376 3027 1608 3111 Naegelsbach
1693 3037 1694 3084 l

211 3132 303 3196 adA
325 3130 398 3213 259,
423 3130 587 3195 Rieckher
609 3131 705 3196 Jahn.
727 3132 812 3194 Ann.
829 3132 995 3195 LXXXV
1018 3155 1048 3216 p.
1065 3132 1139 3196 473.
1185 3134 1326 3196 maxime
1348 3142 1457 3195 autem
1479 3135 1512 3194 in
1536 3154 1608 3195 sen-

211 3238 318 3298 tentiis
341 3235 547 3319 generalibus
580 3235 615 3301 δέ
645 3239 691 3299 sic
714 3248 898 3320 usurpatur,
930 3258 982 3298 ex.
1006 3258 1053 3319 gr.
1079 3236 1223 3319 Theogn.
1250 3236 1301 3318 91,
1333 3237 1389 3301 ubi
1419 3237 1610 3320 praemissis

213 3340 335 3403 verbis:
360 3342 402 3427 μή
425 3345 457 3424 μ’
471 3336 582 3405 έπεσιν
602 3342 661 3424 μὲν
676 3338 795 3425 στέργε,
818 3341 892 3404 νόον
916 3336 1004 3419 δ’έχε
1027 3338 1082 3404 καί
1104 3338 1219 3427 φρένας
1241 3341 1360 3419 ἀλλος.
1379 3391 1411 3405 ..
1436 3342 1482 3403 sic
1498 3343 1612 3425 pergit

211 3456 306 3529 poeta
330 3444 470 3529 (blsq.):
498 3443 533 3523 ὃς
556 3446 590 3511 δὲ
614 3452 671 3533 μιῇ
694 3445 819 3533 χλώσση
837 3436 901 3525 δίχ’
917 3439 982 3525 έχει
1005 3445 1086 3523 νόον,
1109 3440 1202 3523 οὗτος
1223 3444 1349 3529 ἑταῖρος
1368 3444 1373 3529 Ι
1393 3445 1497 3523 δειλός
1520 3495 1527 3509 .
1553 3496 1560 3508 .
1590 3496 1610 3526 .,

115 3534 119 3542 ’
211 3549 309 3613 Phoc.
334 3548 363 3634 8,
384 3550 398 3611 1
418 3571 464 3633 sq.
488 3552 598 3628 νυκτός
618 3550 789 3631 βουλεύειν,
813 3551 924 3626 νυκτός
946 3545 982 3613 δέ
1003 3571 1055 3613 τοι
1077 3547 1205 3635 όξυτέρη
1229 3554 1310 3637 φρὴν
1328 3550 1333 3634 Ι
1353 3549 1513 3634 ἀνδράσιν.

314 3653 423 3737 Atque
451 3653 533 3716 haec
565 3653 695 3738 quidem
727 3648 893 3715 hactenus.
940 3663 1112 3736 antequam
1140 3661 1249 3717 autem
1278 3652 1320 3716 ad
1351 3674 1406 3715 eos
1435 3653 1523 3716 locos
1553 3675 1613 3717 ac·
1691 3659 1692 3738 j

212 3758 336 3838 cedam,
368 3756 485 3841 quibus
521 3755 556 3822 δέ
589 3756 659 3819 aliis
694 3756 862 3841 pa1ticulis
891 3756 1082 3841 respondet,
1114 3757 1156 3820 de
1188 3757 1320 3841 reliquis
1354 3757 1521 3841 particulis
1550 3758 1615 3821 ad·

211 3864 382 3926 versativis
412 3884 516 3946 pauca
544 3862 790 3945 praemittantur
817 3882 948 3923 necesse
973 3872 1031 3924 est.
1076 3861 1202 3924 initium
1225 3883 1301 3924 vero
1331 3884 1351 3924 a
1381 3862 1614 3925 coniunctione

211 3967 313 4032 ἀλλά
337 3969 512 4050 capiamus.
560 3988 641 4050 quae
664 3964 854 4050 plerumque
878 3976 950 4050 post
980 3967 1166 4049 negationes
1198 3975 1382 4050 usurpatur,
1413 3968 1504 4030 cuius
1526 3989 1615 4030 usus
1690 4003 1691 4012 ν

211 4071 360 4156 exempla
383 4072 504 4156 passim
527 4072 744 4149 inveniuntur,
770 4091 874 4154 neque
898 4078 955 4152 est,
982 4092 1039 4133 cur
1062 4070 1164 4133 fusius
1187 4069 1229 4133 de
1252 4072 1290 4132 iis
1315 4081 1505 4154 exponatur.
1546 4072 1617 4135 sed

211 4179 308 4239 etiam
334 4198 398 4239 non
432 4175 647 4259 praecedente
680 4176 852 4257 negatione
878 4175 958 4239 ἀλλά
988 4184 1171 4258 usurpatur.
1218 4174 1303 4258 quod
1333 4176 1359 4237 si
1389 4173 1434 4258 fit,
1465 4196 1529 4239 non
1563 4178 1620 4241 ita

209 4281 387 4345 multuma
418 4277 577 4364 particula
606 4278 642 4344 δέ
665 4278 780 4355 differt,
811 4280 872 4341 nisi
897 4279 982 4362 quod
1006 4279 1164 4363 oppositio
1187 4280 1290 4361 magis
1313 4280 1480 4363 premitur,
1504 4279 1621 4344 veluti

210 4384 355 4468 Theogn.
380 4383 441 4447 257
457 4406 504 4468 sq.
527 4382 631 4462 λ’ππος
652 4384 713 4466 έχὼ
735 4383 814 4469 ναλη
837 4381 892 4447 καί
914 4381 1040 4470 ἀεθλίη,
1066 4383 1145 4447 ἀλλὰ
1167 4387 1317 4447 κάκιστον
1349 4382 1352 4467 l
1383 4383 1483 4467 ἀνδρα
1506 4381 1619 4470 φέρω.

211 4490 325 4553 eadem
355 4488 513 4573 particula
543 4488 621 4551 ibid.
653 4486 735 4550 1115
756 4509 801 4571 sq.
833 4483 966 4575 χρήματ’
990 4482 1070 4569 έχων
1092 4485 1204 4573 πενίην
1234 4510 1291 4570 μοι
1321 4484 1500 4565 ὀνείδισας·
1525 4489 1622 4554 ἀλλά

210 4597 250 4657 τά
281 4591 337 4677 μέν
366 4617 422 4675 μοι
458 4592 461 4677 Ι
497 4587 576 4672 ἔστι,
606 4597 646 4657 τὰ
677 4587 708 4657 δ”
728 4592 903 4677 ἐργάσομαι
934 4595 1062 4657 θεοῖσιν
1090 4590 1300 4676 ἐπευξάμενος
1325 4589 1368 4654 ad
1398 4591 1624 4658 refutandam
