3392 5067
1480 171 1521 233 39

116 363 175 425 aab
199 386 265 427 mco
288 366 409 429 nomine
433 365 542 445 lateas,
566 369 644 431 bone
666 368 741 431 mibi
761 369 899 453 qratiam
921 366 1052 446 rettulit,
1074 377 1109 429 nt
1132 367 1213 429 duas
1234 364 1336 427 Iulios
1359 373 1522 449 proneptes

116 490 206 531 arcas
228 459 386 549 occidant,
411 470 545 534 altorum
557 471 662 557 forro,
686 470 818 535 altorum
838 471 948 557 fame:
981 494 1077 535 anam
1100 470 1275 555 abnepotem
1305 469 1341 531 L.
1367 467 1520 533 δὶέααυαυ.

117 574 263 657 itemque
279 574 367 660 apud
382 576 522 640 Dionem
538 576 602 641 LX
615 575 653 640 18
671 577 711 641 de
729 576 857 642 duabus
874 576 965 641 Iuliis
980 575 1040 641 sub
1058 575 1193 640 Claudio
1210 574 1325 638 occisis
1340 594 1445 637 sermo
1457 582 1521 637 est:

117 682 168 753 τήν
186 702 217 739 τε
234 680 362 761 Ἰουλίαν,
380 684 428 759 τὴν
445 688 490 743 τοῦ
502 684 620 763 Δρούσου
637 684 686 761 μὲν
699 690 745 745 τοῦ
756 685 883 765 Τιβερίου
899 686 996 757 παιδος
1012 685 1158 763 θυγατέρα,
1173 686 1220 741 τοῦ
1236 682 1268 741 δὲ
1280 682 1319 761 ’δὴ
1331 682 1461 761 Νέρωνος
1476 686 1522 741 τοῦ

118 785 289 864 Γερμανικοῦ
318 790 433 864 γυναῖκα
463 792 615 867 γενομένην
645 790 856 865 ζηλοτυπήσασα
886 789 915 871 (ἡ
940 785 1118 872 Μεσσαλῖνα)
1149 789 1240 866 ὥσπερ
1270 785 1317 876 aori
1346 788 1395 862 τὴν
1426 786 1521 865 ἑτέραν

118 887 284 968 ἀπέσφαξεν.
308 890 342 953 in
359 888 497 954 Octavia
520 900 628 956 autem
651 915 717 956 una
739 891 962 956 tantummodo
985 891 1068 955 Iulia
1090 892 1300 974 significatur,
1325 912 1364 954 ea
1386 888 1519 973 scilieet,

119 1012 204 1075 quae
232 991 318 1056 feno
341 996 449 1058 occisa
472 1005 530 1077 cst,
558 1018 623 1060 non
649 995 714 1079 illa,
742 1017 826 1082 quae
854 996 940 1060 fame
968 996 1077 1080 periit3
1114 996 1202 1072 unde
1225 998 1291 1059 iam
1312 1001 1403 1080 patet
1425 994 1520 1057 huius

117 1094 252 1159 fabulae
275 1100 466 1182 scriptorem
481 1121 524 1163 ex
546 1100 607 1163 illis
621 1100 822 1185 auctoribus,
847 1121 984 1186 quorum
1000 1098 1104 1164 verba
1119 1098 1214 1163 modo
1236 1100 1438 1183 protulimus,
1462 1119 1521 1160 sua

118 1221 183 1263 non
207 1200 437 1287 desumpsisse.
462 1227 538 1268 nam
562 1206 589 1268 si
612 1226 724 1269 eorum
746 1207 869 1290 scripta
891 1214 1059 1289 tamquam
1080 1204 1186 1267 fontes
1201 1202 1413 1285 adhibuisset,
1438 1201 1520 1265 duas

118 1301 218 1368 Iulias
236 1317 528 1373 commemorasset.
561 1309 619 1373 sed
639 1312 704 1373 iam
720 1311 865 1394 quaestio
886 1308 1084 1372 instituenda
1099 1316 1158 1390 est,
1182 1316 1254 1372 utra
1273 1307 1356 1371 Iulia
1374 1307 1409 1371 in
1424 1304 1520 1371 Octa-

118 1408 192 1472 viae
207 1411 357 1475 versibus
374 1412 581 1495 significetur,
605 1423 714 1477 utrum
735 1413 801 1477 filia
816 1413 918 1476 Drusi
934 1421 966 1475 et
980 1413 1096 1476 Liviae
1111 1411 1270 1495 versibus,
1294 1412 1349 1495 qui
1370 1412 1519 1496 proxime

118 1514 326 1596 antecedunt,
350 1520 534 1581 nominatae
556 1540 599 1583 an
621 1518 688 1581 filia
711 1516 898 1583 Germanici
921 1527 952 1581 et
968 1517 1181 1602 Agrippinae,
1206 1519 1296 1580 cuins
1320 1537 1388 1579 sors
1411 1515 1518 1600 paullo

118 1626 193 1681 anto
216 1640 272 1681 vv.
290 1618 461 1683 sss-941
486 1621 655 1708 deplorata
678 1632 736 1687 est.
778 1622 880 1686 Drusi
903 1621 1034 1707 quidem
1057 1621 1157 1685 filiam
1180 1623 1269 1705 prius
1292 1616 1414 1684 Neroni
1436 1619 1519 1684 Iulio

118 1722 252 1787 Caesari
282 1724 338 1809 (cf.
363 1724 441 1789 Tac.
465 1724 551 1790 Arm.
577 1726 628 1790 III
650 1725 725 1813 291)
761 1747 864 1812 eoque
898 1734 1023 1791 mortuo
1058 1724 1094 1789 C.
1118 1723 1268 1790 Rubellio
1300 1722 1425 1788 Blando
1461 1723 1517 1810 (cf.

117 1827 197 1891 Tae.
215 1826 301 1892 Anu.
319 1828 368 1892 VI
382 1829 459 1916 27²)
482 1839 617 1916 nuptam
641 1830 712 1894 dolo
732 1828 928 1893 Messalinae
951 1829 1156 1893 interfectam
1180 1850 1251 1893 esse
1275 1851 1317 1891 ex
1334 1828 1413 1891 Tac.
1429 1827 1517 1892 Ann.

117 1931 205 1996 XIII
221 1931 263 1995 32
279 1932 351 1999 coll.
369 1956 395 1997 c.
413 1933 489 2020 43³)
506 1936 635 2000 scimus.
666 1934 732 1999 filia
747 1932 936 1998 Germanici
951 1956 1031 1997 vero
1047 1944 1079 1997 et
1095 1933 1308 2019 Agrippinae,
1333 1934 1385 1996 cui
1400 1954 1518 1996 nomen

116 2036 219 2101 Iuliae
242 2037 382 2101 Liuillae
410 2037 518 2124 erat,⁴)
545 2040 719 2102 novissimo
747 2046 843 2123 partu
870 2036 992 2123 edita⁵)
1020 2060 1040 2100 a
1062 2037 1194 2101 Tiberio
1221 2039 1255 2101 i'n
1277 2037 1519 2101 matrimonium

117 2140 195 2204 data
219 2150 269 2205 est
290 2142 335 2205 M.
352 2142 480 2206 Vinicio
488 2144 512 2227 6)
536 2152 568 2205 et
592 2164 666 2206 cum
689 2164 728 2206 ea
751 2141 933 2225 Caligulam
956 2141 1090 2206 fratrem
1114 2142 1228 2225 ‘stupri
1252 2140 1518 2205 consuetudinem

115 2245 242 2309 fecisse'
260 2245 434 2312 Suetonius
450 2244 552 2330 Calig.
569 2246 612 2310 24
634 2247 746 2329 tradit,
770 2247 915 2330 relegata
934 2268 955 2309 a
970 2244 1115 2332 fratre,⁷)
1134 2270 1154 2310 a
1169 2244 1306 2311 Claudio
1329 2245 1518 2331 revocatal)

114 2358 229 2435 postea
252 2359 363 2415 tamen
377 2351 419 2415 ab
444 2351 558 2415 eodem
574 2351 770 2415 Messalinae
792 2349 909 2415 fraude
932 2350 1075 2433 inducto,
1099 2359 1136 2413 ut
1157 2352 1221 2414 iam
1245 2372 1343 2435 supra
1365 2350 1517 2432 diximus,

114 2454 288 2519 interfecta
304 2464 362 2520 est.
389 2463 483 2519 vetus
500 2455 633 2540 quidam
648 2456 809 2540 interpres
826 2454 868 2519 ad
884 2453 1031 2519 luvenal.
1041 2453 1108 2518 Sat.
1118 2454 1150 2518 V
1162 2453 1222 2517 109
1238 2453 1319 2518 haec
1334 2453 1517 2518 adnotavit:

115 2559 211 2622 ‘sicut
237 2560 342 2644 inquit
364 2559 491 2623 Probus
514 2560 574 2623 sub
598 2558 734 2623 Claudio
757 2560 850 2644 quasi
874 2560 1023 2623 conscius
1049 2558 1282 2622 adulteriorum
1312 2558 1415 2622 Iuliae
1438 2557 1517 2622 Ger-

113 2664 236 2727 manici
258 2663 344 2727 filiae
366 2666 399 2728 in
423 2663 588 2729 Corsicam
612 2663 777 2747 relegatus
801 2662 861 2750 (sc.
882 2662 1022 2748 Seneca)
1044 2670 1118 2748 post
1140 2666 1323 2726 octennium
1346 2671 1518 2726 revocatus

115 2767 184 2830 est'
228 2768 317 2853 apud
345 2768 534 2834 Suetonium
562 2770 661 2852 igitur
690 2778 722 2831 et
748 2768 836 2854 apud
865 2768 1072 2857 scholiastam
1098 2765 1189 2831 illum
1215 2766 1299 2831 Iulia
1329 2766 1517 2830 Germanici

113 2871 181 2938 filia
205 2871 355 2936 adulterii
378 2874 534 2957 arguitur.
588 2873 645 2937 sed
672 2876 737 2938 iam
761 2873 804 2937 ad
826 2871 999 2937 Octaviam
1025 2881 1237 2937 revertamur.
1290 2893 1403 2954 exeo,
1432 2871 1518 2955 quod

113 2977 231 3040 Liviae
262 2977 362 3041 Drusi
390 2979 500 3041 uxoris
531 2979 564 3041 in
591 2977 654 3041 hae
686 2977 798 3041 fabula
820 2980 941 3042 mentio
964 2976 1010 3061 fit,
1033 2976 1183 3040 videmus
1206 2977 1239 3039 in
1261 2998 1315 3039 vv.
1336 2975 1515 3039 ota-957

113 3082 306 3165 scriptorem
329 3104 394 3145 non
416 3082 450 3146 id
474 3080 535 3145 sibi
562 3084 777 3168 proposuisse,
804 3092 841 3145 ut
865 3082 1016 3166 exempla
1039 3103 1151 3145 earum
1173 3082 1279 3165 gentis
1301 3079 1404 3144 Iuliae
1427 3081 1516 3144 femi·
1619 3119 1622 3124 ,

113 3207 231 3249 narum
259 3185 427 3271 proferret,
452 3208 535 3271 qnae
559 3188 628 3249 sine
652 3208 710 3250 sua
733 3185 829 3272 culpa
851 3186 1016 3269 relegatae
1040 3193 1160 3266 essent,
1183 3208 1259 3250 nam
1281 3185 1398 3249 Liviae
1422 3185 1517 3270 culpa

112 3313 132 3353 a
148 3291 306 3374 scriptore
322 3291 392 3375 ipso
409 3290 611 3374 significatur
634 3290 690 3377 (cf.
708 3312 762 3354 vv.
776 3290 840 3353 942
852 3313 900 3376 sq.
915 3290 1027 3375 feram
1046 3290 1051 3376 Ι
1071 3290 1138 3352 ruit
1158 3290 1193 3352 in
1215 3289 1352 3375 facinus
1369 3312 1517 3375 poenam-

222 3482 242 3548 ¹)
263 3483 387 3533 ‘Auetum
406 3482 504 3532 dehine
522 3483 649 3548 gaudium
669 3484 770 3547 nuptiis
789 3484 904 3533 Neronis
922 3487 949 3532 et
967 3482 1062 3545 Iuliae,
1080 3484 1163 3532 Drusi
1180 3482 1269 3532 filiae)

218 3570 240 3636 ²)
259 3570 320 3620 ‘Tot
332 3569 450 3619 luctibus
468 3570 576 3619 funesta
589 3570 701 3619 civitate
719 3584 779 3634 pars
792 3571 920 3619 maeroris
938 3569 999 3632 fuit,
1017 3569 1089 3635 quod
1107 3569 1185 3632 Iulia,
1198 3569 1279 3619 Drusi
1297 3568 1361 3632 filia,
1381 3569 1516 3633 quondam

111 3658 227 3707 Neronis
245 3673 320 3720 uxor,
340 3657 465 3721 denupsit
482 3659 511 3705 in
530 3656 638 3706 domum
656 3655 776 3706 Rubellii
794 3655 910 3707 Blandi’

217 3742 239 3808 ³)
258 3743 412 3811 AnnXIII
425 3746 471 3793 32:
490 3746 558 3809 ‘post
576 3743 682 3809 Iuliam,
705 3743 787 3792 Drusi
804 3742 896 3806 filiam,
922 3742 982 3792 dolo
1002 3743 1164 3793 Messalinae
1181 3742 1368 3805 interfectam’,
1391 3743 1454 3793 ibid.
1468 3746 1515 3793 43:

112 3829 227 3891 Iuliam,
246 3830 328 3879 Drusi
346 3830 439 3893 filiam,
459 3831 640 3895 Sabinamque
658 3831 811 3895 Poppaeam
831 3830 865 3879 ad
883 3836 996 3879 mortem
1015 3830 1105 3879 actas’.

217 3916 239 3981 ⁴)
259 3917 299 3967 of.
319 3918 369 3967 Th.
382 3918 576 3967 Mommsenum
595 3920 624 3966 in
642 3918 760 3967 Hermae
773 3922 792 3966 t.
806 3917 873 3965 XIII
891 3934 917 3982 p.
930 3918 988 3966 265.

218 4003 239 4069 ³)
259 4003 299 4053 Cf.
313 4004 377 4053 Tac.
387 4004 457 4053 Ann.
469 4005 495 4053 II
508 4006 554 4055 54:
568 4005 690 4053 ‘tramisit
702 4004 827 4071 Lesbum,
840 4004 887 4052 ubi
897 4002 1046 4069 Agrippina
1058 4004 1201 4052 novissimo
1214 4007 1292 4068 partu
1304 4003 1402 4053 Iuliam
1415 4004 1514 4054 edidit'.

217 4091 238 4155 ⁶)
257 4090 298 4143 Cf.
317 4092 380 4141 Tac.
400 4092 468 4141 Ann.
484 4092 523 4142 VI
537 4093 583 4141 15:
602 4088 718 4141 ‘Vinicio
740 4091 837 4141 Iuliam
856 4090 1017 4141 Germanico
1037 4089 1181 4157 genita(m)
1199 4092 1356 4156 coniungit’.

218 4177 239 4243 ⁷)
258 4177 512 4228 cassinatus:
532 4177 666 4243 ‘relegatis
685 4178 817 4227 sororibus
830 4194 885 4227 non
903 4178 990 4227 solum
1008 4177 1111 4227 insulas
1129 4178 1228 4227 habero
1247 4192 1276 4227 se
1294 4177 1341 4227 sed
1359 4180 1440 4228 etiam
1458 4178 1515 4243 gla-

112 4266 169 4315 dios
187 4263 349 4315 mmabatur'
367 4270 394 4315 et
406 4265 485 4315 Dion.
500 4265 572 4315 Cass.
585 4265 688 4315 LVIIII
700 4267 728 4314 3:
748 4262 786 4313 καὶ
799 4262 838 4322 τὰς
851 4260 952 4325 ἀδελφὰς
969 4262 1045 4322 πάσας
1063 4262 1193 4332 διαφθείρας
1213 4260 1234 4321 ἐς
1252 4267 1323 4328 νῆσον
1342 4261 1381 4322 τὰς
1399 4262 1442 4313 δύο
1461 4281 1515 4315 κατ-

113 4350 219 4402 έκλεισεν.
1317 4363 1320 4366 ·

215 4438 237 4505 ⁸)
256 4439 296 4490 cf.
310 4439 383 4489 Suet.
397 4438 454 4489 Cal.
468 4440 500 4488 59
520 4440 575 4504 ‘per
593 4454 695 4489 sorores
713 4439 746 4489 ab
766 4440 846 4489 exilio
860 4440 988 4489 reversas'
1010 4445 1038 4489 et
1055 4440 1134 4490 Dion.
1150 4440 1222 4490 Cass.
1237 4440 1315 4489 LXI
1334 4438 1375 4503 rto
1388 4456 1412 4489 τε
1424 4437 1514 4507 Ἀγριπ-

114 4526 181 4576 πῖναν
200 4524 238 4575 καὶ
257 4524 298 4590 τὴν
317 4524 415 4576 Ἰουλίαν
434 4524 573 4593 καταγαγὼν
592 4522 631 4583 τὰς
650 4523 730 4583 οὐσίας
749 4524 825 4593 σφίσιν
845 4522 969 4575 ἀπέδωκεν.
