3392 5067
1451 254 1514 318 207

119 462 187 505 rem
211 441 354 529 aliquam
377 442 561 507 adhibetur.
607 465 704 530 porro
734 444 814 509 ἀλλά
845 446 1025 529 interrupta
1057 444 1163 509 subito
1193 447 1335 510 oratione
1362 447 1460 509 etiam
1482 447 1516 509 in

118 547 225 611 medio
251 568 349 611 versu
371 549 562 633 imperativo
586 550 631 611 ita
654 547 817 612 adiectum
840 544 1024 631 invenitur,
1038 544 1072 613 ui
1098 552 1129 613 iu
1153 551 1231 634 ipsis
1254 550 1363 613 verbis
1386 571 1516 635 praece-

120 652 271 715 dentibus
295 674 401 733 eausa,
426 674 484 715 cur
507 653 587 717 ἀλλά
610 652 813 736 adhibeatur,
837 654 922 717 insit.
958 655 1014 739 qui
1036 676 1114 717 usus
1137 656 1168 717 in
1192 656 1302 738 primis
1325 655 1413 739 apud
1435 654 1516 739 Tyn

120 766 228 820 taeum
251 756 401 840 frequens
426 766 484 839 est,
508 756 593 841 quod
618 759 733 821 mirum
756 758 815 822 tibi
838 780 902 823 non
918 758 1091 841 videbitur,
1115 760 1152 841 si,
1176 759 1262 843 quod
1286 760 1326 821 sit
1348 781 1516 842 argumen-

119 869 188 924 tum
211 862 390 924 carminum
413 861 506 943 illius,
530 862 562 925 in
586 863 774 925 memoriam
797 864 1014 926 revocaveris.
1051 885 1092 927 en
1115 863 1265 947 exempla
1288 884 1405 947 pauca:
1435 862 1514 927 Call.

123 965 148 1040 1,
163 962 182 1027 8
196 986 242 1049 sq.
259 968 403 1044 θάνατος
419 966 453 1031 δὲ
468 961 681 1047 τότῖἔσσεται,
705 965 832 1032 ὁππότε
847 991 901 1031 ιιεν
917 968 955 1053 δὴ
974 969 978 1049 l
996 971 1121 1052 Μοῖραι
1136 963 1348 1032 ἕπικλώσωσ).
1365 968 1446 1032 ἀλλά
1467 992 1516 1045 τις

120 1068 195 1147 ἰθὺς
208 1068 278 1153 ἴτω,
302 1068 425 1133 Archil.
443 1069 473 1151 9,
490 1069 520 1151 9,
545 1071 636 1155 Tyrt.
656 1070 705 1155 10,
722 1069 774 1153 31,
798 1071 944 1155 Theogn.
962 1071 1035 1152 483,
1053 1070 1126 1154 829,
1143 1071 1216 1136 alia.
1242 1071 1354 1135 eodem
1370 1071 1514 1155 Theogn.

121 1196 150 1238 v.
163 1172 237 1257 505,
256 1174 317 1253 vubi
341 1176 564 1238 coniunctivus
587 1173 809 1239 adhortativus
832 1176 960 1259 legitur,
983 1176 1176 1250 referendus¹
1197 1186 1254 1240 est.
1287 1176 1459 1240 sedetiam
1482 1178 1516 1239 in

119 1278 208 1341 initio
233 1280 383 1342 carminis
406 1280 486 1345 ἀλλά
510 1280 556 1343 sic
580 1291 754 1364 usurpatur
776 1280 867 1366 Tyrt.
891 1281 940 1364 11,
964 1281 979 1342 1
1005 1274 1074 1345 ἀλλ’
1100 1292 1142 1327 -’·
1171 1274 1346 1369 Ἡρακλῆος
1367 1284 1425 1365 γὰρ
1452 1284 1515 1346 ἀνι-

120 1383 215 1465 κήτου
237 1381 325 1465 γένος
340 1382 412 1449 ἐστέ
427 1422 468 1429 -
485 1378 643 1469 θαρσεῖτ’,
668 1384 731 1449 Sol.
750 1384 832 1466 20,1
851 1380 919 1448 ἀλλ’
932 1383 966 1449 εί
985 1408 1041 1470 μοι
1057 1386 1114 1449 κᾶν
1135 1395 1189 1449 νῦν
1204 1381 1253 1451 ἔτι
1267 1383 1406 1467 πείσεαι,
1430 1381 1517 1461 ἔξελε
1572 1379 1575 1388 ’

119 1494 223 1569 τοῦτο,
248 1485 397 1570 Xenoph.
415 1486 445 1568 2,
463 1488 479 1549 1
506 1484 574 1551 ἀλλ)
590 1487 620 1552 εί
634 1490 692 1571 μὲν
706 1496 858 1577 ταχυτῆτι
877 1490 989 1554 ποδῶν
1004 1487 1091 1572 νίκην
1105 1513 1154 1567 τις
1169 1489 1288 1574 ἄροιτο,
1313 1511 1395 1574 quae
1412 1489 1512 1553 verba

120 1592 259 1675 optantis
278 1600 357 1655 'sunt
379 1602 414 1655 ut
439 1591 583 1676 Theogn.
594 1592 634 1655 97
659 1590 785 1681 attat
801 1603 945 1672 τοιοῦτος
960 1592 1032 1679 ἐμοὶ
1047 1593 1141 1681 φίλος
1156 1605 1188 1657 et
1206 1595 1289 1659 1300
1305 1592 1434 1659 ἄλλατί
1456 1618 1515 1678 μοι

119 1693 219 1779 τέρμα
242 1692 365 1779 χένοιτο
387 1704 496 1777 κιχεῖν.

166 1812 174 1826 “
224 1800 396 1864 Particulis
419 1804 545 1887 αὐτάρ
570 1810 601 1864 et
623 1804 727 1886 ἀτάρ
752 1812 866 1885 poetae
889 1802 1023 1885 elegiaci
1046 1825 1120 1867 raro
1143 1804 1192 1867 usi
1223 1812 1310 1884 sunt3
1345 1804 1400 1868 illa
1431 1806 1515 1868 enim

121 1904 232 1967 Mimn.
250 1905 280 1985 2,
298 1905 326 1982 9,
352 1904 416 1968 Sol.
436 1905 485 1987 19,
502 1905 532 1987 3,
557 1905 702 1989 Theogn.
727 1905 800 1990 253,
824 1905 898 1985 475,
923 1907 997 1987 648,
1022 1906 1094 1987 759,
1121 1907 1214 1988 1055,
1239 1908 1320 1972 haec
1343 1908 1423 1973 Call.
1442 1910 1470 1991 1,
1485 1909 1516 1991 4,

121 2008 184 2073 Sol.
205 2008 253 2091 13,
270 2009 322 2087 24,
346 2008 491 2093 Theogn.
515 2009 588 2094 504,
613 2009 686 2091 597,
711 2010 775 2075 853
797 2010 923 2094 legitur.
959 2033 1064 2096 neque
1088 2034 1175 2096 vero,
1200 2013 1285 2096 quod
1309 2011 1350 2077 ad
1373 2014 1439 2077 vim
1463 2013 1516 2077 ad-

120 2114 210 2198 tinet,
234 2115 317 2177 inter
339 2124 509 2199 utramque
533 2113 670 2178 formam
694 2117 869 2200 quicquam
892 2116 1035 2197 interest,
1067 2115 1123 2180 sed
1155 2137 1251 2179 sensu
1282 2140 1346 2181 nou
1369 2120 1516 2181 variante

121 2239 160 2279 ea
190 2239 318 2303 semper
348 2218 452 2282 forma
481 2218 668 2300 adhibetur,
700 2240 784 2302 quae
815 2241 944 2304 quoque
974 2220 1044 2283 loco
1074 2229 1177 2285 metro
1208 2220 1397 2305 postulatur.
1450 2224 1516 2286 vim

121 2330 230 2385 autem
259 2345 315 2386 eae
346 2324 499 2386 maiorem
522 2344 619 2407 quam
648 2320 694 2403 δέ,
725 2324 882 2386 minorem
907 2346 1005 2408 quam
1034 2324 1115 2388 ἀλλά
1145 2323 1266 2388 habent
1296 2335 1328 2387 et
1357 2326 1451 2389 modo
1475 2326 1517 2390 ad

121 2424 205 2489 hanc
229 2426 323 2490 modo
348 2427 389 2489 ad
420 2426 508 2489 illam
532 2427 789 2491 coniunctionem
820 2430 953 2512 propius
977 2427 1146 2493 accedunt.
1193 2431 1323 2511 gravior
1345 2432 1442 2512 igitur
1465 2454 1518 2515 op-

120 2532 235 2615 positio
259 2541 307 2594 est
330 2530 409 2595 Call.
436 2531 463 2611 1,
481 2530 500 2593 3
517 2554 563 2618 sq.
588 2532 621 2595 ἐν
642 2532 749 2620 εἰρήνῃ
777 2531 811 2597 δὲ
836 2533 959 2597 δοκεῖτε
986 2534 992 2614 Ι
1017 2527 1130 2612 ἧσθαι,
1161 2536 1240 2617 ἀτὰρ
1263 2534 1405 2618 πόλεμος
1426 2541 1518 2619 χαῖαν
1645 2553 1647 2558 ·

120 2636 251 2701 ἅπασαν
273 2633 346 2715 ἔχει,
374 2634 476 2698 lenior
503 2634 639 2719 Theogn
654 2635 718 2699 503
739 2658 810 2721 sqq.
838 2636 1013 2721 οίνοβαρέαι
1041 2637 1189 2726 κεφαλήν,
1218 2633 1436 2723 ’ονομόαριτε,
1463 2638 1518 2705 καί

121 2764 161 2823 με
182 2744 295 2821 βιᾶται
322 2739 326 2824 l
353 2732 446 2820 σίνος,
470 2743 550 2826 ἀτὰρ
573 2740 717 2826 γλώσσης
743 2736 845 2805 οὐκέτ’
860 2742 922 2824 ἐγὼ
944 2740 1060 2830 ταμίης
1089 2746 1094 2825 1
1124 2739 1283 2830 ἡμετέρης,
1306 2746 1345 2808 τὸ
1368 2745 1402 2809 δὲ
1427 2745 1517 2828 δῶμα
1539 2821 1542 2826 ¹

94 2877 96 2882 ·
119 2844 309 2931 περιτρέχει.

223 2948 368 3012 Transeo
384 2948 426 3011 ad
443 2947 602 3013 vocabula
618 2946 661 3013 αὖ
676 2957 708 3012 et
723 2946 810 3013 αὖτε
834 2945 938 3034 (αὖτις
957 2950 989 3011 iu
1006 2949 1126 3033 elegeis
1142 2971 1302 3034 nusquam
1318 2954 1384 3015 vim
1400 2951 1515 3015 adver-

120 3053 259 3117 sativam
274 3052 397 3139 habet).
431 3074 514 3138 quae
536 3056 649 3137 paucis
672 3054 751 3117 locis
774 3062 887 3117 extant
909 3074 1014 3137 neque
1037 3054 1087 3117 his
1111 3054 1259 3119 omnibus
1282 3055 1324 3119 ad
1346 3078 1398 3120 res
1422 3078 1516 3141 oppo-

120 3158 244 3221 nendas
275 3167 481 3244 usurpantur,
510 3158 567 3221 sed
596 3155 636 3222 αὖ
658 3166 783 3221 tantum
810 3157 921 3221 Mimn.
946 3157 976 3235 2,
1001 3158 1040 3221 13
1069 3159 1163 3236 ἄλλος
1191 3155 1261 3224 d'oul
1286 3158 1413 3226 παίδων
1444 3163 1518 3227 ἐπι-

121 3262 246 3327 δεύεται
267 3271 299 3325 et
314 3262 457 3345 Theogn.
471 3261 530 3326 761
548 3261 686 3349 φόρμιγξ
703 3256 773 3327 δἀὖ
788 3255 1066 3349 φθέγμοιθῖίερὸν
1081 3261 1185 3348 μέλος,
1208 3260 1282 3329 αὖτε
1298 3264 1390 3350 Tyrt.
1409 3266 1458 3343 12,
1475 3266 1518 3330 23

121 3365 157 3445 ὃς
180 3361 279 3432 d'atv'
295 3361 327 3431 ἓν
343 3368 540 3452 προμάχοισι
556 3370 664 3431 πεσὼν
687 3364 781 3453 φίλον
797 3366 895 3431 ὤλεσε
920 3369 1024 3450 θυμόν
1040 3377 1072 3430 et
1088 3366 1232 3452 Theogn.
1257 3368 1319 3432 397
1337 3379 1395 3435 τοῦ
1418 3366 1518 3436 δἀὖτ)

121 3471 193 3536 οὔτε
219 3476 331 3549 κακοῖς
356 3468 470 3535 ἕπεται
496 3472 657 3548 νόος...
682 3492 724 3533 ex
751 3469 870 3557 quibus
897 3469 976 3534 locis
1004 3470 1141 3556 adparet
1169 3495 1329 3558 nusquam
1357 3475 1518 3539 vocabula

122 3597 170 3656 ea,
195 3583 351 3659 quantum
375 3576 417 3639 ad
440 3576 507 3638 vim
529 3575 772 3639 adversativam
800 3577 950 3660 pertinet,
974 3597 1032 3661 per
1055 3580 1196 3661 seponi,
1220 3578 1278 3642 sed
1302 3580 1517 3643 coniunctioni

121 3676 158 3744 (λε’
179 3679 322 3762 adiungi,
347 3680 387 3743 de
412 3701 474 3763 quo
496 3701 558 3743 usu
580 3679 618 3742 R.
636 3670 731 3742 Klotz
754 3678 773 3741 l.
793 3701 819 3742 e.
837 3679 871 3742 H
892 3703 924 3766 p.
941 3679 1005 3745 210
1029 3679 1215 3766 disputavit.

224 3783 294 3847 Iam
317 3781 476 3868 particula
498 3780 563 3868 μέν
586 3792 695 3849 restat.
721 3804 818 3867 quam
841 3806 884 3848 ex
907 3768 967 3870 μήν
990 3795 1093 3849 ortam
1116 3806 1187 3848 esse
1210 3788 1294 3849 inter
1316 3809 1425 3851 omnes
1448 3789 1517 3853 fere

122 3897 257 3952 constat.
281 3888 368 3951 unde
385 3887 577 3972 explicatur,
603 3910 660 3951 eur
675 3885 732 3973 μέν
748 3910 844 3971 saepe
868 3887 1006 3952 eandem
1021 3890 1086 3952 vim
1109 3898 1207 3974 atque
1223 3895 1284 3980 μήν
1310 3891 1437 3975 habeat,
1455 3915 1517 3978 quo

121 3990 222 4055 verbo
238 3992 400 4055 Homerus
417 3993 529 4076 paucis
553 3992 633 4055 locis
648 3993 759 4077 utitur,
781 3991 977 4074 Herodotus,
1001 4002 1038 4056 ut
1052 3993 1190 4075 videtur,
1214 4016 1382 4079 nusquam.
1420 4007 1518 4083 atque

121 4098 217 4160 etiam
244 4096 286 4161 ab
315 4096 443 4179 elegeis,
472 4097 533 4159 nisi
560 4096 642 4159 forte
670 4095 815 4179 Theogn.
841 4095 905 4160 352
932 4107 964 4161 et
992 4096 1076 4160 1203
1104 4120 1147 4161 ex
1174 4097 1301 4162 Sitaleri
1331 4103 1517 4165 coniectura

121 4200 209 4264 haud
232 4200 401 4285 probanda
430 4200 464 4263 id
491 4198 610 4263 inferre
634 4202 691 4281 vis,
720 4202 781 4289 μήν
811 4200 904 4265 abest
936 4222 1127 4287 semperque
1156 4200 1214 4286 μέν
1236 4226 1294 4288 pro
1318 4226 1355 4269 eo
1377 4207 1516 4290 ponitur.

122 4305 207 4389 quod
239 4306 314 4368 satis
337 4303 446 4369 multis
475 4303 554 4369 locis
576 4306 613 4368 fit
639 4314 713 4389 post
735 4306 936 4389 negationes:
974 4307 1085 4369 Mimn.
1113 4306 1197 4389 14,1
1223 4312 1260 4373 οὐ
1282 4312 1340 4394 μὲν
1363 4309 1411 4398 δή,
1435 4312 1517 4394 qua'e

121 4408 291 4492 vocabula,
307 4419 343 4473 ut
359 4409 473 4474 erebro
490 4410 577 4494 apud
593 4410 773 4473 Homerum
790 4410 844 4493 (cf.
867 4414 895 4476 Θ
911 4409 984 4491 238,
1000 4434 1016 4474 ε
1032 4411 1119 4497 341),
1144 4414 1240 4477 etiam
1255 4413 1343 4497 apud
1359 4413 1517 4498 Theogni-

121 4514 196 4577 dem
221 4514 305 4578 1314
327 4516 498 4578 coniuncta
520 4513 688 4598 leguntur3
719 4514 804 4578 adde
827 4514 972 4597 Theogu.
1000 4514 1082 4578 1079
1099 4538 1146 4601 sq.
1164 4515 1277 4583 οὐδένα
1302 4527 1367 4583 τῶν
1392 4519 1518 4603 ἐχθρῶν

120 4621 314 4705 μωμήσομαι
329 4619 449 4685 ἐσθλὸν
464 4619 567 4703 ἐόντα,
583 4619 587 4704 Ι
602 4619 675 4685 οὐδὲ
690 4620 747 4702 μὲν
763 4620 883 4707 αἰνήσω
900 4620 1004 4685 δειλὸν
1019 4622 1113 4686 ἐόντα
1128 4619 1233 4707 φίλον,
1256 4622 1407 4708 Xenoph.
1421 4624 1450 4702 2,
1467 4625 1516 4707 17,
