3392 5067
129 256 169 319 14

126 445 216 532 bare,
244 456 355 513 tamen
377 450 447 514 veri
470 448 592 535 aliquid
615 452 721 515 inesse
748 450 893 533 videtur3
928 474 1004 517 nam
1032 451 1180 536 Octavia,
1209 454 1296 540 quod
1324 455 1367 520 ad
1395 454 1525 520 dicendi

126 574 229 637 genus
260 563 293 618 et
319 576 388 619 rem
416 556 585 620 metricam
612 554 747 640 adtinet,
773 554 863 621 haud
890 560 984 642 parvi
1011 559 1172 623 aestimari
1202 558 1310 624 debet.
1356 570 1527 648 praeterea

126 658 265 745 Braun¹)
288 660 358 724 iure
381 663 513 744 negavit
536 663 711 747 quicquam
733 660 826 726 nobis
850 661 1004 727 traditum
1028 683 1099 727 esse
1123 663 1164 727 de
1188 663 1345 729 similibus
1368 668 1526 751 poematis

124 762 193 827 ΠΠ
218 762 346 829 saeculo
374 766 570 851 compositis.
624 764 802 831 Herculem
826 764 986 831 Oetaeum
1013 775 1123 832 autem
1145 767 1280 832 Richter
1306 768 1437 834 adferre
1460 792 1524 835 non

125 867 278 953 debebat,
302 869 441 954 quiade
464 878 620 955 tempore,
648 891 712 954 quo
735 892 773 935 ea
799 870 911 935 fabula
938 874 1116 957 composita
1138 882 1197 957 est,
1224 894 1266 936 ne
1288 875 1359 960 ipse
1382 874 1524 960 quidem,

125 974 180 1059 qui
210 995 281 1038 eam
307 974 438 1061 totaml)
461 997 481 1039 a
504 974 630 1039 Seneca
657 974 899 1061 abiudicavit,³)
928 978 1008 1040 certi
1035 978 1211 1062 quicquam
1238 978 1383 1063 proferre
1410 980 1523 1064 potuit.

125 1077 239 1171 quodsi
265 1077 402 1163 denique
424 1078 479 1143 ille
502 1078 669 1152 contendit
684 1077 843 1144 Octaviae
866 1082 1057 1166 scriptorem
1080 1090 1192 1167 utpote
1215 1105 1235 1147 a
1257 1084 1395 1148 Neronis
1418 1092 1525 1149 aetate

125 1184 219 1247 nimis
240 1191 401 1248 remotum
425 1204 496 1247 eam
518 1206 604 1249 nono
626 1183 697 1248 loco
721 1186 905 1262 inseruisse,
932 1207 1006 1249 cum
1028 1188 1169 1250 nesciret
1191 1186 1348 1253 Senecam
1371 1198 1447 1252 ante
1461 1188 1525 1252 Ne·

124 1308 237 1352 renem
257 1310 444 1374 supremum
467 1289 553 1354 diem
576 1288 705 1373 obiisse,
729 1288 762 1353 id
785 1289 865 1355 mihi
881 1290 1012 1375 quidem
1034 1314 1112 1356 sane
1135 1314 1326 1378 perversum
1349 1315 1420 1359 esse
1436 1293 1522 1358 vide-

124 1400 185 1455 tur.
231 1414 307 1456 narn
335 1394 374 1479 is,
405 1395 460 1479 qui
487 1393 661 1458 Octaviam
692 1396 894 1480 conscripsit,
925 1418 979 1459 res
1005 1395 1143 1461 Neronis
1175 1396 1374 1483 temporibus
1404 1407 1523 1481 gestas,

127 1496 214 1582 quod
238 1518 280 1561 ex
308 1498 477 1583 tragoedia
504 1500 576 1584 ipsa
603 1499 718 1585 elucet,
749 1497 834 1563 bene
863 1510 1008 1584 noverat,
1041 1510 1078 1564 ut
1104 1522 1236 1586 prorsus
1264 1501 1456 1567 incredibile
1484 1506 1525 1567 sit

125 1624 198 1666 eum
215 1604 248 1666 in
271 1601 369 1668 talem
393 1626 535 1670 errorem
557 1604 720 1668 incidisse.
753 1613 855 1668 restat
876 1605 975 1688 igitur
996 1604 1031 1668 id
1054 1628 1155 1669 unum
1178 1616 1414 1690 argumentum,
1438 1608 1524 1692 quod

124 1705 278 1772 Richtero
303 1730 376 1773 cum
392 1708 524 1791 Vaterc,
541 1709 696 1791 Braunio‚
719 1710 822 1773 Birtic
847 1730 1019 1774 commune
1042 1720 1100 1795 est,
1125 1713 1280 1775 statuenti
1302 1733 1355 1775 res
1378 1714 1411 1776 in
1427 1711 1525 1777 Octa·

123 1813 194 1875 viae
222 1811 334 1878 fabula
356 1822 513 1878 tractatas
536 1835 577 1877 ex
601 1814 707 1878 Taciti
735 1813 907 1878 annalibus
931 1811 1131 1899 aliorumque
1155 1815 1350 1901 scriptorum
1372 1816 1524 1906 operibus

123 1915 255 1982 haustas
283 1940 364 2001 esse,
392 1918 479 1982 unde
501 1920 567 1982 iam
592 1926 739 1983 constare
762 1916 847 1983 hanc
869 1918 1071 2002 tragoediam
1093 1928 1170 1983 ante
1185 1942 1214 1983 a.
1234 1918 1295 1982 117
1313 1922 1524 2006 compositam

125 2042 196 2085 esse
219 2044 284 2087 non
306 2044 411 2108 posse.
446 2024 533 2110 quod
556 2033 784 2108 argumentum
800 2023 842 2088 ab
859 2023 930 2088 aliis
953 2025 1139 2107 neglectum
1155 2024 1219 2109 vel,
1243 2033 1279 2088 ut
1293 2027 1414 2089 rectius
1438 2025 1524 2091 dica·

123 2148 204 2210 mus,
229 2149 292 2191 non
315 2128 492 2193 refutatum
522 2137 580 2195 est.
625 2128 792 2193 Lucianus
820 2128 956 2193 Mueller
987 2131 1073 2194 enim
1081 2128 1107 2216 ⁴)
1138 2128 1311 2194 Octaviam
1336 2129 1524 2195 Flauiorum

124 2232 325 2317 temporibus
357 2236 573 2320 conscriptam
596 2255 667 2297 esse
695 2233 884 2298 adfirmavit
913 2235 1055 2297 metricis
1086 2234 1279 2316 rationibus,
1316 2242 1352 2298 ut
1383 2233 1523 2317 videtur,

124 2336 257 2419 ductus3
289 2346 361 2423 post
392 2360 466 2402 eum
495 2337 550 2401 Fr.
574 2337 788 2426 Buecheler5)
820 2338 988 2401 contendit
1018 2359 1090 2402 eam
1120 2360 1281 2425 perparvo
1311 2338 1481 2404 intervallo
1504 2362 1526 2403 a

123 2440 262 2506 Neronis
278 2452 380 2507 morte
396 2442 516 2507 distare
533 2451 566 2506 et
581 2453 655 2507 ante
672 2443 823 2507 Tacitum
840 2452 944 2507 ortam
960 2464 1040 2505 esse.
1075 2464 1137 2506 nec
1160 2453 1269 2507 tamen
1292 2442 1377 2507 hanc
1400 2454 1524 2507 senten·

123 2548 202 2611 tiam
217 2549 414 2631 argumentis
431 2547 634 2612 confirmavit
650 2569 755 2633 neque
772 2570 836 2629 ecs,
861 2548 917 2633 qui
934 2549 1131 2611 contrarium
1147 2555 1336 2631 statuerant,
1359 2548 1523 2612 refutavit.

123 2650 310 2738 adstipulati
334 2661 409 2716 sunt
423 2651 517 2717 Aem.
535 2650 734 2729 Baehrensl)
759 2662 790 2715 et
812 2650 923 2737 Leo.⁷)
954 2650 1027 2715 Car.
1044 2651 1164 2716 Meiser
1187 2672 1325 2736 quoque,
1349 2654 1404 2737 qui
1427 2674 1524 2739 quae-

122 2758 260 2821 stionem
289 2757 330 2821 de
359 2764 504 2843 tempore
527 2756 685 2821 Octaviae
714 2755 860 2842 tetigit,⁸)
889 2778 961 2821 eam
988 2756 1096 2843 paullo
1123 2765 1199 2842 post
1220 2756 1358 2821 Neronis
1386 2766 1523 2821 mortem

123 2884 151 2926 a.
169 2861 210 2925 69
235 2861 287 2925 vel
311 2861 352 2926 70
377 2864 593 2947 conscriptam
617 2886 687 2927 esse
709 2882 902 2947 persuasum
925 2861 1034 2926 habet.
1080 2882 1164 2947 quae
1188 2882 1262 2924 cum
1284 2862 1330 2925 ita
1352 2860 1425 2945 sint,
1448 2871 1523 2925 ante

124 2968 232 3031 omnia
254 2968 286 3030 in
315 2965 400 3031 hanc
427 2988 497 3031 rem
524 2966 754 3053 inquirendum
779 2988 850 3030 esse
873 2986 1000 3051 censeo,
1028 2988 1107 3031 num
1129 2986 1165 3029 re
1189 2987 1268 3028 vera
1291 2986 1335 3028 ex
1358 2986 1521 3051 compara-

123 3072 209 3135 tione
237 3072 321 3135 inter
344 3069 502 3136 Octaviae
527 3080 559 3133 et
582 3071 688 3135 Taciti
715 3071 917 3156 aliorumque
944 3072 1137 3156 scriptorum
1164 3069 1253 3134 locos
1280 3069 1427 3133 instituta
1450 3069 1522 3135 elici

122 3178 223 3262 possit
246 3174 404 3240 Octaviae
428 3185 594 3240 auctorem
617 3178 650 3240 in
673 3175 842 3259 tragoedia
866 3198 924 3239 sua
947 3173 1171 3259 componenda
1194 3173 1345 3237 Tacitum
1366 3173 1421 3237 vel
1443 3174 1522 3237 alios

228 3406 248 3471 ¹)
266 3405 336 3454 Ann.
354 3403 419 3469 phil.
438 3402 644 3453 LXXXXVIIII
662 3405 721 3465 876,
745 3419 798 3468 quc
817 3403 878 3452 loco
899 3403 997 3451 frustra
1016 3417 1091 3452 suam
1111 3402 1144 3451 de
1163 3401 1278 3451 Octavia
1296 3402 1459 3451 sententiam
1478 3401 1521 3451 de·

123 3494 233 3543 fondere
252 3497 364 3542 conatus
383 3496 430 3541 est.

226 3579 248 3645 ²)
267 3580 323 3629 Leo
347 3578 388 3628 ed.
411 3577 463 3627 vol.
483 3578 497 3626 I
518 3593 544 3642 p.
563 3579 645 3642 48sq.
678 3577 819 3627 ostendere
843 3576 946 3626 studuit
970 3578 1028 3625 eius
1051 3576 1160 3626 fabulae
1183 3591 1276 3625 versus
1300 3575 1363 3623 inde
1381 3590 1397 3624 a
1415 3572 1487 3623 Dcc
1505 3589 1522 3624 a

123 3668 226 3719 Seneca
244 3682 298 3717 non
317 3681 375 3717 esse
393 3667 535 3730 profectos,
558 3664 604 3714 sed
623 3666 818 3715 continuatoris
837 3679 934 3729 operae
953 3664 1044 3713 deberi
1063 3664 1109 3728 (cf.
1126 3681 1151 3729 p.
1167 3664 1225 3728 73);
1249 3667 1393 3712 antaeum
1415 3662 1521 3711 Habro-

123 3753 187 3804 cker
204 3754 221 3803 l.
237 3769 259 3803 c.
272 3770 296 3819 p.
311 3755 384 3817 ltsq.
404 3754 555 3803 coniecerat
573 3752 682 3801 fabulae
700 3753 807 3801 initium
828 3752 954 3816 (1-232)
974 3756 1001 3800 et
1013 3750 1094 3799 finem
1113 3749 1267 3815 (loelsqq.)
1287 3750 1321 3799 ab
1339 3748 1393 3798 alic
1406 3748 1522 3814 quodam

121 3841 230 3891 homine
249 3840 354 3890 adiecta
372 3855 438 3889 esse.
461 3838 491 3888 L.
506 3838 617 3888 'lachen
636 3838 752 3903 denique
770 3836 869 3888 Philol.
886 3838 1028 3888 XXXXVI
1046 3838 1139 3902 378sq.
1160 3835 1333 3901 comprobare
1351 3841 1463 3885 conatus
1481 3840 1522 3885 est

122 3944 164 3977 vv.
182 3929 318 3977 104-172
337 3942 353 3976 a
369 3926 473 3977 Seneca
491 3927 603 3991 scriptos
622 3940 680 3975 esse
699 3941 754 3974 non
772 3940 850 3990 posse
869 3931 896 3975 et
914 3925 948 3974 de
967 3926 1045 3974 initio
1066 3924 1136 3988 (dico
1149 3940 1192 3973 vv.
1209 3923 1321 3987 1-104)
1339 3922 1411 3971 idem
1429 3921 1522 3973 valere

122 4031 182 4066 mox
201 4030 230 4065 se
248 4014 446 4065 declaraturum
465 4028 523 4063 esse
540 4014 668 4078 promisit.

225 4102 246 4167 ³)
265 4101 297 4151 In
315 4102 376 4151 diss.
396 4101 441 4167 (cf.
454 4118 479 4167 p.
493 4099 538 4166 31)
558 4106 585 4150 et
603 4099 666 4150 edit.
679 4100 761 4165 praef.
782 4099 893 4164 p.V111.

226 4189 247 4254 ⁴)
266 4189 308 4237 De
326 4203 354 4237 re
373 4194 448 4237 metr.
462 4188 538 4238 Rom.
558 4204 582 4253 p.
597 4188 638 4236 53.

227 4278 246 4341 5)
264 4276 332 4325 Mus.
350 4275 437 4325 Rhen.
456 4275 560 4324 XXVII
578 4276 637 4324 474.

226 4362 246 4427 ⁶)
265 4363 297 4412 In
317 4362 428 4412 miscell.
448 4363 505 4411 crit.
525 4378 549 4426 p.
565 4363 622 4411 114.

266 4450 306 4501 Of.
326 4450 367 4499 ed.
387 4466 412 4499 v.
431 4450 444 4498 I
462 4468 487 4515 p.
509 4453 530 4498 1.

225 4451 246 4603 ⁸)
265 4539 365 4588 ‘Ueber
382 4537 539 4587 historische
557 4537 677 4587 Dramen
696 4536 743 4587 der
755 4537 861 4585 Romer.
886 4536 1017 4585 Festrcde
1036 4536 1164 4601 gehalten
1183 4538 1211 4584 in
1229 4535 1276 4585 der
1288 4532 1390 4584 offentl.
1404 4533 1519 4599 Sitaung

123 4626 171 4683 der
187 4626 243 4702 kgl,
257 4625 338 4681 Acad.
358 4625 404 4675 der
422 4624 586 4675 Wissensch.
606 4640 640 4673 au
658 4624 795 4673 Mttnchen
814 4638 857 4672 am
879 4622 1097 4685 15.N0v.1887'‚
1116 4640 1140 4689 p.
1158 4624 1196 4672 18.
