3392 5067
172 168 236 233 200

173 359 450 424 coniunctionibus
488 363 594 445 priore
630 361 701 423 loco
733 364 852 425 acturis
884 362 978 425 nobis
1011 386 1030 425 a
1063 362 1254 447 copulativis
1290 366 1415 429 initium
1442 389 1567 430 sumen-

151 456 249 529 dum
273 475 330 529 est.

275 568 543 633 Coniunctionum
576 570 674 652 igitur
709 569 1020 653 copulativarum
1050 571 1137 654 apud
1172 582 1283 657 poetas
1316 573 1475 656 elegiacos
1506 574 1567 637 hae

170 678 334 760 leguntur:
357 671 420 753 καί,
436 672 481 753 σε’,
498 671 563 759 ἠδέ.
592 673 766 757 exquibus
782 674 942 760 particula
956 673 1027 741 aui
1050 675 1144 758 longe
1159 678 1367 741 usitatissima
1384 688 1440 742 est.
1466 679 1567 743 verba

171 790 288 862 autem,
313 800 395 863 quae
418 776 479 840 hac
504 778 750 861 coniunguntur,
775 780 819 840 ita
836 787 1023 863 comparata
1046 801 1117 842 esse
1134 780 1246 858 solent,
1269 790 1306 844 ut
1320 783 1363 846 ad
1380 793 1565 847 concretum

93 873 99 883 ⁵
172 885 256 969 quod
274 884 390 946 dicitur
406 891 602 963 concretum,
618 881 661 945 ad
677 881 876 946 abstractum
891 883 1091 946 abstractum
1107 884 1252 948 accedat.
1270 885 1327 948 sed
1344 885 1488 970 Theogn.
1503 888 1565 951 603

170 986 245 1073 ἔργα
267 986 321 1053 καὶ
343 991 433 1071 ὕβρις
455 988 622 1071 utriusque
645 988 772 1068 generis
797 986 1000 1050 substantiva
1023 990 1067 1051 ita
1090 990 1241 1072 copulata
1264 989 1375 1070 habes,
1399 1000 1434 1053 ut
1455 989 1489 1056 tv
1512 993 1565 1057 διὰ

171 1094 258 1160 δυοῖν
274 1092 360 1177 quod
377 1091 489 1154 dicunt
508 1093 709 1174 grammatici
732 1090 902 1173 efficiatur,
927 1112 1009 1175 quae
1036 1092 1139 1176 figura
1161 1096 1258 1158 etiam
1276 1093 1359 1157 1040
1381 1096 1498 1179 ἄστρου
1512 1094 1567 1161 καὶ

169 1200 260 1275 κυνδς
283 1194 455 1281 ἀρχομένου
476 1195 647 1259 statuenda
663 1204 718 1259 est.
751 1197 827 1259 item
849 1194 1050 1260 substantivo
1072 1206 1223 1262 concreto
1238 1197 1438 1262 abstractum
1454 1198 1516 1263 833
1532 1201 1566 1263 ἐν

168 1305 338 1386 κοράκεσσι
367 1298 422 1364 καὶ
448 1300 481 1364 ἐν
511 1302 626 1387 φθόρῳ
655 1300 846 1364 adnectitur.
893 1310 1063 1383 praeterea
1091 1304 1409 1367 commemorandum
1437 1313 1486 1367 est
1512 1302 1566 1369 καί

171 1427 269 1489 saepe
286 1413 357 1489 post
372 1406 576 1487 negationem
599 1406 746 1468 inveniri.
772 1405 858 1489 quod
880 1404 926 1486 fit,
950 1406 976 1467 si
999 1405 1102 1478 verba
1123 1405 1185 1470 bae
1209 1407 1378 1491 particula·
1393 1409 1564 1471 coniuncta

171 1520 239 1572 arte
261 1510 346 1571 inter
369 1530 404 1571 se
428 1508 602 1571 cohaerent
626 1516 658 1571 et
681 1518 847 1593 tamquam
872 1510 905 1572 in
927 1531 1025 1573 unam
1047 1512 1212 1575 notionem
1235 1511 1430 1575 coalescunt.
1481 1512 1567 1597 quod

171 1614 290 1697 optime
314 1634 356 1674 ex
379 1612 522 1694 Theogn.
548 1634 600 1676 vv.
627 1612 687 1675 103
705 1634 751 1697 sq.
777 1609 843 1678 οὔτ’
864 1614 902 1677 ἅν
929 1609 960 1677 ο)
978 1614 1013 1677 ἐκ
1040 1615 1195 1695 χαλεποῖο
1223 1617 1326 1681 πόνου
1355 1620 1486 1702 ῥύσαιτο
1511 1616 1566 1682 καὶ

171 1718 248 1804 ἄσης
262 1716 265 1801 l
281 1718 353 1781 edua
375 1740 427 1781 κεν
442 1717 563 1782 ἐσθλὸν
578 1712 658 1799 ἔχων
680 1727 736 1781 τοῦ
758 1719 915 1802 μεταδοῦν
937 1716 1049 1783 ἐθέλοι
1071 1722 1280 1804 conspicitur3
1303 1720 1457 1805 bipertita
1480 1723 1565 1785 enim

171 1830 220 1883 est
243 1822 342 1883 oratio
363 1829 396 1883 et
415 1819 523 1884 verbis
546 1822 648 1886 πόνου
675 1818 729 1886 καὶ
752 1823 829 1907 δίνης
851 1828 940 1905 prius
963 1822 1146 1887 membrum
1168 1823 1322 1903 efficitur3
1346 1825 1387 1888 cf.
1405 1825 1483 1889 ibid.
1504 1825 1563 1887 131

170 1925 261 1990 οὐδὲν
275 1924 309 1988 ἐν
324 1927 530 2010 ἀνθρώποισι
547 1928 669 2010 πατρὸς
683 1923 737 1991 καὶ
752 1929 871 2011 μητρὸς
888 1923 1033 2010 (γονέων)
1047 1927 1175 2011 δμεινον
1191 1937 1223 1990 et
1238 1927 1316 1991 alios
1332 1928 1429 1992 locos.
1452 1928 1565 1992 eadem

170 2029 328 2116 particula
350 2030 437 2094 haud
461 2052 534 2094 raro
558 2031 719 2094 adiectiva
749 2031 997 2113 coniunguntur.
1044 2031 1130 2116 quod
1158 2034 1183 2096 si
1206 2033 1252 2114 fit,
1277 2032 1444 2097 collocatio
1468 2055 1564 2117 saepe

170 2136 251 2201 haee
269 2143 326 2215 est,
351 2136 439 2198 utin
459 2137 566 2221 priore
582 2157 696 2199 versus
719 2143 812 2220 parte
829 2134 964 2198 alterurn
981 2135 1177 2200 adiectivum
1201 2158 1273 2199 cum
1298 2136 1509 2218 substantivo,
1532 2139 1564 2199 in

170 2241 346 2324 posteriore
370 2248 462 2324 parte
487 2238 623 2303 alterum
647 2238 843 2302 adiectivum
867 2247 1014 2322 ponatur,
1037 2238 1137 2302 veluti
1154 2239 1217 2303 Sol.
1237 2240 1287 2321 13,
1304 2238 1345 2302 68
1362 2241 1408 2319 εἰς
1429 2241 1566 2327 μεγάλην

170 2346 247 2432 δίνην
273 2342 328 2409 καὶ
354 2344 495 2429 χαλεπὴν
523 2339 644 2425 ἔπεσεν,
673 2344 817 2425 Theogn.
846 2343 910 2406 434
936 2343 1075 2421 πολλοὺς
1101 2345 1140 2407 δν
1165 2348 1307 2428 μισθοὺς
1333 2343 1387 2409 καὶ
1412 2346 1566 2429 μεγάλους

169 2444 290 2537 ἔφερον,
318 2450 396 2511 item
424 2448 486 2511 608
515 2449 687 2532 multisque
717 2446 788 2511 aliis
818 2448 907 2531 loeis,
935 2457 971 2510 ut
1001 2456 1112 2532 poetas
1143 2447 1302 2532 elegiacos
1333 2470 1404 2512 eam
1433 2448 1564 2513 colloca·

169 2556 290 2618 tionem
317 2552 492 2616 admodum
519 2552 687 2616 adamasse
718 2552 813 2615 facile
840 2551 1012 2635 adpareat,
1046 2554 1235 2638 praesertim
1264 2575 1337 2616 cum
1368 2554 1465 2617 etiarn
1492 2553 1563 2616 sub-

170 2660 309 2723 stantivo
325 2679 390 2721 non
411 2656 588 2720 accedente
605 2657 767 2721 adieetiva
789 2659 835 2719 ita
857 2658 961 2742 posita
984 2657 1199 2737 inveniantur,
1224 2656 1324 2720 veluti
1340 2657 1486 2739 Theogn.
1502 2658 1566 2721 652

169 2763 274 2831 ἐσθλὰ
296 2756 366 2845 μετ’
387 2765 571 2846 ἀνθρώπων
592 2759 645 2826 καὶ
667 2757 737 2825 κάλ)
753 2762 966 2845 ἐπιστάμενον
989 2770 1021 2822 et
1044 2760 1272 2845 Tyrt.10,26.
1308 2783 1380 2825 oum
1404 2761 1475 2825 aliis
1497 2784 1565 2825 ver-

169 2868 284 2932 borum
316 2865 490 2950 generibus
520 2863 576 2931 ιιαῖ
605 2887 678 2928 raro
709 2866 924 2948 coniungitur,
956 2867 1031 2949 quia
1054 2886 1164 2928 eorum
1195 2867 1377 2929 coniunctio
1399 2868 1470 2950 ipsa
1493 2889 1566 2929 rara

170 2983 226 3036 est.
251 2970 308 3035 ubi
330 2970 424 3055 plura
446 2969 549 3033 verba
571 2971 654 3033 inter
677 2991 711 3032 se
734 2971 911 3053 excipiunt,
935 2970 968 3032 in
992 2968 1111 3052 elegeis
1135 2970 1260 3052 singula
1284 2968 1385 3033 verba
1407 2970 1567 3054 particula

171 3075 355 3161 copulativa
377 3076 533 3137 instructa
557 3082 643 3153 sunt3
668 3076 866 3138 rarissimum
889 3083 937 3136 est
960 3074 1044 3157 quod
1070 3072 1188 3138 dicitur
1211 3073 1402 3158 asyndeton.
1448 3096 1566 3158 magna

169 3191 278 3245 autem
305 3182 339 3243 in
362 3166 528 3264 particulis
556 3169 750 3241 adhibendis
774 3186 824 3241 est
846 3179 1001 3256 varietas3
1041 3176 1137 3240 modo
1160 3179 1255 3259 enim,
1284 3198 1480 3263 quamquam
1502 3200 1566 3241 non

170 3288 214 3348 ita
238 3284 433 3369 frequenter,
463 3282 535 3345 'sola
569 3281 729 3366 particula
755 3279 810 3345 καί
836 3280 963 3364 legitur,
1001 3283 1090 3344 cuius
1124 3283 1171 3343 rei
1206 3280 1392 3365 exemplum
1431 3281 1567 3367 praebet

169 3389 314 3471 Theogn.
332 3387 393 3453 301
417 3389 532 3470 πικρὸς
553 3383 608 3450 καὶ
630 3386 739 3469 γλυκὺς
759 3384 835 3449 ἴσθι
857 3382 912 3449 καὶ
935 3382 1095 3468 ἁρπαλδος
1116 3383 1171 3449 καὶ
1193 3387 1324 3474 ἀπήνης,
1348 3384 1444 3449 modo
1467 3388 1567 3449 oratio

170 3495 323 3574 variatur,
346 3502 382 3555 ut
398 3514 496 3555 versu
512 3492 660 3575 proximo
683 3490 808 3573 teleptae
827 3488 881 3554 καὶ
904 3487 1027 3573 δμωσὶν
1048 3486 1169 3571 γεῖσοσὶ
1184 3484 1214 3553 τ’
1229 3492 1426 3575 ἀγχιθύροις,
1450 3489 1566 3575 quibus

169 3600 246 3663 loeis
268 3595 365 3660 Phoc.
383 3618 414 3658 v.
431 3595 461 3677 3,
478 3596 499 3657 4
515 3616 673 3679 opponas:
704 3596 837 3679 εὔφορος
866 3593 932 3681 η’δε,
956 3598 1077 3673 ταχεῖα,
1101 3590 1305 3678 περίδρομος,
1328 3588 1413 3672 εἶδος
1443 3592 1564 3679 ἀρίστη.

169 3706 233 3766 iarn
251 3703 292 3766 ad
314 3701 480 3764 enuntiata
497 3698 729 3762 transeundum
752 3708 800 3759 est
818 3696 978 3781 particula
993 3693 1049 3763 καῖ
1065 3696 1224 3782 copulata.
1249 3720 1288 3760 ae
1311 3699 1450 3783 primum
1478 3720 1567 3784 prae-

170 3812 266 3871 misso
293 3805 485 3889 imperativo
509 3804 609 3867 oratio
632 3801 749 3864 vocula
776 3800 831 3866 καῖ
857 3800 1004 3865 adhibita
1026 3800 1069 3863 ad
1097 3801 1129 3863 id
1158 3802 1273 3885 pergit,
1303 3802 1388 3885 quod
1413 3801 1566 3886 deinceps

171 3922 202 3974 et
219 3920 305 3975 certo
322 3909 452 3993 quidem
470 3916 660 3970 eventurum
677 3907 725 3969 sit.
750 3906 812 3970 loci
828 3915 946 3987 autem,
970 3906 1025 3990 qui
1047 3904 1110 3968 huc
1134 3914 1292 3989 spectant,
1316 3915 1404 3969 sunt:
1421 3904 1565 3989 Theogn.

170 4016 210 4078 37
235 4024 335 4079 ταῦτα
363 4016 482 4097 μαθὼν
505 4016 678 4096 ἀγαθοῖσιν
700 4008 816 4095 ὁμίλει,
839 4008 894 4075 καί
915 4033 996 4074 ποτε
1019 4013 1132 4097 φήσεις
1154 4019 1186 4072 et
1211 4008 1286 4087 10ος
1333 4010 1373 4072 ef.
1399 4020 1568 4093 praeterea

170 4119 315 4201 Theogn.
348 4117 411 4181 335
433 4137 478 4201 sq.
508 4116 604 4204 μηδὲν
631 4114 709 4198 ἄγαν
736 4116 902 4180 σπεύδειν·
948 4120 1079 4179 πάντων
1104 4108 1176 4197 μέσ’
1197 4114 1327 4197 ἄριστα·
1358 4113 1412 4178 καὶ
1435 4114 1564 4200 odrae!

172 4218 279 4309 dev',
313 4220 393 4301 ἕξεις
423 4224 543 4308 ἀρενήν,
575 4223 647 4307 η’ντε
681 4219 790 4301 λαβεῖν
820 4220 969 4300 χαλεπόν,
1001 4216 1058 4281 ubi
1087 4217 1129 4281 ad
1160 4218 1331 4292 rationem,
1370 4240 1454 4302 quae
1484 4221 1567 4281 inter

171 4338 341 4412 utrumque
370 4328 571 4390 enuntiatum
597 4324 779 4404 intercedit,
808 4325 991 4386 accuratius
1015 4320 1251 4405 designandam
1277 4324 1377 4399 οὕτως
1403 4321 1567 4385 adiectum

171 4445 229 4514 est,
254 4432 340 4517 quod
363 4432 450 4495 idem
473 4430 506 4493 in
531 4429 625 4492 simili
649 4428 719 4491 loeo
744 4426 806 4490 339
823 4428 1028 4511 conspicitur.
1074 4447 1170 4509 porro
1192 4434 1266 4510 post
1287 4417 1367 4507 ἶσος,
1392 4447 1455 4509 qua
1477 4428 1511 4489 in
1532 4448 1568 4489 re

171 4559 247 4599 usus
270 4547 439 4619 poetarum
457 4534 675 4617 elegiacorum
692 4531 734 4596 ab
757 4554 818 4595 usu
832 4532 968 4594 Homeri
984 4530 1102 4607 differt,
1126 4528 1181 4594 καί
1203 4531 1376 4594 invenitur.
1408 4552 1486 4593 sane
1502 4529 1565 4594 Sol.
