3392 5067
122 258 125 263 ·
158 236 222 299 262

261 428 431 491 Invenitur
454 430 487 491 in
511 431 739 513 Argonauticis
763 431 956 507 coniunctio,
986 452 1069 515 quae
1093 432 1137 494 ita
1165 438 1323 516 usurpata
1344 430 1386 495 ab
1414 431 1557 495 Homero

158 532 264 595 aliena
280 542 312 595 et
327 534 518 597 recentioris
534 535 649 598 aetatis
669 536 800 620 propria
817 544 866 597 est
889 533 946 619 (of.
963 534 1087 619 Bergk,
1110 534 1183 599 hist.
1200 533 1259 599 litt.
1277 556 1385 618 graec.
1406 534 1424 599 I
1445 558 1477 620 p.
1498 534 1559 598 132

158 660 188 701 5.
206 634 298 723 218);
320 635 446 724 μέσφα
462 638 561 724 4111)
578 638 635 725 (cf.
653 638 760 725 Apoll.
778 638 812 703 II
830 638 924 719 1227,
943 638 1036 720 1258,
1053 638 1132 704 Call.
1149 640 1217 702 IIII
1232 638 1285 723 47,
1301 639 1350 704 VI
1365 640 1432 724 93),
1449 633 1560 726 μέσφ’

158 742 220 806 ὅτε
245 740 329 804 1232
360 741 516 826 (510511.
541 743 593 808 III
618 743 689 825 195,
713 742 761 808 VI
787 744 859 826 112,
884 744 995 824 Quint.
1019 743 1070 808 111
1093 744 1167 825 623,
1191 744 1257 808 VH
1280 744 1354 826 621,
1378 744 1461 808 VIII
1486 743 1558 825 134,

158 845 259 910 VIIII
274 846 348 927 325,
373 846 440 909 XII
457 846 544 931 296).
570 850 648 912 item
671 850 858 913 recentioris
881 851 997 912 aetatis
1021 859 1095 912 sunt
1118 848 1297 934 particulae
1319 850 1404 914 inter
1427 871 1462 912 se
1487 870 1558 912 com

158 952 301 1015 iunctae:
340 948 433 1039 ἦμος
459 952 521 1017 ὅτε
548 951 624 1029 120;
657 952 697 1018 cl.
724 952 829 1038 Apoll.
853 953 923 1017 IIII
946 952 1019 1037 267,
1043 952 1117 1035 452,
1143 952 1227 1017 1310
1255 961 1287 1016 51
1310 955 1404 1017 Arati
1426 975 1458 1017 v.
1483 952 1557 1036 584,

159 1076 223 1141 555
245 1054 316 1120 loco
339 1057 480 1140 primum
502 1054 584 1143 ἦμος
606 1057 659 1122 ὅτε
683 1066 796 1121 extare
820 1058 860 1121 V.
882 1058 907 1123 I.
929 1056 1074 1121 Loebius
1096 1065 1235 1122 testatur
1258 1057 1326 1143 (De
1349 1057 1428 1122 eloe.
1454 1057 1557 1121 Arati.

159 1159 251 1223 Halis
275 1160 351 1225 Sax.
379 1158 471 1243 1864,
496 1181 526 1244 p.
543 1158 661 1247 44),1),
680 1161 798 1247 quibus
828 1161 907 1226 locis
938 1161 1055 1227 adlatis
1086 1162 1259 1248 adparebit
1294 1164 1408 1249 opinor
1442 1164 1559 1226 iniuria

159 1262 396 1329 Schneiderum
417 1274 516 1352 τῆμος
539 1267 592 1331 ὅτε
616 1267 784 1352 scripsisse
807 1268 840 1329 in
864 1267 943 1350 Arg.
968 1289 999 1329 v.
1019 1266 1089 1331 120.

262 1385 358 1465 Quod
381 1386 424 1451 ad
447 1387 579 1452 modum
601 1387 736 1468 adtinet,
768 1389 802 1451 in
825 1387 868 1452 60
891 1390 1065 1453 5555115115
1089 1388 1321 1476 temporalibus
1347 1386 1435 1473 (5ιοί
1458 1390 1558 1452 vicies

158 1490 290 1576 legitur)
313 1490 506 1577 plerumque
530 1494 672 1555 occurrit
694 1491 901 1575 indicativus,
927 1504 1050 1579 quater,
1081 1493 1139 1557 ubi
1161 1496 1193 1556 in
1217 1495 1383 1557 enuntiato
1406 1494 1559 1580 primario

159 1604 289 1681 tempus
317 1597 507 1681 primarium
535 1606 597 1677 est,
627 1597 871 1662 coniunctivus:
909 1596 972 1661 348
1003 1607 1076 1683 post
1103 1597 1206 1685 δ’φρα,
1235 1596 1299 1661 552
1325 1608 1398 1684 post
1425 1598 1558 1679 ὁπόταν,

161 1700 245 1763 1232
270 1711 343 1786 post
371 1696 469 1787 μέσφ’
485 1702 572 1767 ὅταν.
608 1701 648 1765 (15
670 1723 703 1764 v.
728 1701 812 1766 1110
838 1703 873 1765 15
900 1712 1070 1788 utramque
1101 1712 1227 1789 partem
1256 1701 1415 1788 disputari
1442 1711 1558 1788 potest,

160 1816 270 1869 utrum
294 1827 392 1869 versu
414 1804 479 1869 348
504 1805 619 1870 collato
641 1808 838 1871 retineamus
861 1804 936 1873 ἐπεὶ
956 1857 962 1870 .
986 1859 993 1872 .
1016 1858 1023 1872 .
1043 1805 1228 1887 ἐξανύσωσι,
1256 1808 1349 1870 cuius
1378 1816 1560 1871 structurae

160 1932 326 1995 perpauca
356 1910 508 1996 exempla
541 1932 583 1973 ex
613 1910 756 1975 Homero
788 1910 896 1975 adfert
924 1910 975 1974 La
997 1911 1108 1976 Roche
1137 1910 1236 1997 (Anu.
1260 1934 1370 1997 gymn.
1395 1911 1505 1975 Austr.
1528 1933 1558 1974 a.

162 2013 256 2096 1876,
288 2037 319 2100 p.
344 2012 408 2078 409
425 2012 503 2101 sq.):
540 2017 579 2078 Λ
601 2013 680 2098 478,
716 2015 839 2098 0363,
869 2014 944 2097 680,
976 2018 1014 2081 Π
1034 2015 1109 2099 453,
1138 2016 1257 2099 cleo,
1288 2014 1381 2097 586,
1412 2038 1455 2078 55
1485 2036 1560 2078 cum

160 2119 372 2203 Schneidero,
397 2141 491 2205 quem
510 2129 689 2205 sequuntur
704 2121 913 2185 Hermannus
936 2130 969 2185 et
983 2120 1129 2203 Abelius,
1149 2143 1342 2207 reponamus
1358 2120 1449 2209 ἐπήν,
1473 2118 1561 2205 quod

160 2227 291 2307 Quinto,
304 2226 359 2310 qui
374 2222 448 2290 ἕποι’
464 2245 538 2288 curn
555 2226 762 2290 coniunctivo
779 2227 998 2291 consociatum
1013 2248 1078 2290 non
1090 2225 1238 2291 adhibuit
1249 2225 1306 2311 (cf.
1315 2224 1466 2309 Koechly
1478 2223 1558 2309 prol.

159 2354 190 2417 p.
207 2329 398 2414 LXXXV),
422 2331 499 2392 satis
522 2330 634 2393 tritum
656 2340 718 2411 est,
748 2330 789 2396 cl.
812 2330 829 2394 I
853 2330 927 2409 303,
951 2330 1024 2413 732,
1048 2329 1122 2412 810,
1145 2329 1179 2394 H
1201 2329 1275 2412 445,
1299 2329 1365 2394 VH
1387 2328 1460 2410 213,
1483 2326 1558 2410 298,

159 2436 189 2500 Χ
209 2434 259 2512 34,
284 2432 386 2497 XIIII
402 2432 475 2499 221.
521 2455 626 2519 55555
646 2433 847 2519 Apollonius,
873 2436 899 2497 si
922 2433 1100 2500 Wellaueri
1119 2435 1219 2499 indici
1234 2435 1315 2499 fides
1331 2432 1484 2497 habenda
1499 2442 1558 2511 est,

159 2561 296 2624 usquam
310 2536 384 2603 ἐπεί
399 2536 502 2603 solum
518 2559 592 2602 cum
610 2539 816 2603 coniunctivo
837 2541 1014 2624 coniunxit,
1038 2539 1095 2603 sed
1114 2537 1286 2605 555155Ιῖ
1304 2538 1397 2621 1011,
1418 2536 1558 2601 1Π579.

159 2655 267 2708 tamen
291 2644 520 2707 5555155515
544 2642 694 2706 codicum
716 2642 854 2707 lectione
877 2643 1278 2730 adquiescerepossirnus.
1314 2641 1466 2728 exempla
1485 2662 1559 2705 con-

159 2749 295 2813 iunctivi
312 2769 386 2811 cum
402 2746 441 2813 dv
455 2747 508 2812 vel
523 2771 559 2812 ae
575 2748 738 2813 coniuncti
754 2758 786 2811 et
801 2747 925 2834 absque
945 2747 1008 2811 illis
1024 2747 1190 2833 particulis
1205 2749 1239 2811 in
1251 2748 1425 2812 enuntiatis
1437 2756 1558 2831 tempo-

158 2853 281 2918 ralibus
294 2853 388 2938 positi
400 2862 433 2915 et
448 2874 489 2916 ex
502 2852 644 2916 Homero
658 2862 691 2915 et
702 2875 719 2915 e
732 2851 963 2938 posterioribus
980 2852 1080 2937 epicis
1095 2854 1163 2937 peti
1179 2861 1313 2938 possunt
1328 2853 1403 2915 satis
1415 2849 1557 2935 multas)

159 2960 322 3044 optativus
337 2957 519 3042 praesentis
536 2955 635 3020 semel
651 2964 796 3042 tempore
819 2958 992 3043 praeterito
1015 2955 1230 3021 antecedente
1253 2957 1459 3039 coniungitur
1482 2976 1557 3018 cum

158 3058 254 3148 πρίν,
268 3084 351 3147 5555
375 3071 537 3125 structura
560 3060 701 3125 Sturmio
725 3060 770 3146 (p.
796 3060 858 3124 145
874 3058 959 3147 sqq.)
981 3069 1065 3125 teste
1087 3062 1250 3125 rarissima
1273 3070 1330 3124 est.
1376 3059 1464 3145 apud
1486 3059 1559 3123 Ho-

159 3168 284 3233 merum
308 3166 407 3231 semel
435 3164 482 3251 (o
506 3164 584 3251 580)
609 3167 790 3252 optativum
813 3167 923 3230 aoristi
945 3166 1098 3251 legimus,
1137 3168 1275 3248 omnino,
1299 3168 1354 3251 qui
1376 3166 1559 3250 optativum

158 3366 365 3375 -——--———

263 3503 283 3569 ¹)
303 3502 426 3553 Editores
449 3501 496 3565 qui
518 3501 557 3549 sio
582 3500 791 3563 interpungunt:
823 3494 881 3546 ἀλλ’
900 3495 954 3564 ἐγὼ
978 3498 1010 3547 οὐ
1032 3498 1250 3565 πώόμην·ττέρι
1273 3502 1326 3565 γάρ
1348 3515 1400 3564 μοι
1418 3497 1558 3561 ἐπήλυθεν

159 3589 250 3653 αἰδώς,
266 3591 270 3657 Ι
287 3588 436 3656 ὁπλότερον
455 3591 580 3653 γεγαῶτα
600 3586 747 3653 γεραιτέρῳ
768 3584 955 3653 ἰσοφαρίζειν·
972 3584 976 3649 Ι
991 3581 1078 3652 μέσφ’
1096 3584 1178 3641 αὐτὸς
1190 3589 1299 3652 Χείρων
1312 3585 1444 3635 ἐλιλαίετο
1461 3588 1510 3634 καί
1524 3580 1557 3650 μ’

159 3679 274 3729 ἀέκοντα
295 3676 299 3742 Ι
319 3674 419 3742 ἠνώγει
441 3670 535 3739 ᾄδοντ’
558 3673 733 3741 ἐριδαίνεμεν
758 3674 796 3721 115
816 3673 914 3740 μέσφα
937 3674 1058 3738 accipere
1081 3672 1214 3734 videntur,
1236 3677 1267 3722 51
1289 3672 1449 3737 respondeat
1470 3672 1558 3721 latino

159 3765 286 3828 ‘interea',
306 3779 358 3829 quo
381 3762 459 3811 modo
479 3761 549 3826 apud
572 3760 639 3810 Call.
659 3761 683 3809 V
696 3762 729 3810 55
752 3766 909 3823 usurpatum
933 3765 981 3809 est.
1017 3774 1077 3809 meo
1100 3759 1208 3825 quidem
1231 3760 1331 3809 iudicio
1354 3758 1437 3808 verba
1458 3759 1522 3809 indo
1540 3774 1558 3808 a

158 3852 220 3919 πέρι
237 3864 323 3917 55555
342 3850 375 3899 55
394 3846 425 3916 μ’
438 3849 553 3899 ἀέκοντα
572 3848 738 3913 parenthesis
756 3846 815 3897 loco
836 3847 958 3896 habenda
971 3852 999 3897 51
1011 3852 1100 3897 cetera
1118 3848 1156 3896 ita
1174 3847 1374 3913 interpretanda
1392 3852 1468 3896 sunt:
1492 3848 1557 3896 ‘non

160 3938 351 4003 obtemperavi,
370 3936 433 3985 dum
452 3935 551 3985 Chiron
569 3936 627 3999 ipsc
646 3936 792 4000 cupiditate
811 3940 905 3999 captus
922 3935 1037 3983 invitum
1056 3949 1099 3984 me
1117 3939 1199 3983 cantu
1217 3939 1319 3984 certare
1337 3932 1430 3984 iussil'.

262 4060 284 4126 ²)
304 4058 406 4109 Addam
429 4057 457 4117 ἐξ
481 4047 514 4108 οὗ
538 4063 565 4107 51
589 4056 676 4108 εἰσόκε
705 4057 749 4121 (cf.
774 4056 931 4107 Schneideri
954 4062 1044 4106 notam
1074 4057 1107 4106 ad
1131 4056 1197 4108 Call.
1221 4057 1275 4106 ΙΙΠ
1296 4059 1345 4106 150
1368 4062 1396 4105 51
1419 4056 1510 4118 Quint.
1529 4056 1558 4104 11

159 4151 201 4210 30,
221 4147 277 4210 74),
296 4161 366 4212 5555
393 4146 465 4211 apud
486 4146 632 4195 Homerum
662 4146 698 4193 ‘in
719 4159 800 4194 verae
828 4144 1025 4193 coniunctionis
1052 4149 1140 4209 partes
1161 4141 1291 4206 veniunt‚'
1319 4144 1347 4192 15
1368 4144 1558 4209 Argonauticis

158 4251 212 4285 non
231 4234 294 4300 legi.

171 4409 172 4414 ,
264 4355 286 4421 ³)
305 4356 365 4405 Hac
383 4355 525 4404 occasione
543 4355 606 4404 data
623 4369 719 4404 moneo
738 4355 869 4419 Kruegeri
887 4354 1037 4403 sententiae
1055 4368 1165 4418 gramm.
1184 4367 1298 4418 graecae
1310 4353 1338 4402 11
1356 4355 1398 4413 54,
1420 4353 1486 4414 16,1
1507 4365 1557 4399 55-

159 4444 247 4510 gantis
267 4458 327 4492 cum
346 4442 480 4508 particula
498 4440 567 4509 ἦμος
584 4457 712 4508 555555
732 4442 934 4491 coniunctivum
952 4442 1099 4491 consociari
1116 4440 1251 4490 adversari
1270 4438 1359 4502 (1400,
1378 4440 1411 4488 de
1424 4454 1477 4504 quo
1494 4437 1557 4487 loco

159 4531 191 4580 cf.
212 4531 253 4580 La
271 4530 362 4580 Roche
384 4528 402 4579 l.
421 4545 441 4580 5.
461 4546 483 4579 c.
502 4546 527 4595 p.
545 4531 605 4592 410,
632 4530 678 4595 551
700 4530 729 4577 15
747 4545 772 4581 v.
787 4530 836 4577 169
859 4528 949 4593 hymn.
973 4529 1001 4577 15
1019 4527 1087 4579 Ven.
1106 4542 1214 4593 quoque
1237 4528 1439 4577 coniunctivum
1462 4528 1557 4591 reponi

160 4616 226 4666 vult.
263 4617 335 4683 apud
353 4617 515 4666 Nicandrum
535 4617 628 4665 inveni
647 4615 755 4681 ἦμος..
790 4615 871 4687 εὓδῃς
889 4616 948 4680 (Th.
968 4615 1012 4679 23)
1032 4621 1059 4664 51
1077 4613 1146 4681 ἦμος
1164 4613 1283 4685 τύψρσιν
1301 4614 1361 4679 (Th.
1381 4612 1451 4682 830).
