3392 5067
1416 212 1478 281 221

186 407 284 487 λαός.
308 406 369 470 hoo
386 406 486 471 verbo
502 404 589 491 apud
604 403 783 470 Homerum
797 413 854 469 aut
876 404 899 466 ii
921 403 1153 489 significantur,
1177 406 1232 490 qui
1254 407 1288 470 in
1311 406 1396 472 bello
1419 408 1479 473 sub

85 511 221 577 ducibus
256 519 340 591 sunt,
373 520 429 576 aut
462 511 494 596 ii,
533 513 589 596 qui
622 512 656 573 in
688 531 772 595 pace
805 508 866 573 sub
900 509 1032 593 regibus
1066 522 1153 591 sunt3
1192 512 1278 575 notio
1313 511 1479 598 ‘populus’

85 614 171 701 apud
194 638 269 680 eum
291 638 355 679 non
378 616 554 695 invenitur3
593 615 634 679 cf.
659 612 886 698 Naegelsbach
909 614 951 678 ad
973 611 1003 675 A
1022 614 1070 679 10.
1104 636 1178 679 cum
1201 615 1342 680 Homero
1365 627 1480 702 poetae

87 720 231 804 elegiaci,
262 723 316 806 qui
340 742 470 805 semper
498 719 615 805 plurali
646 741 782 784 numero
812 727 955 800 utuntur,
979 720 1024 782 ita
1047 721 1260 805 consentiunt,
1294 730 1331 783 ut
1353 742 1420 785 vox
1443 743 1482 785 ea

85 846 190 909 neque
214 823 255 888 de
278 826 407 910 populo,
432 820 518 909 quod
542 824 682 909 primum
705 822 792 908 apud
820 822 999 887 Pindarum
1028 822 1150 887 factum
1181 833 1229 888 est
1260 823 1316 910 (of.
1348 848 1399 891 ex.
1431 848 1479 911 gr.

86 926 135 993 Ol.
153 927 245 1010 VIII,
262 928 304 993 30
321 932 441 1016 Δωριεῖ
459 928 552 1015 λαῷ),
575 950 680 1013 neque
704 926 745 991 de
761 926 916 991 militibus
939 948 1093 1012 umquam
1115 937 1303 1014 usurpetur3
1328 929 1369 994 cf.
1387 929 1479 1015 Tyrt.

86 1032 135 1115 12,
153 1031 205 1119 24,
228 1031 378 1117 Xenoph.
403 1031 434 1111 2,
452 1030 502 1117 15,
526 1032 671 1116 Theogn.
692 1030 745 1114 53,
761 1030 834 1095 776.

187 1142 297 1219 τάχα,
332 1137 419 1222 quod
452 1137 541 1222 apud
571 1137 750 1201 Homerum
784 1156 946 1221 nusquam
976 1135 1141 1201 ‘fortasse’
1173 1136 1333 1220 significat
1367 1137 1481 1225 (schol.

85 1242 172 1327 vulg.
196 1240 306 1307 atel
332 1245 410 1328 odra
434 1245 452 1329 ἡ
474 1240 560 1321 λέξις
582 1245 618 1307 οὐ
641 1239 771 1307 τίθεται
794 1245 883 1324 παρὰ
912 1251 958 1329 τῷ
988 1249 1108 1331 ποιητῇ
1139 1242 1350 1322 διστακτικῶς
1379 1244 1422 1322 ὡς
1447 1244 1481 1308 ἐν

84 1355 123 1434 τῇ
138 1344 303 1434 σννηθείᾳ,
327 1342 396 1412 ἀλλ’
407 1346 560 1411 ἑκάστοτε
576 1344 647 1411 ἀντί
668 1355 727 1411 τοῦ
748 1343 884 1427 ταχέως;
909 1344 950 1408 cf.
967 1344 1086 1409 Lehrs²
1108 1367 1139 1430 p.
1157 1345 1198 1409 92
1214 1346 1310 1432 τοο).
1335 1346 1480 1431 Theogn.

85 1450 146 1515 877
170 1446 241 1534 τάχ’
263 1502 270 1517 .
293 1502 300 1515 .
322 1452 410 1516 ἄλλοι
442 1446 579 1532 ἔσονται,
615 1471 679 1534 quo
711 1472 773 1514 uno
800 1449 871 1513 loco
901 1449 934 1513 id
959 1458 1058 1532 extat,
1089 1452 1167 1514 item
1189 1450 1381 1515 adverbium
1404 1461 1482 1516 tem·
1595 1517 1597 1521 ,

85 1558 170 1641 poris
193 1564 251 1619 est.

188 1660 347 1748 τλήμων.
371 1658 469 1723 schol.
487 1658 529 1724 ad
553 1664 585 1723 K
600 1658 662 1723 231
684 1659 828 1747 ἡδιιτλῆ,
853 1659 904 1723 ὅτι
918 1659 1059 1746 τλήμονα
1081 1652 1114 1724 οἱ
1135 1664 1282 1747 νεώτεροι
1303 1663 1359 1726 τὸν
1373 1663 1481 1750 ἀτυχῆ,

86 1764 162 1830 ὁδί
184 1758 332 1850 Ὅμηρος
361 1768 417 1829 τὸν
446 1764 602 1852 τλητικόν,
633 1766 689 1828 τὸν
718 1763 949 1850 ὑπομενητικόν
977 1762 1033 1850 (cf.
1058 1763 1177 1827 Lehrs²
1205 1786 1237 1849 p.
1254 1763 1320 1851 90).
1367 1764 1481 1830 eodem

86 1891 182 1933 sensu
205 1870 239 1933 in
262 1868 381 1953 elegeis
404 1866 623 1953 Tyrt.12,18
650 1867 772 1953 (θυμὸν
793 1868 948 1954 τλήμονα)
974 1877 1006 1933 et
1027 1867 1173 1953 Theogn.
1192 1868 1254 1931 196
1277 1867 1432 1957 (τλήμονα
1450 1920 1482 1935 ..

35 2058 37 2061 ¹
86 1974 172 2058 νόον)
195 1973 228 2037 id
251 1974 390 2037 verbum
414 1972 597 2037 adhibitum
621 1980 677 2035 est.

189 2084 290 2166 τρεῖν
320 2087 353 2141 et
375 2076 464 2163 apud
488 2076 665 2142 Homerum
689 2075 745 2161 (ef.
763 2076 883 2141 Lehrs²
905 2099 936 2162 p.
954 2076 1009 2163 tt)
1025 2086 1058 2141 et
1079 2079 1112 2142 in
1135 2076 1254 2162 elegeis
1271 2086 1321 2141 est
1343 2078 1484 2162 ‘lugere’

87 2205 151 2247 non
175 2183 323 2265 ‘timere'3
350 2182 468 2267 legitur
490 2192 600 2246 autem
622 2181 715 2268 Tyrt.
740 2182 790 2265 11,
813 2181 864 2262 14,
886 2186 1087 2268 τρεσσάντων
1109 2178 1138 2248 d'
1153 2184 1276 2270 ἀνδρῶν
1297 2178 1377 2248 ado'
1400 2186 1484 2250 ἀνιό-

85 2282 161 2353 λωλ’
177 2288 280 2376 ἀρετή.

190 2394 326 2479 φόβος,
349 2396 575 2479 φοβεῖσθαι.
617 2390 668 2454 his
690 2389 800 2455 verbis
823 2391 911 2477 apud
933 2392 1111 2457 Homerum
1133 2394 1219 2456 notio
1242 2391 1388 2477 fugiendi
1411 2393 1484 2458 sub·

86 2498 170 2560 iecta
201 2505 264 2576 est,
289 2495 330 2561 of.
354 2494 475 2560 Lehrs²
503 2517 535 2580 p.
553 2493 594 2559 75
611 2517 656 2580 sq.
702 2504 872 2581 poetarum
902 2496 1118 2581 elegieoorum
1148 2498 1187 2559 iis
1214 2496 1300 2561 solus
1323 2496 1483 2583 Tyrtaeus

87 2622 164 2663 usus
181 2609 239 2681 est,
264 2601 318 2685 qui
341 2602 485 2664 maxime
507 2599 642 2663 Homeri
665 2620 767 2683 genus
790 2600 921 2665 dicendi
944 2602 1095 2679 imitatur,
1119 2600 1173 2665 illo
1198 2601 1248 2686 10,
1264 2601 1303 2664 16
1325 2602 1404 2691 μηδὲ
1429 2625 1483 2691 φν-

89 2713 143 2793 γῆς
165 2706 298 2792 αἰσχρᾶς
319 2704 430 2793 ἄρχετε
461 2705 540 2792 μηδὲ
570 2706 684 2791 φόβου,
708 2704 768 2769 hoo
793 2706 830 2768 11
834 2701 983 2792 ,’3μηδ
999 2706 1121 2790 ἀνδρων
1141 2653 1273 2793 πληθίνν
1295 2703 1483 2791 δειμαίνετε,

88 2810 169 2898 μηδὲ
192 2814 365 2929 φοβεῖσθε,
397 2809 514 2895 quibus
536 2807 680 2873 looio-
703 2809 745 2873 ad
767 2814 929 2897 φοβεῖσθε
952 2832 1016 2874 non
1039 2818 1087 2873 est
1114 2809 1244 2896 πληθύν
1266 2809 1484 2953 supplendum

88 2949 132 2959 --
155 2913 269 2979 eadem
291 2916 340 2977 vis
364 2934 447 2998 quae
470 2912 558 2999 apud
581 2913 760 2977 Homerum
782 2915 989 2999 conspicitur.

193 3012 273 3084 ὧδε.
302 3017 450 3103 Apollon.
474 3017 537 3083 lex
561 3017 656 3083 Hom.
683 3040 707 3081 s.
724 3040 755 3081 u.
782 3012 866 3084 ὦδε·
878 3023 960 3084 κατὰ
982 3012 1191 3105 Ἀρίσταρχον
1213 3015 1368 3084 οὐδέποτε
1391 3021 1485 3107 συνή-

89 3127 161 3201 θως
189 3125 264 3209 ἡμῖν
285 3129 397 3204 νεῖται,
420 3117 490 3188 ἀλλ
513 3120 584 3188 ἀντί
605 3131 663 3187 τοῦ
685 3125 785 3202 οὕτως
806 3127 970 3188 τάσσεται.
1023 3122 1110 3187 idem
1132 3122 1173 3185 de
1196 3122 1344 3189 omnibus
1367 3124 1485 3210 quibus

88 3225 169 3290 illud
191 3228 354 3290 invenitur
377 3225 561 3311 elegearum
584 3227 661 3291 locis
684 3227 782 3292 valet.
827 3250 903 3292 nam
926 3227 1011 3311 quod
1040 3226 1157 3292 Sitnler
1179 3226 1324 3312 Theogn.
1349 3228 1413 3293 943
1436 3252 1483 3315 sq.

88 3332 222 3416 ἐγγύθεν
252 3332 426 3420 αὐλητῆρος
455 3329 606 3417 ἀείσομαι
636 3326 699 3398 ὧδε
729 3338 890 3411 καταστὰς
917 3332 921 3417 l
949 3330 1138 3410 δεξιός...
1162 3334 1230 3397 vim
1252 3332 1397 3410 alteram,
1421 3355 1486 3418 qua

87 3436 187 3501 latino
219 3435 299 3501 ‘hio'
332 3436 516 3522 respondet,
548 3439 668 3519 statuit,
699 3446 786 3501 certo
813 3437 914 3502 falsus
946 3446 1006 3518 est,
1043 3435 1084 3501 cf.
1107 3435 1126 3516 ζ
1148 3436 1223 3520 218,
1254 3438 1357 3523 ρ447
1389 3434 1486 3525 στῆθ’

89 3540 231 3627 adeost).

195 3646 240 3710 Ut
268 3647 333 3710 iam
361 3644 401 3708 de
429 3654 551 3709 mutata
574 3648 606 3710 vi
630 3646 803 3711 verborum
827 3668 1036 3731 exponamus,
1065 3646 1106 3710 de
1129 3668 1168 3710 ea
1189 3667 1236 3728 re,
1264 3655 1421 3731 quantum
1444 3645 1486 3710 ad

89 3749 315 3833 Theognidem
342 3751 492 3835 pertinet,
520 3748 743 3834 Kuellenberg
769 3750 789 3814 l.
816 3772 843 3815 o.
867 3772 922 3836 pp.
945 3749 1028 3836 9sq.
1052 3753 1165 3837 paucis
1193 3751 1267 3836 egit,
1295 3753 1340 3816 ita
1367 3759 1486 3836 tamen,

89 3864 127 3917 ut
148 3877 272 3939 versus,
301 3876 380 3939 quos
412 3854 523 3937 Bergk
547 3875 566 3916 a
589 3854 807 3937 Theognideis
838 3856 1012 3939 separavit,
1044 3855 1232 3939 neglexerit.
1278 3878 1393 3920 verum
1423 3879 1487 3920 non

89 3957 165 4045 pluo
187 3958 341 4023 undecim
355 3958 409 4023 ille
424 3958 538 4042 verba,
562 3957 680 4043 quibus
702 3960 786 4023 infra
808 3958 948 4023 litteram
964 3959 1003 4023 K.
1025 3961 1116 4024 uncis
1138 3958 1298 4023 inclusam
1313 3959 1486 4043 adponam,

90 4065 137 4127 ita
159 4064 329 4127 immutata
350 4063 503 4147 repperit,
528 4084 724 4147 quamquam
747 4085 902 4128 numerus
925 4083 1035 4128 eorum
1057 4065 1161 4127 maior
1183 4072 1241 4127 est.
1280 4061 1337 4127 sed
1359 4064 1424 4127 iam
1449 4085 1488 4126 ea

91 4167 278 4233 adscribam
309 4167 488 4231 secundum
518 4165 642 4231 litteras
672 4166 807 4253 digesta.
858 4170 1014 4252 ἀγαθός.
1061 4167 1102 4231 de
1133 4166 1228 4232 huius
1258 4168 1351 4232 verbi
1381 4189 1487 4250 sensu,

90 4274 146 4357 qui
168 4272 307 4336 refertur
329 4271 371 4336 ad
394 4294 462 4335 rem
485 4270 666 4357 publicam,
700 4273 843 4359 itemque
875 4271 916 4336 de
938 4272 1048 4337 verbis
1078 4273 1208 4354 ἐσθλός,
1239 4275 1346 4354 κακός,
1374 4272 1486 4351 δειλός,

90 4380 197 4465 ἀρετή,
227 4378 364 4466 κακότης
395 4377 434 4441 of.
466 4374 624 4441 Welcker
654 4376 780 4462 Proleg.
805 4376 847 4441 ad
878 4375 1023 4461 Theogn.
1054 4398 1109 4462 pp.
1134 4375 1174 4439 21
1192 4397 1272 4462 sqq,
1304 4377 1360 4461 qui
1391 4377 1488 4440 etiam

91 4482 180 4567 apud
214 4479 393 4547 Homerum
426 4502 526 4545 unum
559 4479 739 4546 alterumve
772 4481 888 4546 horum
917 4481 1094 4546 verborum
1128 4479 1323 4565 compluries
1353 4479 1489 4546 similem

89 4588 158 4651 vim
181 4585 304 4651 habere
327 4585 476 4650 ostendit.
500 4620 542 4631 -
565 4584 706 4652 ἄεθλον
728 4585 841 4651 Mimn.
867 4585 955 4670 11,3
981 4584 1097 4652 τελέων
1119 4586 1293 4674 χαλεπῆρες
1314 4584 1434 4651 ἄεθλον
1457 4594 1489 4651 ε1
