3392 5067
415 12 634 43 -ffl.-,‚,--
655 7 894 81 ,ὴ
915 2 1154 55 ...ηπ-ιτ

347 170 476 234 322

345 362 420 424 Ε.
471 360 814 442 Szelinski,
837 360 882 445 ¹)
931 361 1004 422 E.
1053 358 1402 445 Philipp.²)
1494 361 1556 421 in
1616 360 2007 423 comicorum
2064 361 2384 422 trimetros
2439 370 2585 444 post
2638 359 3137 443 Fritzschium3)

344 466 815 549 inquisiverunt
853 464 1026 527 idem
1064 461 1407 547 Rumpel‘2)
1442 470 1506 524 et
1546 461 1626 526 G.
1661 462 2111 547 Widegren.⁵)
2184 463 2298 526 sed
2340 464 2421 527 de
2460 466 2763 528 trimetris
2803 474 3140 549 poetarum

350 572 760 650 comicorum,
825 569 936 654 qui
990 566 1493 652 Aristophanem
1554 569 1758 630 secuti
1822 579 1989 650 sunt,
2044 590 2233 632 nemo
2293 567 2448 632 dum
2505 568 2878 653 disputavit.
2972 589 3139 654 quae

346 696 452 738 res
499 696 695 760 quam
737 672 1005 737 molesta
1046 673 1145 753 sit,
1190 694 1274 734 ex
1318 672 1395 734 iis
1442 673 1726 735 maxime
1773 672 2254 757 quaestionibus
2301 672 2657 756 intellegeS,
2706 695 2880 757 quae,
2921 673 3001 736 de
3035 674 3141 736 tri-

344 788 549 843 metro
606 787 941 863 poetarum
996 778 1226 840 aetatis
1282 777 1651 862 posterioris
1715 778 2118 860 conscriptae
2181 786 2349 840 sunt.
2435 778 2635 842 veluti
2689 780 2756 841 in
2819 776 3137 863 Stoppelii

346 883 793 947 dissertatione
840 881 921 944 de
960 879 1258 964 Gregorii
1288 881 1683 944 Nazianzeni
1719 881 2005 944 trimetro
2050 881 2115 944 id
2149 879 2342 944 valde
2376 880 2644 966 dolebis,
2695 883 2746 944 si
2783 881 3137 967 perlegeris

347 1009 490 1051 eam
546 985 1098 1070 scriptiunculam,
1154 983 1326 1069 quod
1382 984 1679 1048 omnibus
1736 984 1872 1047 fere
1928 984 2083 1048 locis
2139 988 2535 1071 comparatio
2590 987 2946 1049 instituitur
2992 1008 3141 1048 cum

345 1092 652 1155 trimetris
707 1092 1098 1173 tragicorum
1157 1101 1220 1154 et
1273 1088 1757 1174 Aristophanis,
1822 1111 2140 1174 nusquam
2198 1099 2414 1153 autem
2468 1091 2741 1153 trimetri
2798 1100 3139 1174 poetarum

349 1197 770 1279 comicorum,
835 1197 942 1279 qui
1005 1204 1148 1279 post
1204 1193 1706 1278 Aristophanem
1769 1191 2139 1277 floruerunt,
2205 1194 2289 1257 ad
2352 1197 2900 1278 comparationem
2962 1192 3141 1256 adhi-

346 1299 601 1364 bentur.
693 1309 756 1362 et
812 1308 1053 1383 quanta
1107 1307 1367 1382 praesto
1424 1308 1522 1361 est
1579 1299 1765 1382 copia
1820 1300 2257 1361 trimetrorum
2311 1299 2480 1362 inter
2526 1297 3030 1382 Aristophanem
3074 1307 3143 1359 et

349 1403 737 1486 Gregorium
787 1402 1207 1466 conditorum.
1296 1412 1473 1466 recte
1520 1403 1716 1485 igitur
1762 1401 2034 1465 Mueller
2079 1403 2144 1464 in
2191 1402 2407 1466 libello
2454 1402 2731 1466 Kiliensi
2778 1425 2840 1488 p.
2891 1402 2931 1464 3
2975 1401 3142 1464 haec

348 1509 533 1572 dicit:
581 1509 908 1593 ‘quamvis
954 1508 1149 1591 igitur
1196 1505 1596 1570 Graecorum
1650 1509 1918 1570 metrica
1975 1505 2268 1571 doctrina
2313 1515 2529 1571 nostra
2584 1508 2874 1592 inprimis
2929 1515 3142 1570 aetate

349 1613 625 1696 egregiis
670 1614 954 1676 virorum
1004 1611 1085 1674 de
1141 1610 1368 1674 litteris
1415 1632 1823 1694 summopere
1870 1613 2245 1675 meritorum
2293 1611 2522 1675 studiis
2571 1662 2583 1673 .
2636 1662 2649 1674 .
2704 1611 2985 1674 adaucta
3041 1613 3141 1691 sit,

348 1727 599 1780 tantum
658 1725 874 1779 tamen
938 1715 1143 1797 abest,
1205 1724 1275 1779 ut
1336 1716 1508 1779 omni
1570 1738 1653 1778 ex
1716 1726 1898 1800 parte
1961 1716 2252 1800 perfecta
2308 1717 2389 1779 sit
2442 1725 2637 1801 atque
2691 1715 3006 1799 absoluta,
3070 1727 3144 1777 ut

349 1821 704 1906 permultae
761 1822 1131 1884 etiamnunc
1188 1821 1514 1904 supersint
1568 1820 1857 1902 singulae
1906 1823 2335 1906 quaestioneS,
2385 1843 2570 1906 quae,
2621 1819 2827 1904 qualis
2875 1829 2975 1883 est
3019 1821 3145 1882 ista

350 1925 714 2011 disciplina,
762 1926 1248 1988 accuratissima
1292 1923 1630 2007 indigeant
1677 1975 1688 1987 .
1736 1975 1748 1987 .
1797 1925 2382 2008 pervestigatione.’
2455 1946 2618 2008 quae
2668 1947 2815 1988 cum
2860 1925 2949 1987 ita
2995 1924 3146 2002 sint,

349 2039 419 2092 ut
449 2051 457 2059 ·
485 2031 645 2094 meis
714 2051 969 2114 quoque
1039 2028 1287 2092 viribus
1358 2039 1458 2092 sat
1532 2029 1786 2111 exiguis
1855 2029 2023 2092 hanc
2091 2051 2228 2092 rem
2297 2029 2600 2093 adiuvem
2669 2039 2734 2092 et
2811 2029 3144 2105 adornem,

350 2133 423 2198 C.
482 2133 875 2198 Schenkelio
929 2134 1239 2216 magistro
1297 2131 1713 2196 dilectissimo
1770 2143 2030 2197 auctore
2085 2135 2150 2196 in
2207 2155 2430 2197 eorum
2487 2135 2878 2198 comicorum
2933 2133 3145 2196 trime-

347 2247 517 2302 trum
572 2240 897 2322 inquirere
944 2238 1219 2321 suscepi,
1279 2259 1439 2322 quos
1492 2237 1747 2301 mediae
1804 2247 1868 2300 et
1923 2259 2130 2301 novae
2187 2238 2557 2301 comoediae
2607 2238 2866 2301 Atticae
2926 2237 3145 2299 dicere

350 2343 655 2420 solemus,
719 2343 827 2427 qui
889 2340 1245 2405 floruerunt
1304 2341 1454 2404 inde
1510 2364 1549 2404 a
1603 2340 1705 2405 Ol.
1765 2341 1882 2423 942
1946 2364 2148 2426 usque
2209 2342 2294 2405 ad
2349 2340 2452 2406 Ol.
2515 2341 2759 2427 1292ss)
2850 2362 2930 2403 ne
2988 2363 3147 2403 vero

347 2446 578 2529 longus
633 2446 804 2526 fiam,
862 2446 1150 2509 omittam
1204 2445 1327 2508 1106
1380 2445 1523 2509 1060
1580 2445 1660 2509 (16
1717 2446 1930 2510 indole
1987 2445 2174 2510 huius
2222 2446 2594 2510 comoediae
2642 2446 2848 2509 verba
2893 2444 3142 2523 facere3

349 2573 562 2636 pauca
605 2559 854 2613 tantum
901 2549 1226 2634 proferam
1272 2549 1356 2612 ad
1404 2551 1578 2613 viam
1634 2560 1697 2612 et
1752 2553 2084 2631 rationem,
2142 2572 2269 2634 qua
2314 2552 2408 2614 uti
2463 2552 2529 2614 in
2586 2550 2710 2613 hac
2766 2551 3138 2635 quaestione

350 2654 505 2718 mihi
552 2655 877 2739 proposui,
926 2653 1497 2717 demonstrandam
1544 2662 1607 2716 et
1654 2653 2222 2739 comprobandam.

556 2757 773 2842 Atque
818 2767 891 2822 ut
935 2759 1211 2843 primum
1261 2757 1341 2820 de
1388 2759 1657 2821 materia
1705 2779 1870 2843 quae
1917 2767 2231 2821 tractatur
2276 2758 2519 2843 loquar,
2555 2759 2644 2821 ita
2689 2779 2825 2820 rem
2871 2757 3139 2836 institui,

351 2873 420 2925 ut
466 2871 600 2925 tota
645 2863 709 2924 in
751 2863 1124 2946 quaestione
1164 2883 1392 2924 versus
1424 2863 1710 2945 integros
1751 2884 2156 2926 secernerem
2198 2861 2281 2925 ab
2324 2865 2415 2925 eis
2457 2883 2730 2946 quorum
2777 2860 3142 2944 fragmenta

351 2975 598 3029 tantum
658 2965 844 3028 nobis
903 2965 1144 3028 tradita
1202 2977 1367 3028 sunt.
1460 2987 1732 3051 quorum
1794 2989 2098 3030 numerus
2156 2977 2253 3028 cst
2305 2964 2479 3029 haud
2535 2967 2829 3049 exiguus,
2923 2987 3139 3048 quam-

351 3092 544 3154 quam
591 3070 758 3132 enim
807 3091 1186 3155 persuasum
1231 3067 1431 3132 habui
1479 3092 1706 3134 versus
1762 3071 2045 3152 integros
2093 3072 2355 3134 maximi
2403 3071 2711 3133 momenti
2758 3091 2897 3131 esse
2944 3077 3141 3152 atque

350 3174 485 3237 fere
547 3173 712 3236 solos
775 3173 1268 3237 fundamentum
1324 3176 1518 3237 totius
1580 3176 2004 3258 quaestioniS,
2076 3183 2320 3253 tamen,
2393 3198 2470 3236 ne
2542 3172 2697 3258 quid
2770 3172 3140 3255 neglexisse

352 3279 645 3354 viderer,
717 3279 909 3341 etiam
970 3300 1277 3341 versuum
1336 3278 1705 3343 mutilorum
1767 3282 2080 3342 rationem
2143 3277 2360 3341 habui.
2454 3302 2579 3363 qua
2644 3299 2711 3340 re
2774 3299 2855 3340 ne
2918 3276 3142 3340 funda-

352 3393 639 3446 mentum
695 3404 821 3467 quo
883 3383 1233 3446 innitamur
1291 3383 1617 3447 infirmum
1677 3384 1881 3465 fieret,
1945 3385 2276 3447 cautiones
2340 3384 2659 3465 quaedam
2726 3381 3142 3445 adhibendae

562 3663 603 3726 ¹)
641 3663 746 3711 Die
802 3662 1185 3727 Auflosungen
1241 3663 1310 3710 im
1359 3663 1625 3711 Trimeter
1679 3663 1771 3710 des
1815 3662 2114 3726 Aeschylus
2167 3663 2278 3710 und
2333 3662 2637 3726 Sophocles.
2695 3678 2866 3726 progr.
2927 3661 3143 3710 11011611-

352 3750 510 3799 stadt.
548 3765 598 3798 a.
642 3750 786 3798 1868.

561 3835 605 3901 ²)
644 3836 754 3884 Der
789 3835 1081 3885 iambische
1117 3837 1382 3884 Trimeter
1416 3835 1527 3884 und
1563 3837 1680 3884 sein
1720 3835 1837 3883 Bau
1874 3835 1959 3883 bei
1997 3835 2301 3900 Sophocles,
2340 3850 2515 3900 progr.
2554 3836 2868 3898 Microprag.
2913 3836 3057 3882 1879.

561 3921 604 3987 ³)
644 3922 727 3970 De
764 3922 1001 3971 trimetro
1040 3921 1363 3971 Graecorum
1402 3923 1620 3970 comico,
1665 3921 1913 3970 Rostoch.
1959 3923 2104 3970 1831.

562 4008 603 4074 ⁴)
639 4008 750 4056 Der
786 4009 1052 4058 Trimeter
1088 4010 1179 4058 des
1216 4008 1613 4073 Aristophanes.
1652 4007 1841 4057 Philol.
1882 4008 2132 4067 XXVIII,
2167 4024 2216 4071 p.
2256 4009 2356 4056 599
2394 4024 2507 4071 sqq.

564 4095 607 4159 5)
644 4096 728 4144 De
782 4109 1004 4144 numero
1060 4101 1115 4143 et
1168 4095 1589 4145 conformatione
1634 4095 1831 4159 pedum
1879 4094 2174 4143 solutorum
2220 4095 2277 4142 in
2324 4095 2546 4143 senariis
2591 4094 2974 4159 Aristophanis.
3033 4093 3142 4156 Up-

354 4182 501 4231 salae
541 4183 690 4231 1868.

449 4296 462 4310 .
563 4267 607 4332 ⁶)
643 4268 763 4316 Hoc
818 4267 1075 4332 opusculo
1131 4269 1368 4332 perfecto
1422 4274 1586 4333 atque
1632 4268 1947 4332 amplissimi
1991 4266 2426 4332 philosophorum
2475 4268 2674 4317 ordinis
2719 4283 2977 4317 censurae
3025 4267 3144 4315 sub-

357 4357 515 4404 misso
554 4354 750 4418 prodiit
784 4355 846 4403 R.
881 4355 1084 4403 Klotzii
1120 4355 1255 4403 liber
1293 4358 1385 4419 qui
1417 4356 1725 4404 inscribitur
1759 4355 2102 4419 ‘Grundziige
2136 4354 2504 4403 altromischer
2540 4355 2768 4403 Metrik'.
2834 4357 2985 4402 cuius
3020 4354 3144 4402 libri

355 4458 478 4490 cum
514 4440 652 4489 hanc
686 4440 1207 4490 dissertatiunculam
1246 4444 1388 4506 typis
1423 4456 1539 4490 eam
1577 4443 1926 4490 mandaturus
1951 4442 2322 4502 retractabam,
2350 4443 2608 4490 rationem
2636 4440 2798 4489 habui
2824 4442 2889 4488 iis
2914 4441 3144 4489 maxime

355 4528 504 4586 locis,
543 4528 734 4592 quibus
771 4529 847 4574 eis
885 4542 1023 4590 quae
1060 4530 1308 4591 exposuit
1347 4528 1589 4576 Klotzius
1627 4529 1882 4578 adsentiri
1924 4545 2029 4577 non
2067 4531 2233 4592 potui.
