<?xml version="1.0" encoding="UTF-8"?>
<!DOCTYPE html PUBLIC "-//W3C//DTD XHTML 1.0 Transitional//EN"
    "http://www.w3.org/TR/xhtml1/DTD/xhtml1-transitional.dtd">
<html xmlns="http://www.w3.org/1999/xhtml" xml:lang="en" lang="en">
 <head>
  <title>
</title>
<meta http-equiv="Content-Type" content="text/html;charset=utf-8" />
  <meta name='ocr-system' content='tesseract 3.04.00' />
  <meta name='ocr-capabilities' content='ocr_page ocr_carea ocr_par ocr_line ocrx_word'/>
</head>
<body>
  <div class='ocr_page' id='page_1' title='image "./dissertationesp04wiengoog_0300.png"; bbox 0 0 3392 5067; ppageno 0'>
   <div class='ocr_carea' id='block_1_1' title="bbox 1438 189 1502 256">
    <p class='ocr_par' dir='ltr' id='par_1_1' title="bbox 1438 189 1502 256">
     <span class='ocr_line' id='line_1_1' title="bbox 1438 189 1502 256; baseline 0 0"><span class='ocrx_word' id='word_1_1' title='bbox 1438 189 1502 256; x_wconf 79' lang='lat'>289</span> 
     </span>
    </p>
   </div>
   <div class='ocr_carea' id='block_1_2' title="bbox 105 372 1561 3700">
    <p class='ocr_par' dir='ltr' id='par_1_2' title="bbox 105 372 1561 888">
     <span class='ocr_line' id='line_1_2' title="bbox 209 372 1502 470; baseline 0 -24"><span class='ocrx_word' id='word_1_2' title='bbox 209 372 321 464; x_wconf 78' lang='lat' dir='ltr'>Quinti</span> <span class='ocrx_word' id='word_1_3' title='bbox 348 382 444 465; x_wconf 79' lang='lat' dir='ltr'>lecca,</span> <span class='ocrx_word' id='word_1_4' title='bbox 473 403 553 468; x_wconf 91' lang='lat' dir='ltr'>quos</span> <span class='ocrx_word' id='word_1_5' title='bbox 581 382 787 446; x_wconf 88' lang='lat' dir='ltr'>Hermannus</span> <span class='ocrx_word' id='word_1_6' title='bbox 815 405 846 468; x_wconf 92' lang='lat' dir='ltr'>p.</span> <span class='ocrx_word' id='word_1_7' title='bbox 865 381 928 446; x_wconf 82' lang='lat'>805</span> <span class='ocrx_word' id='word_1_8' title='bbox 952 404 999 468; x_wconf 85' lang='lat' dir='ltr'>sq.</span> <span class='ocrx_word' id='word_1_9' title='bbox 1025 390 1202 467; x_wconf 77' lang='lat' dir='ltr'>comparat,</span> <span class='ocrx_word' id='word_1_10' title='bbox 1230 381 1322 446; x_wconf 88' lang='lat' dir='ltr'>aliter</span> <span class='ocrx_word' id='word_1_11' title='bbox 1344 383 1502 470; x_wconf 89' lang='lat' dir='ltr'>explicari</span> 
     </span>
     <span class='ocr_line' id='line_1_3' title="bbox 106 485 1503 575; baseline -0.001 -22"><span class='ocrx_word' id='word_1_12' title='bbox 106 511 199 574; x_wconf 88' lang='lat' dir='ltr'>posse</span> <span class='ocrx_word' id='word_1_13' title='bbox 233 489 303 575; x_wconf 90' lang='lat' dir='ltr'>ipsc</span> <span class='ocrx_word' id='word_1_14' title='bbox 340 488 498 553; x_wconf 86' lang='lat' dir='ltr'>concedit.</span> <span class='ocrx_word' id='word_1_15' title='bbox 545 508 604 570; x_wconf 86' lang='lat' dir='ltr'>ego</span> <span class='ocrx_word' id='word_1_16' title='bbox 638 489 670 551; x_wconf 92' lang='lat' dir='ltr'>in</span> <span class='ocrx_word' id='word_1_17' title='bbox 705 486 809 550; x_wconf 90' lang='lat' dir='ltr'>tribus</span> <span class='ocrx_word' id='word_1_18' title='bbox 844 488 957 572; x_wconf 88' lang='lat' dir='ltr'>primis</span> <span class='ocrx_word' id='word_1_19' title='bbox 987 485 1088 571; x_wconf 81' lang='lat' dir='ltr'>libris,</span> <span class='ocrx_word' id='word_1_20' title='bbox 1119 508 1199 571; x_wconf 90' lang='lat' dir='ltr'>quos</span> <span class='ocrx_word' id='word_1_21' title='bbox 1229 487 1367 572; x_wconf 79' lang='lat' dir='ltr'>perlegi,</span> <span class='ocrx_word' id='word_1_22' title='bbox 1401 510 1503 552; x_wconf 91' lang='lat' dir='ltr'>unum</span> 
     </span>
     <span class='ocr_line' id='line_1_4' title="bbox 106 585 1561 679; baseline 0.001 -23"><span class='ocrx_word' id='word_1_23' title='bbox 106 593 220 658; x_wconf 90' lang='lat' dir='ltr'>saltem</span> <span class='ocrx_word' id='word_1_24' title='bbox 243 595 298 679; x_wconf 92' lang='lat' dir='ltr'>qui</span> <span class='ocrx_word' id='word_1_25' title='bbox 320 593 384 657; x_wconf 87' lang='lat' dir='ltr'>huc</span> <span class='ocrx_word' id='word_1_26' title='bbox 407 593 549 678; x_wconf 81' lang='lat' dir='ltr'>pertinet</span> <span class='ocrx_word' id='word_1_27' title='bbox 571 592 678 656; x_wconf 92' lang='lat' dir='ltr'>locum</span> <span class='ocrx_word' id='word_1_28' title='bbox 701 593 865 655; x_wconf 90' lang='lat' dir='ltr'>invenisse</span> <span class='ocrx_word' id='word_1_29' title='bbox 889 592 967 656; x_wconf 92' lang='lat' dir='ltr'>mihi</span> <span class='ocrx_word' id='word_1_30' title='bbox 990 591 1117 656; x_wconf 91' lang='lat' dir='ltr'>videor:</span> <span class='ocrx_word' id='word_1_31' title='bbox 1145 592 1162 655; x_wconf 91' lang='grc' dir='ltr'><strong>Ι</strong></span> <span class='ocrx_word' id='word_1_32' title='bbox 1185 591 1248 655; x_wconf 83' lang='grc'>362</span> <span class='ocrx_word' id='word_1_33' title='bbox 1275 593 1310 672; x_wconf 75' lang='lat' dir='ltr'>dg</span> <span class='ocrx_word' id='word_1_34' title='bbox 1336 596 1375 678; x_wconf 79' lang='grc' dir='ltr'>ῥά</span> <span class='ocrx_word' id='word_1_35' title='bbox 1398 587 1430 658; x_wconf 77' lang='grc' dir='ltr'><em>οἱ</em></span> <span class='ocrx_word' id='word_1_36' title='bbox 1452 593 1503 658; x_wconf 75' lang='grc' dir='ltr'><em>είί-</em></span> <span class='ocrx_word' id='word_1_37' title='bbox 1559 585 1561 590; x_wconf 52' lang='grc'><strong>’</strong></span> 
     </span>
     <span class='ocr_line' id='line_1_5' title="bbox 105 691 1503 786; baseline -0.003 -22"><span class='ocrx_word' id='word_1_38' title='bbox 105 723 195 780; x_wconf 82' lang='grc' dir='ltr'><em>χοται</em></span> <span class='ocrx_word' id='word_1_39' title='bbox 214 691 297 764; x_wconf 79' lang='grc' dir='ltr'><em>εἶναι</em></span> <span class='ocrx_word' id='word_1_40' title='bbox 317 693 375 786; x_wconf 76' lang='grc' dir='ltr'>ἀφ’</span> <span class='ocrx_word' id='word_1_41' title='bbox 392 697 528 782; x_wconf 84' lang='grc' dir='ltr'><em>αίματος</em></span> <span class='ocrx_word' id='word_1_42' title='bbox 547 700 738 763; x_wconf 73' lang='grc' dir='ltr'><em>ἀθανάτοιο.</em></span> <span class='ocrx_word' id='word_1_43' title='bbox 762 696 880 760; x_wconf 91' lang='lat' dir='ltr'>deinde</span> <span class='ocrx_word' id='word_1_44' title='bbox 901 695 1031 760; x_wconf 87' lang='lat' dir='ltr'>fortuito</span> <span class='ocrx_word' id='word_1_45' title='bbox 1052 696 1153 761; x_wconf 89' lang='lat' dir='ltr'>incidi</span> <span class='ocrx_word' id='word_1_46' title='bbox 1172 698 1206 760; x_wconf 91' lang='lat' dir='ltr'>in</span> <span class='ocrx_word' id='word_1_47' title='bbox 1225 697 1363 762; x_wconf 88' lang='lat' dir='ltr'>alterum</span> <span class='ocrx_word' id='word_1_48' title='bbox 1378 696 1444 762; x_wconf 90' lang='lat' dir='ltr'>VH</span> <span class='ocrx_word' id='word_1_49' title='bbox 1460 697 1503 761; x_wconf 84' lang='grc'>50</span> 
     </span>
     <span class='ocr_line' id='line_1_6' title="bbox 106 795 1055 888; baseline -0.001 -21"><span class='ocrx_word' id='word_1_50' title='bbox 106 805 186 868; x_wconf 86' lang='grc' dir='ltr'><em>ἀλλοί</em></span> <span class='ocrx_word' id='word_1_51' title='bbox 208 798 240 869; x_wconf 84' lang='lat' dir='ltr'>oi</span> <span class='ocrx_word' id='word_1_52' title='bbox 261 795 359 887; x_wconf 80' lang='grc' dir='ltr'><em>εἶθαρ</em></span> <span class='ocrx_word' id='word_1_53' title='bbox 381 800 619 888; x_wconf 78' lang='grc' dir='ltr'><em>ἀποκταμένοιο</em></span> <span class='ocrx_word' id='word_1_54' title='bbox 641 804 816 868; x_wconf 87' lang='grc' dir='ltr'><em>πάσασθαι</em></span> <span class='ocrx_word' id='word_1_55' title='bbox 839 806 929 867; x_wconf 88' lang='grc' dir='ltr'><em>σῖτον</em></span> <span class='ocrx_word' id='word_1_56' title='bbox 954 797 1055 887; x_wconf 70' lang='grc' dir='ltr'><em>ἔτλην.</em></span> 
     </span>
    </p>

    <p class='ocr_par' dir='ltr' id='par_1_3' title="bbox 106 905 1505 1722">
     <span class='ocr_line' id='line_1_7' title="bbox 208 905 1502 990; baseline -0.001 -20"><span class='ocrx_word' id='word_1_57' title='bbox 208 907 326 972; x_wconf 84' lang='grc' dir='ltr'><em>Νοοοίο</em></span> <span class='ocrx_word' id='word_1_58' title='bbox 354 915 464 971; x_wconf 87' lang='lat' dir='ltr'>autem</span> <span class='ocrx_word' id='word_1_59' title='bbox 489 930 532 970; x_wconf 92' lang='lat' dir='ltr'>an</span> <span class='ocrx_word' id='word_1_60' title='bbox 563 909 663 970; x_wconf 87' lang='lat' dir='ltr'>mirus</span> <span class='ocrx_word' id='word_1_61' title='bbox 691 905 744 970; x_wconf 90' lang='lat' dir='ltr'>ille</span> <span class='ocrx_word' id='word_1_62' title='bbox 767 929 844 970; x_wconf 87' lang='lat' dir='ltr'>usus</span> <span class='ocrx_word' id='word_1_63' title='bbox 872 905 1030 990; x_wconf 84' lang='lat' dir='ltr'>explicari</span> <span class='ocrx_word' id='word_1_64' title='bbox 1059 908 1159 990; x_wconf 86' lang='lat' dir='ltr'>possit</span> <span class='ocrx_word' id='word_1_65' title='bbox 1183 927 1200 967; x_wconf 93' lang='lat' dir='ltr'>e</span> <span class='ocrx_word' id='word_1_66' title='bbox 1222 905 1301 969; x_wconf 90' lang='lat' dir='ltr'>locis</span> <span class='ocrx_word' id='word_1_67' title='bbox 1331 905 1502 969; x_wconf 80' lang='lat' dir='ltr'>homericis</span> 
     </span>
     <span class='ocr_line' id='line_1_8' title="bbox 107 1005 1502 1097; baseline -0.002 -21"><span class='ocrx_word' id='word_1_68' title='bbox 107 1011 189 1076; x_wconf 91' lang='lat' dir='ltr'>male</span> <span class='ocrx_word' id='word_1_69' title='bbox 212 1012 393 1076; x_wconf 88' lang='lat' dir='ltr'>intellectis.</span> <span class='ocrx_word' id='word_1_70' title='bbox 417 1011 519 1075; x_wconf 89' lang='lat' dir='ltr'>veluti</span> <span class='ocrx_word' id='word_1_71' title='bbox 541 1017 565 1094; x_wconf 77' lang='grc' dir='ltr'><em>β</em></span> <span class='ocrx_word' id='word_1_72' title='bbox 588 1011 630 1074; x_wconf 89' lang='grc'>92</span> <span class='ocrx_word' id='word_1_73' title='bbox 652 1013 725 1089; x_wconf 84' lang='grc' dir='ltr'><em>νόος</em></span> <span class='ocrx_word' id='word_1_74' title='bbox 747 1009 784 1076; x_wconf 84' lang='grc' dir='ltr'>δέ</span> <span class='ocrx_word' id='word_1_75' title='bbox 806 1005 838 1076; x_wconf 86' lang='lat' dir='ltr'>oi</span> <span class='ocrx_word' id='word_1_76' title='bbox 861 1011 941 1076; x_wconf 86' lang='grc' dir='ltr'><em>ἀλλα</em></span> <span class='ocrx_word' id='word_1_77' title='bbox 965 1018 1094 1097; x_wconf 80' lang='grc' dir='ltr'><em>μενοινᾷ</em></span> <span class='ocrx_word' id='word_1_78' title='bbox 1121 1009 1163 1074; x_wconf 91' lang='lat' dir='ltr'>ad</span> <span class='ocrx_word' id='word_1_79' title='bbox 1186 1009 1384 1095; x_wconf 83' lang='lat' dir='ltr'>Penelopam</span> <span class='ocrx_word' id='word_1_80' title='bbox 1406 1010 1502 1073; x_wconf 84' lang='lat' dir='ltr'>refer-</span> 
     </span>
     <span class='ocr_line' id='line_1_9' title="bbox 106 1109 1502 1201; baseline -0.001 -21"><span class='ocrx_word' id='word_1_81' title='bbox 106 1127 159 1180; x_wconf 92' lang='lat' dir='ltr'>tur</span> <span class='ocrx_word' id='word_1_82' title='bbox 187 1111 233 1198; x_wconf 68' lang='grc' dir='ltr'><em>οἱ,</em></span> <span class='ocrx_word' id='word_1_83' title='bbox 264 1117 322 1180; x_wconf 83' lang='grc' dir='ltr'>εοδ</span> <span class='ocrx_word' id='word_1_84' title='bbox 346 1117 641 1200; x_wconf 77' lang='lat' dir='ltr'>Argonauticorum</span> <span class='ocrx_word' id='word_1_85' title='bbox 669 1118 806 1201; x_wconf 81' lang='lat' dir='ltr'>scriptor</span> <span class='ocrx_word' id='word_1_86' title='bbox 833 1109 864 1181; x_wconf 81' lang='grc' dir='ltr'><em>ολ</em></span> <span class='ocrx_word' id='word_1_87' title='bbox 891 1137 950 1200; x_wconf 87' lang='lat' dir='ltr'>pro</span> <span class='ocrx_word' id='word_1_88' title='bbox 978 1114 1134 1179; x_wconf 87' lang='lat' dir='ltr'>reflexivo</span> <span class='ocrx_word' id='word_1_89' title='bbox 1162 1116 1312 1199; x_wconf 88' lang='lat' dir='ltr'>accipere</span> <span class='ocrx_word' id='word_1_90' title='bbox 1340 1123 1437 1200; x_wconf 90' lang='lat' dir='ltr'>atque</span> <span class='ocrx_word' id='word_1_91' title='bbox 1461 1114 1502 1178; x_wconf 92' lang='lat' dir='ltr'>ad</span> 
     </span>
     <span class='ocr_line' id='line_1_10' title="bbox 106 1215 1504 1306; baseline -0.001 -23"><span class='ocrx_word' id='word_1_92' title='bbox 106 1219 190 1285; x_wconf 91' lang='lat' dir='ltr'>hanc</span> <span class='ocrx_word' id='word_1_93' title='bbox 217 1223 374 1285; x_wconf 91' lang='lat' dir='ltr'>rationem</span> <span class='ocrx_word' id='word_1_94' title='bbox 402 1244 433 1284; x_wconf 89' lang='lat' dir='ltr'>v.</span> <span class='ocrx_word' id='word_1_95' title='bbox 455 1220 519 1284; x_wconf 84' lang='grc'>283</span> <span class='ocrx_word' id='word_1_96' title='bbox 546 1219 655 1286; x_wconf 81' lang='grc' dir='ltr'><em>δντινοί</em></span> <span class='ocrx_word' id='word_1_97' title='bbox 681 1215 714 1285; x_wconf 78' lang='grc' dir='ltr'><em>ολ</em></span> <span class='ocrx_word' id='word_1_98' title='bbox 739 1217 854 1306; x_wconf 80' lang='grc' dir='ltr'><em>κραδίη</em></span> <span class='ocrx_word' id='word_1_99' title='bbox 885 1221 987 1303; x_wconf 79' lang='grc' dir='ltr'><em>θυμός</em></span> <span class='ocrx_word' id='word_1_100' title='bbox 1009 1241 1043 1284; x_wconf 91' lang='grc' dir='ltr'><em>τε</em></span> <span class='ocrx_word' id='word_1_101' title='bbox 1065 1227 1195 1306; x_wconf 80' lang='grc' dir='ltr'><em>μενοινᾷ</em></span> <span class='ocrx_word' id='word_1_102' title='bbox 1226 1219 1428 1283; x_wconf 89' lang='lat' dir='ltr'>conformare</span> <span class='ocrx_word' id='word_1_103' title='bbox 1450 1241 1504 1303; x_wconf 94' lang='lat' dir='ltr'>po-</span> 
     </span>
     <span class='ocr_line' id='line_1_11' title="bbox 107 1319 1504 1410; baseline -0.001 -21"><span class='ocrx_word' id='word_1_104' title='bbox 107 1327 177 1389; x_wconf 90' lang='lat' dir='ltr'>tuit.</span> <span class='ocrx_word' id='word_1_105' title='bbox 216 1326 310 1390; x_wconf 84' lang='lat' dir='ltr'>simili</span> <span class='ocrx_word' id='word_1_106' title='bbox 332 1326 428 1390; x_wconf 93' lang='lat' dir='ltr'>modo</span> <span class='ocrx_word' id='word_1_107' title='bbox 451 1349 482 1390; x_wconf 88' lang='lat' dir='ltr'>v.</span> <span class='ocrx_word' id='word_1_108' title='bbox 500 1325 564 1390; x_wconf 84' lang='lat'>534</span> <span class='ocrx_word' id='word_1_109' title='bbox 586 1330 623 1390; x_wconf 77' lang='grc' dir='ltr'><em>οὐ</em></span> <span class='ocrx_word' id='word_1_110' title='bbox 645 1328 703 1409; x_wconf 76' lang='grc' dir='ltr'>γάρ</span> <span class='ocrx_word' id='word_1_111' title='bbox 726 1319 758 1389; x_wconf 81' lang='lat' dir='ltr'>ol</span> <span class='ocrx_word' id='word_1_112' title='bbox 780 1319 912 1389; x_wconf 72' lang='grc' dir='ltr'><em>ἐέλπετο</em></span> <span class='ocrx_word' id='word_1_113' title='bbox 934 1333 1019 1409; x_wconf 81' lang='grc' dir='ltr'><em>κῦμα</em></span> <span class='ocrx_word' id='word_1_114' title='bbox 1041 1332 1178 1410; x_wconf 77' lang='grc' dir='ltr'>περῆσαι</span> <span class='ocrx_word' id='word_1_115' title='bbox 1202 1324 1251 1410; x_wconf 81' lang='lat' dir='ltr'>(er</span> <span class='ocrx_word' id='word_1_116' title='bbox 1275 1324 1410 1387; x_wconf 86' lang='lat' dir='ltr'>erhoffte</span> <span class='ocrx_word' id='word_1_117' title='bbox 1435 1323 1504 1388; x_wconf 88' lang='lat' dir='ltr'>sich</span> 
     </span>
     <span class='ocr_line' id='line_1_12' title="bbox 107 1424 1505 1514; baseline 0.001 -21"><span class='ocrx_word' id='word_1_118' title='bbox 107 1429 211 1512; x_wconf 88' lang='lat' dir='ltr'>nicht)</span> <span class='ocrx_word' id='word_1_119' title='bbox 236 1431 431 1514; x_wconf 88' lang='lat' dir='ltr'>compositus</span> <span class='ocrx_word' id='word_1_120' title='bbox 455 1451 526 1493; x_wconf 87' lang='lat' dir='ltr'>csse</span> <span class='ocrx_word' id='word_1_121' title='bbox 548 1438 654 1514; x_wconf 87' lang='lat' dir='ltr'>potest</span> <span class='ocrx_word' id='word_1_122' title='bbox 678 1428 720 1492; x_wconf 90' lang='lat' dir='ltr'>ad</span> <span class='ocrx_word' id='word_1_123' title='bbox 743 1427 930 1512; x_wconf 86' lang='lat' dir='ltr'>exemplum</span> <span class='ocrx_word' id='word_1_124' title='bbox 954 1449 1067 1492; x_wconf 89' lang='lat' dir='ltr'>versus</span> <span class='ocrx_word' id='word_1_125' title='bbox 1095 1432 1137 1492; x_wconf 91' lang='lat' dir='ltr'><em>M</em></span> <span class='ocrx_word' id='word_1_126' title='bbox 1156 1426 1219 1492; x_wconf 89' lang='grc'>407</span> <span class='ocrx_word' id='word_1_127' title='bbox 1250 1425 1324 1494; x_wconf 80' lang='grc' dir='ltr'><em>ἐπεί</em></span> <span class='ocrx_word' id='word_1_128' title='bbox 1346 1424 1378 1494; x_wconf 81' lang='lat' dir='ltr'>oi</span> <span class='ocrx_word' id='word_1_129' title='bbox 1400 1431 1505 1513; x_wconf 82' lang='grc' dir='ltr'><em>θνμδς</em></span> 
     </span>
     <span class='ocr_line' id='line_1_13' title="bbox 108 1526 1504 1624; baseline 0 -26"><span class='ocrx_word' id='word_1_130' title='bbox 108 1527 240 1598; x_wconf 83' lang='grc' dir='ltr'><em>ἐέλπετο</em></span> <span class='ocrx_word' id='word_1_131' title='bbox 262 1535 356 1612; x_wconf 82' lang='grc' dir='ltr'><em>κῦδος</em></span> <span class='ocrx_word' id='word_1_132' title='bbox 377 1532 519 1619; x_wconf 84' lang='grc' dir='ltr'><em>ἀρέσθαι</em></span> <span class='ocrx_word' id='word_1_133' title='bbox 543 1543 574 1596; x_wconf 90' lang='lat' dir='ltr'>et</span> <span class='ocrx_word' id='word_1_134' title='bbox 597 1532 684 1616; x_wconf 91' lang='lat' dir='ltr'>quod</span> <span class='ocrx_word' id='word_1_135' title='bbox 707 1537 742 1595; x_wconf 93' lang='lat' dir='ltr'><strong><em>N</em></strong></span> <span class='ocrx_word' id='word_1_136' title='bbox 755 1531 819 1595; x_wconf 80' lang='grc'>394</span> <span class='ocrx_word' id='word_1_137' title='bbox 841 1532 958 1614; x_wconf 81' lang='lat' dir='ltr'>legitur</span> <span class='ocrx_word' id='word_1_138' title='bbox 981 1533 1016 1597; x_wconf 82' lang='grc' dir='ltr'>ἐκ</span> <span class='ocrx_word' id='word_1_139' title='bbox 1039 1530 1076 1597; x_wconf 90' lang='grc' dir='ltr'>δέ</span> <span class='ocrx_word' id='word_1_140' title='bbox 1098 1526 1129 1597; x_wconf 79' lang='grc' dir='ltr'><em>ολ</em></span> <span class='ocrx_word' id='word_1_141' title='bbox 1150 1529 1277 1619; x_wconf 77' lang='grc' dir='ltr'><em>ἡνίοχος</em></span> <span class='ocrx_word' id='word_1_142' title='bbox 1298 1534 1403 1624; x_wconf 75' lang='grc' dir='ltr'><em>πλήγη</em></span> <span class='ocrx_word' id='word_1_143' title='bbox 1427 1531 1504 1620; x_wconf 80' lang='grc' dir='ltr'><em>φρέ-</em></span> 
     </span>
     <span class='ocr_line' id='line_1_14' title="bbox 108 1632 1503 1722; baseline -0.001 -21"><span class='ocrx_word' id='word_1_144' title='bbox 108 1663 171 1719; x_wconf 83' lang='grc' dir='ltr'><em>νας,</em></span> <span class='ocrx_word' id='word_1_145' title='bbox 192 1659 369 1721; x_wconf 87' lang='lat' dir='ltr'>pronomen</span> <span class='ocrx_word' id='word_1_146' title='bbox 385 1632 426 1719; x_wconf 82' lang='lat' dir='ltr'>oi,</span> <span class='ocrx_word' id='word_1_147' title='bbox 448 1637 534 1722; x_wconf 91' lang='lat' dir='ltr'>quod</span> <span class='ocrx_word' id='word_1_148' title='bbox 551 1647 600 1701; x_wconf 88' lang='lat' dir='ltr'>est</span> <span class='ocrx_word' id='word_1_149' title='bbox 621 1636 682 1717; x_wconf 54' lang='grc' dir='ltr'><em>(οῖ’,</em></span> <span class='ocrx_word' id='word_1_150' title='bbox 703 1658 781 1700; x_wconf 89' lang='lat' dir='ltr'>sane</span> <span class='ocrx_word' id='word_1_151' title='bbox 800 1658 859 1720; x_wconf 90' lang='lat' dir='ltr'>pro</span> <span class='ocrx_word' id='word_1_152' title='bbox 879 1635 1037 1700; x_wconf 88' lang='lat' dir='ltr'>reflexivo</span> <span class='ocrx_word' id='word_1_153' title='bbox 1058 1635 1179 1699; x_wconf 87' lang='lat' dir='ltr'>habere</span> <span class='ocrx_word' id='word_1_154' title='bbox 1200 1638 1232 1699; x_wconf 94' lang='lat' dir='ltr'>in</span> <span class='ocrx_word' id='word_1_155' title='bbox 1253 1645 1405 1721; x_wconf 90' lang='lat' dir='ltr'>promptu</span> <span class='ocrx_word' id='word_1_156' title='bbox 1425 1644 1503 1700; x_wconf 88' lang='lat' dir='ltr'>erat.</span> 
     </span>
    </p>

    <p class='ocr_par' dir='ltr' id='par_1_4' title="bbox 107 1739 1508 3700">
     <span class='ocr_line' id='line_1_15' title="bbox 210 1739 1503 1825; baseline 0 -21"><span class='ocrx_word' id='word_1_157' title='bbox 210 1742 393 1806; x_wconf 90' lang='lat' dir='ltr'>Pronomen</span> <span class='ocrx_word' id='word_1_158' title='bbox 425 1741 467 1804; x_wconf 90' lang='lat' dir='ltr'>ad</span> <span class='ocrx_word' id='word_1_159' title='bbox 499 1740 682 1804; x_wconf 87' lang='lat' dir='ltr'>subiectum</span> <span class='ocrx_word' id='word_1_160' title='bbox 714 1740 871 1803; x_wconf 90' lang='lat' dir='ltr'>enuntiati</span> <span class='ocrx_word' id='word_1_161' title='bbox 901 1741 1044 1825; x_wconf 90' lang='lat' dir='ltr'>primarii</span> <span class='ocrx_word' id='word_1_162' title='bbox 1075 1740 1212 1804; x_wconf 87' lang='lat' dir='ltr'>relatum</span> <span class='ocrx_word' id='word_1_163' title='bbox 1243 1763 1306 1803; x_wconf 93' lang='lat' dir='ltr'>non</span> <span class='ocrx_word' id='word_1_164' title='bbox 1341 1739 1503 1820; x_wconf 81' lang='lat' dir='ltr'>abundat3</span> 
     </span>
     <span class='ocr_line' id='line_1_16' title="bbox 107 1843 1504 1930; baseline -0.001 -23"><span class='ocrx_word' id='word_1_165' title='bbox 107 1845 181 1909; x_wconf 87' lang='lat' dir='ltr'>talis</span> <span class='ocrx_word' id='word_1_166' title='bbox 205 1847 291 1910; x_wconf 89' lang='lat' dir='ltr'>enim</span> <span class='ocrx_word' id='word_1_167' title='bbox 315 1845 455 1927; x_wconf 79' lang='lat' dir='ltr'>dativus,</span> <span class='ocrx_word' id='word_1_168' title='bbox 481 1845 585 1930; x_wconf 91' lang='lat' dir='ltr'>qualis</span> <span class='ocrx_word' id='word_1_169' title='bbox 607 1847 641 1908; x_wconf 92' lang='lat' dir='ltr'>in</span> <span class='ocrx_word' id='word_1_170' title='bbox 664 1867 718 1908; x_wconf 83' lang='lat' dir='ltr'>vv,</span> <span class='ocrx_word' id='word_1_171' title='bbox 737 1843 809 1926; x_wconf 88' lang='grc'>249,</span> <span class='ocrx_word' id='word_1_172' title='bbox 827 1843 890 1907; x_wconf 97' lang='grc'>775</span> <span class='ocrx_word' id='word_1_173' title='bbox 915 1845 1123 1929; x_wconf 79' lang='lat' dir='ltr'>conspicitur,</span> <span class='ocrx_word' id='word_1_174' title='bbox 1147 1844 1234 1928; x_wconf 92' lang='lat' dir='ltr'>apud</span> <span class='ocrx_word' id='word_1_175' title='bbox 1258 1867 1369 1908; x_wconf 89' lang='lat' dir='ltr'>omnes</span> <span class='ocrx_word' id='word_1_176' title='bbox 1393 1853 1504 1930; x_wconf 85' lang='lat' dir='ltr'>poetas</span> 
     </span>
     <span class='ocr_line' id='line_1_17' title="bbox 109 1946 1504 2032; baseline -0.003 -18"><span class='ocrx_word' id='word_1_177' title='bbox 109 1952 261 2029; x_wconf 82' lang='lat' dir='ltr'>occurrit3</span> <span class='ocrx_word' id='word_1_178' title='bbox 286 1950 328 2014; x_wconf 88' lang='lat' dir='ltr'>cf.</span> <span class='ocrx_word' id='word_1_179' title='bbox 347 1949 447 2031; x_wconf 64' lang='lat'>2443,</span> <span class='ocrx_word' id='word_1_180' title='bbox 467 1949 584 2030; x_wconf 88' lang='grc'>0156,</span> <span class='ocrx_word' id='word_1_181' title='bbox 607 1948 723 2030; x_wconf 67' lang='grc'>2376,</span> <span class='ocrx_word' id='word_1_182' title='bbox 748 1946 828 2012; x_wconf 84' lang='lat' dir='ltr'>Call.</span> <span class='ocrx_word' id='word_1_183' title='bbox 845 1948 897 2012; x_wconf 91' lang='lat' dir='ltr'>HI</span> <span class='ocrx_word' id='word_1_184' title='bbox 920 1947 970 2013; x_wconf 84' lang='grc'>89.</span> <span class='ocrx_word' id='word_1_185' title='bbox 1010 1948 1067 2011; x_wconf 92' lang='lat' dir='ltr'>sed</span> <span class='ocrx_word' id='word_1_186' title='bbox 1087 1971 1150 2012; x_wconf 91' lang='lat' dir='ltr'>uno</span> <span class='ocrx_word' id='word_1_187' title='bbox 1170 1948 1242 2012; x_wconf 92' lang='lat' dir='ltr'>loco</span> <span class='ocrx_word' id='word_1_188' title='bbox 1262 1948 1356 2012; x_wconf 89' lang='lat' dir='ltr'>huius</span> <span class='ocrx_word' id='word_1_189' title='bbox 1376 1949 1504 2032; x_wconf 84' lang='lat' dir='ltr'>generis</span> 
     </span>
     <span class='ocr_line' id='line_1_18' title="bbox 110 2050 1504 2139; baseline -0.001 -22"><span class='ocrx_word' id='word_1_190' title='bbox 110 2053 139 2139; x_wconf 85' lang='lat' dir='ltr'>(I</span> <span class='ocrx_word' id='word_1_191' title='bbox 162 2054 203 2139; x_wconf 82' lang='grc' dir='ltr'>Β)</span> <span class='ocrx_word' id='word_1_192' title='bbox 227 2063 261 2118; x_wconf 91' lang='lat' dir='ltr'>et</span> <span class='ocrx_word' id='word_1_193' title='bbox 282 2054 440 2139; x_wconf 85' lang='lat' dir='ltr'>pluribus,</span> <span class='ocrx_word' id='word_1_194' title='bbox 463 2053 519 2116; x_wconf 95' lang='lat' dir='ltr'>ubi</span> <span class='ocrx_word' id='word_1_195' title='bbox 542 2074 719 2138; x_wconf 89' lang='lat' dir='ltr'>pronomen</span> <span class='ocrx_word' id='word_1_196' title='bbox 742 2075 800 2137; x_wconf 93' lang='lat' dir='ltr'>pro</span> <span class='ocrx_word' id='word_1_197' title='bbox 824 2052 1077 2116; x_wconf 87' lang='lat' dir='ltr'>demonstrativo</span> <span class='ocrx_word' id='word_1_198' title='bbox 1101 2061 1149 2115; x_wconf 88' lang='lat' dir='ltr'>est</span> <span class='ocrx_word' id='word_1_199' title='bbox 1172 2050 1274 2138; x_wconf 77' lang='lat'><em>(10),</em></span> <span class='ocrx_word' id='word_1_200' title='bbox 1299 2051 1504 2137; x_wconf 80' lang='lat' dir='ltr'>pleonasmus</span> 
     </span>
     <span class='ocr_line' id='line_1_19' title="bbox 110 2155 1506 2243; baseline 0 -23"><span class='ocrx_word' id='word_1_201' title='bbox 110 2157 242 2243; x_wconf 89' lang='lat' dir='ltr'>quidam</span> <span class='ocrx_word' id='word_1_202' title='bbox 266 2161 417 2221; x_wconf 88' lang='lat' dir='ltr'>cernitur.</span> <span class='ocrx_word' id='word_1_203' title='bbox 464 2157 651 2241; x_wconf 84' lang='lat' dir='ltr'>adiungitur</span> <span class='ocrx_word' id='word_1_204' title='bbox 673 2159 760 2220; x_wconf 92' lang='lat' dir='ltr'>enim</span> <span class='ocrx_word' id='word_1_205' title='bbox 783 2179 961 2242; x_wconf 86' lang='lat' dir='ltr'>pronomen</span> <span class='ocrx_word' id='word_1_206' title='bbox 985 2155 1064 2220; x_wconf 92' lang='lat' dir='ltr'>illud</span> <span class='ocrx_word' id='word_1_207' title='bbox 1089 2156 1290 2220; x_wconf 85' lang='lat' dir='ltr'>substantivo</span> <span class='ocrx_word' id='word_1_208' title='bbox 1314 2158 1368 2240; x_wconf 84' lang='lat' dir='ltr'>ita,</span> <span class='ocrx_word' id='word_1_209' title='bbox 1391 2166 1427 2221; x_wconf 88' lang='lat' dir='ltr'>ut</span> <span class='ocrx_word' id='word_1_210' title='bbox 1449 2167 1506 2221; x_wconf 88' lang='lat' dir='ltr'>aut</span> 
     </span>
     <span class='ocr_line' id='line_1_20' title="bbox 110 2252 1506 2348; baseline 0.001 -24"><span class='ocrx_word' id='word_1_211' title='bbox 110 2252 265 2346; x_wconf 88' lang='lat' dir='ltr'>sequatur</span> <span class='ocrx_word' id='word_1_212' title='bbox 292 2260 348 2347; x_wconf 87' lang='lat' dir='ltr'>(cf.</span> <span class='ocrx_word' id='word_1_213' title='bbox 370 2261 434 2326; x_wconf 87' lang='grc'>675</span> <span class='ocrx_word' id='word_1_214' title='bbox 460 2266 553 2326; x_wconf 79' lang='grc' dir='ltr'><em>Φινεῖ</em></span> <span class='ocrx_word' id='word_1_215' title='bbox 574 2259 611 2327; x_wconf 86' lang='grc' dir='ltr'>δέ</span> <span class='ocrx_word' id='word_1_216' title='bbox 633 2255 665 2326; x_wconf 82' lang='lat' dir='ltr'>ol</span> <span class='ocrx_word' id='word_1_217' title='bbox 687 2261 825 2326; x_wconf 81' lang='grc' dir='ltr'><em>ὤπασαν</em></span> <span class='ocrx_word' id='word_1_218' title='bbox 847 2259 940 2348; x_wconf 81' lang='grc' dir='ltr'><em>ἀτην)</em></span> <span class='ocrx_word' id='word_1_219' title='bbox 969 2270 1024 2324; x_wconf 90' lang='lat' dir='ltr'>aut</span> <span class='ocrx_word' id='word_1_220' title='bbox 1051 2260 1228 2345; x_wconf 81' lang='lat' dir='ltr'>praecedat</span> <span class='ocrx_word' id='word_1_221' title='bbox 1255 2259 1311 2346; x_wconf 73' lang='lat' dir='ltr'>(cf.</span> <span class='ocrx_word' id='word_1_222' title='bbox 1328 2260 1390 2324; x_wconf 89' lang='grc'>267</span> <span class='ocrx_word' id='word_1_223' title='bbox 1414 2265 1451 2348; x_wconf 70' lang='grc' dir='ltr'>ἣν</span> <span class='ocrx_word' id='word_1_224' title='bbox 1473 2256 1506 2326; x_wconf 83' lang='lat' dir='ltr'>oi</span> 
     </span>
     <span class='ocr_line' id='line_1_21' title="bbox 109 2359 1506 2455; baseline -0.002 -24"><span class='ocrx_word' id='word_1_225' title='bbox 109 2365 334 2455; x_wconf 81' lang='grc' dir='ltr'><em>δποτροπίην.</em></span> <span class='ocrx_word' id='word_1_226' title='bbox 354 2364 486 2432; x_wconf 89' lang='grc' dir='ltr'><em>..θέτο</em></span> <span class='ocrx_word' id='word_1_227' title='bbox 515 2364 565 2452; x_wconf 86' lang='grc' dir='ltr'>νηί</span> <span class='ocrx_word' id='word_1_228' title='bbox 592 2363 733 2455; x_wconf 83' lang='grc' dir='ltr'><em>μελαίνη,</em></span> <span class='ocrx_word' id='word_1_229' title='bbox 766 2364 828 2429; x_wconf 87' lang='grc'>773</span> <span class='ocrx_word' id='word_1_230' title='bbox 852 2359 884 2430; x_wconf 80' lang='grc' dir='ltr'><em>οἱ</em></span> <span class='ocrx_word' id='word_1_231' title='bbox 906 2365 1075 2454; x_wconf 76' lang='grc' dir='ltr'><em>Μινύῃσι).</em></span> <span class='ocrx_word' id='word_1_232' title='bbox 1122 2387 1185 2450; x_wconf 94' lang='lat' dir='ltr'>quo</span> <span class='ocrx_word' id='word_1_233' title='bbox 1216 2366 1249 2427; x_wconf 91' lang='lat' dir='ltr'>in</span> <span class='ocrx_word' id='word_1_234' title='bbox 1276 2387 1336 2429; x_wconf 89' lang='lat' dir='ltr'>usu</span> <span class='ocrx_word' id='word_1_235' title='bbox 1366 2367 1506 2449; x_wconf 85' lang='lat' dir='ltr'>praeivit</span> 
     </span>
     <span class='ocr_line' id='line_1_22' title="bbox 109 2468 1506 2556; baseline -0.001 -23"><span class='ocrx_word' id='word_1_236' title='bbox 109 2469 271 2535; x_wconf 90' lang='lat' dir='ltr'>Homerus</span> <span class='ocrx_word' id='word_1_237' title='bbox 288 2471 340 2554; x_wconf 90' lang='lat' dir='ltr'>(N</span> <span class='ocrx_word' id='word_1_238' title='bbox 356 2469 429 2552; x_wconf 84' lang='lat'><strong>600,</strong></span> <span class='ocrx_word' id='word_1_239' title='bbox 447 2471 478 2534; x_wconf 89' lang='grc' dir='ltr'>Ω</span> <span class='ocrx_word' id='word_1_240' title='bbox 494 2469 621 2556; x_wconf 76' lang='grc' dir='ltr'>452(λ),</span> <span class='ocrx_word' id='word_1_241' title='bbox 637 2494 664 2533; x_wconf 91' lang='grc' dir='ltr'><em>π</em></span> <span class='ocrx_word' id='word_1_242' title='bbox 679 2468 752 2548; x_wconf 84' lang='grc'>371,</span> <span class='ocrx_word' id='word_1_243' title='bbox 768 2495 787 2533; x_wconf 90' lang='grc' dir='ltr'><em>ο</em></span> <span class='ocrx_word' id='word_1_244' title='bbox 804 2468 895 2550; x_wconf 81' lang='lat'>106);</span> <span class='ocrx_word' id='word_1_245' title='bbox 921 2468 962 2531; x_wconf 87' lang='lat' dir='ltr'>cf.</span> <span class='ocrx_word' id='word_1_246' title='bbox 980 2468 1090 2554; x_wconf 87' lang='lat' dir='ltr'>hymn.</span> <span class='ocrx_word' id='word_1_247' title='bbox 1109 2468 1214 2552; x_wconf 86' lang='lat' dir='ltr'>Apoll.</span> <span class='ocrx_word' id='word_1_248' title='bbox 1232 2468 1305 2553; x_wconf 88' lang='grc'>275,</span> <span class='ocrx_word' id='word_1_249' title='bbox 1328 2469 1450 2533; x_wconf 90' lang='lat' dir='ltr'>Herod.</span> <span class='ocrx_word' id='word_1_250' title='bbox 1471 2469 1506 2532; x_wconf 89' lang='grc' dir='ltr'>ΙΙ</span> 
     </span>
     <span class='ocr_line' id='line_1_23' title="bbox 112 2566 1505 2664; baseline 0 -28"><span class='ocrx_word' id='word_1_251' title='bbox 112 2574 173 2638; x_wconf 89' lang='grc'>175</span> <span class='ocrx_word' id='word_1_252' title='bbox 199 2575 253 2662; x_wconf 81' lang='grc' dir='ltr'>(τῇ</span> <span class='ocrx_word' id='word_1_253' title='bbox 274 2571 433 2664; x_wconf 85' lang='grc' dir='ltr'><em>Ἀθηναίη</em></span> <span class='ocrx_word' id='word_1_254' title='bbox 455 2573 644 2659; x_wconf 89' lang='grc' dir='ltr'><em>προπύλαια</em></span> <span class='ocrx_word' id='word_1_255' title='bbox 668 2624 724 2637; x_wconf 90' lang='grc'>...</span> <span class='ocrx_word' id='word_1_256' title='bbox 749 2566 781 2638; x_wconf 81' lang='grc' dir='ltr'><em>ολ</em></span> <span class='ocrx_word' id='word_1_257' title='bbox 804 2569 922 2660; x_wconf 81' lang='lat' dir='ltr'>[codd]</span> <span class='ocrx_word' id='word_1_258' title='bbox 947 2571 1163 2660; x_wconf 75' lang='grc' dir='ltr'><em>ἐξεποίησαν),</em></span> <span class='ocrx_word' id='word_1_259' title='bbox 1188 2573 1237 2636; x_wconf 91' lang='lat' dir='ltr'>VI</span> <span class='ocrx_word' id='word_1_260' title='bbox 1253 2572 1304 2657; x_wconf 82' lang='lat'>68,</span> <span class='ocrx_word' id='word_1_261' title='bbox 1328 2573 1438 2653; x_wconf 78' lang='lat' dir='ltr'>Quint.</span> <span class='ocrx_word' id='word_1_262' title='bbox 1455 2573 1505 2636; x_wconf 91' lang='grc' dir='ltr'>ΙΙΙ</span> 
     </span>
     <span class='ocr_line' id='line_1_24' title="bbox 109 2675 1506 2764; baseline -0.001 -23"><span class='ocrx_word' id='word_1_263' title='bbox 109 2678 183 2743; x_wconf 89' lang='grc'>529.</span> <span class='ocrx_word' id='word_1_264' title='bbox 229 2690 398 2764; x_wconf 87' lang='lat' dir='ltr'>praetcrea</span> <span class='ocrx_word' id='word_1_265' title='bbox 420 2679 507 2764; x_wconf 94' lang='lat' dir='ltr'>quod</span> <span class='ocrx_word' id='word_1_266' title='bbox 530 2677 676 2742; x_wconf 90' lang='lat' dir='ltr'>abundat</span> <span class='ocrx_word' id='word_1_267' title='bbox 698 2699 875 2762; x_wconf 90' lang='lat' dir='ltr'>pronomen</span> <span class='ocrx_word' id='word_1_268' title='bbox 899 2675 961 2739; x_wconf 92' lang='lat' dir='ltr'>alio</span> <span class='ocrx_word' id='word_1_269' title='bbox 987 2698 1064 2740; x_wconf 90' lang='lat' dir='ltr'>casu</span> <span class='ocrx_word' id='word_1_270' title='bbox 1087 2678 1215 2762; x_wconf 93' lang='lat' dir='ltr'>ponitur</span> <span class='ocrx_word' id='word_1_271' title='bbox 1239 2684 1335 2762; x_wconf 88' lang='lat' dir='ltr'>atque</span> <span class='ocrx_word' id='word_1_272' title='bbox 1360 2677 1506 2742; x_wconf 90' lang='lat' dir='ltr'>substan-</span> 
     </span>
     <span class='ocr_line' id='line_1_25' title="bbox 110 2777 1506 2868; baseline 0.001 -23"><span class='ocrx_word' id='word_1_273' title='bbox 110 2784 227 2846; x_wconf 91' lang='lat' dir='ltr'>tivum:</span> <span class='ocrx_word' id='word_1_274' title='bbox 256 2782 319 2847; x_wconf 89' lang='grc'>656</span> <span class='ocrx_word' id='word_1_275' title='bbox 347 2785 457 2868; x_wconf 88' lang='grc' dir='ltr'><em>μολεῖν</em></span> <span class='ocrx_word' id='word_1_276' title='bbox 484 2787 543 2868; x_wconf 80' lang='grc' dir='ltr'>γάρ</span> <span class='ocrx_word' id='word_1_277' title='bbox 572 2777 603 2848; x_wconf 84' lang='lat' dir='ltr'>oi</span> <span class='ocrx_word' id='word_1_278' title='bbox 631 2782 699 2846; x_wconf 76' lang='grc' dir='ltr'><em>οίίτι</em></span> <span class='ocrx_word' id='word_1_279' title='bbox 726 2781 880 2867; x_wconf 87' lang='grc' dir='ltr'><em>πέπρωτο</em></span> <span class='ocrx_word' id='word_1_280' title='bbox 905 2783 910 2866; x_wconf 75' lang='lat' dir='ltr'>l</span> <span class='ocrx_word' id='word_1_281' title='bbox 938 2785 1043 2846; x_wconf 81' lang='grc' dir='ltr'><em>Φᾶσιν</em></span> <span class='ocrx_word' id='word_1_282' title='bbox 1069 2779 1235 2866; x_wconf 87' lang='grc' dir='ltr'><em>καλλίροον</em></span> <span class='ocrx_word' id='word_1_283' title='bbox 1257 2780 1351 2864; x_wconf 84' lang='grc' dir='ltr'><em>μένος</em></span> <span class='ocrx_word' id='word_1_284' title='bbox 1372 2781 1506 2866; x_wconf 70' lang='grc' dir='ltr'><em>ὄβριμον</em></span> 
     </span>
     <span class='ocr_line' id='line_1_26' title="bbox 110 2879 1507 2975; baseline -0.001 -25"><span class='ocrx_word' id='word_1_285' title='bbox 110 2879 283 2975; x_wconf 81' lang='grc' dir='ltr'><em>Ἡρακλῆος</em></span> <span class='ocrx_word' id='word_1_286' title='bbox 306 2896 339 2950; x_wconf 91' lang='lat' dir='ltr'>et</span> <span class='ocrx_word' id='word_1_287' title='bbox 364 2887 445 2951; x_wconf 84' lang='lat'>1309</span> <span class='ocrx_word' id='word_1_288' title='bbox 468 2891 512 2974; x_wconf 81' lang='grc' dir='ltr'>μή</span> <span class='ocrx_word' id='word_1_289' title='bbox 534 2880 566 2951; x_wconf 82' lang='lat' dir='ltr'>ol</span> <span class='ocrx_word' id='word_1_290' title='bbox 588 2885 668 2951; x_wconf 82' lang='grc' dir='ltr'><em>έλὼν</em></span> <span class='ocrx_word' id='word_1_291' title='bbox 691 2885 847 2951; x_wconf 76' lang='grc' dir='ltr'><em>ἀέκουσαν</em></span> <span class='ocrx_word' id='word_1_292' title='bbox 859 2884 914 2950; x_wconf 78' lang='grc' dir='ltr'>έδν</span> <span class='ocrx_word' id='word_1_293' title='bbox 932 2882 1074 2972; x_wconf 84' lang='grc' dir='ltr'><em>πέμψειε</em></span> <span class='ocrx_word' id='word_1_294' title='bbox 1094 2886 1231 2969; x_wconf 79' lang='grc' dir='ltr'><em>δόμονδε</em></span> <span class='ocrx_word' id='word_1_295' title='bbox 1248 2939 1254 2951; x_wconf 93' lang='grc'><em>.</em></span> <span class='ocrx_word' id='word_1_296' title='bbox 1273 2936 1305 2951; x_wconf 92' lang='grc'>..</span> <span class='ocrx_word' id='word_1_297' title='bbox 1340 2887 1507 2950; x_wconf 90' lang='lat' dir='ltr'>nonenim</span> 
     </span>
     <span class='ocr_line' id='line_1_27' title="bbox 110 2985 1506 3074; baseline 0.001 -22"><span class='ocrx_word' id='word_1_298' title='bbox 110 2993 316 3055; x_wconf 88' lang='lat' dir='ltr'>accusativus</span> <span class='ocrx_word' id='word_1_299' title='bbox 343 3001 393 3055; x_wconf 88' lang='lat' dir='ltr'>est</span> <span class='ocrx_word' id='word_1_300' title='bbox 419 2985 461 3073; x_wconf 81' lang='lat' dir='ltr'>oi,</span> <span class='ocrx_word' id='word_1_301' title='bbox 489 2999 523 3054; x_wconf 91' lang='lat' dir='ltr'>ut</span> <span class='ocrx_word' id='word_1_302' title='bbox 550 2992 657 3054; x_wconf 90' lang='lat' dir='ltr'>visum</span> <span class='ocrx_word' id='word_1_303' title='bbox 679 2999 728 3053; x_wconf 88' lang='lat' dir='ltr'>est</span> <span class='ocrx_word' id='word_1_304' title='bbox 750 2991 940 3053; x_wconf 89' lang='lat' dir='ltr'>Hermanno</span> <span class='ocrx_word' id='word_1_305' title='bbox 963 3011 995 3074; x_wconf 93' lang='lat' dir='ltr'>p.</span> <span class='ocrx_word' id='word_1_306' title='bbox 1012 2988 1086 3070; x_wconf 87' lang='grc'>795,</span> <span class='ocrx_word' id='word_1_307' title='bbox 1114 2989 1171 3053; x_wconf 82' lang='grc' dir='ltr'>εοδ</span> <span class='ocrx_word' id='word_1_308' title='bbox 1194 2990 1432 3069; x_wconf 86' lang='grc' dir='ltr'><em>πλεοναστικῶς</em></span> <span class='ocrx_word' id='word_1_309' title='bbox 1453 3012 1506 3074; x_wconf 90' lang='lat' dir='ltr'>po·</span> 
     </span>
     <span class='ocr_line' id='line_1_28' title="bbox 111 3091 1508 3180; baseline 0 -24"><span class='ocrx_word' id='word_1_310' title='bbox 111 3095 198 3157; x_wconf 90' lang='lat' dir='ltr'>nitur</span> <span class='ocrx_word' id='word_1_311' title='bbox 225 3094 363 3176; x_wconf 81' lang='lat' dir='ltr'>dativus,</span> <span class='ocrx_word' id='word_1_312' title='bbox 394 3105 429 3158; x_wconf 91' lang='lat' dir='ltr'>ut</span> <span class='ocrx_word' id='word_1_313' title='bbox 452 3094 625 3159; x_wconf 90' lang='lat' dir='ltr'>vernacule</span> <span class='ocrx_word' id='word_1_314' title='bbox 656 3103 784 3158; x_wconf 88' lang='lat' dir='ltr'>vertere</span> <span class='ocrx_word' id='word_1_315' title='bbox 814 3095 934 3177; x_wconf 86' lang='lat' dir='ltr'>possis:</span> <span class='ocrx_word' id='word_1_316' title='bbox 967 3097 1011 3156; x_wconf 89' lang='lat' dir='ltr'>‘es</span> <span class='ocrx_word' id='word_1_317' title='bbox 1039 3116 1106 3157; x_wconf 87' lang='lat' dir='ltr'>war</span> <span class='ocrx_word' id='word_1_318' title='bbox 1132 3094 1199 3157; x_wconf 93' lang='lat' dir='ltr'>ihm</span> <span class='ocrx_word' id='word_1_319' title='bbox 1226 3091 1389 3180; x_wconf 81' lang='lat' dir='ltr'>(Herculi)</span> <span class='ocrx_word' id='word_1_320' title='bbox 1417 3094 1508 3157; x_wconf 91' lang='lat' dir='ltr'>nicht</span> 
     </span>
     <span class='ocr_line' id='line_1_29' title="bbox 110 3196 1508 3282; baseline 0 -22"><span class='ocrx_word' id='word_1_321' title='bbox 110 3198 285 3280; x_wconf 71' lang='lat' dir='ltr'>besdmmt,</span> <span class='ocrx_word' id='word_1_322' title='bbox 309 3198 384 3264; x_wconf 89' lang='lat' dir='ltr'>dass</span> <span class='ocrx_word' id='word_1_323' title='bbox 399 3199 563 3262; x_wconf 85' lang='lat' dir='ltr'>Herakles</span> <span class='ocrx_word' id='word_1_324' title='bbox 585 3222 625 3263; x_wconf 92' lang='lat' dir='ltr'>an</span> <span class='ocrx_word' id='word_1_325' title='bbox 647 3199 711 3263; x_wconf 92' lang='lat' dir='ltr'>den</span> <span class='ocrx_word' id='word_1_326' title='bbox 727 3199 842 3262; x_wconf 88' lang='lat' dir='ltr'>Phasis</span> <span class='ocrx_word' id='word_1_327' title='bbox 866 3198 1018 3262; x_wconf 86' lang='lat' dir='ltr'>komme&#39;.</span> <span class='ocrx_word' id='word_1_328' title='bbox 1057 3197 1197 3282; x_wconf 87' lang='lat' dir='ltr'>quodam</span> <span class='ocrx_word' id='word_1_329' title='bbox 1212 3196 1309 3262; x_wconf 91' lang='lat' dir='ltr'>modo</span> <span class='ocrx_word' id='word_1_330' title='bbox 1327 3199 1508 3281; x_wconf 88' lang='lat' dir='ltr'>comparari</span> 
     </span>
     <span class='ocr_line' id='line_1_30' title="bbox 111 3299 1506 3392; baseline -0.002 -26"><span class='ocrx_word' id='word_1_331' title='bbox 111 3310 217 3386; x_wconf 89' lang='lat' dir='ltr'>potest</span> <span class='ocrx_word' id='word_1_332' title='bbox 246 3329 265 3388; x_wconf 90' lang='grc' dir='ltr'><em>ρ</em></span> <span class='ocrx_word' id='word_1_333' title='bbox 294 3302 359 3367; x_wconf 87' lang='grc'>555</span> <span class='ocrx_word' id='word_1_334' title='bbox 386 3302 582 3391; x_wconf 79' lang='grc' dir='ltr'><em>μεταλλῆσαί</em></span> <span class='ocrx_word' id='word_1_335' title='bbox 602 3302 636 3369; x_wconf 91' lang='grc' dir='ltr'>τί</span> <span class='ocrx_word' id='word_1_336' title='bbox 658 3303 673 3367; x_wconf 83' lang='grc' dir='ltr'><em>έ</em></span> <span class='ocrx_word' id='word_1_337' title='bbox 696 3307 801 3387; x_wconf 83' lang='grc' dir='ltr'><em>θνμδς</em></span> <span class='ocrx_word' id='word_1_338' title='bbox 821 3301 947 3368; x_wconf 84' lang='grc' dir='ltr'><em>κέλεται</em></span> <span class='ocrx_word' id='word_1_339' title='bbox 968 3301 1023 3368; x_wconf 83' lang='grc' dir='ltr'>καί</span> <span class='ocrx_word' id='word_1_340' title='bbox 1044 3303 1142 3392; x_wconf 83' lang='grc' dir='ltr'><em>κη’δοοί</em></span> <span class='ocrx_word' id='word_1_341' title='bbox 1164 3326 1225 3389; x_wconf 86' lang='grc' dir='ltr'><em>περ</em></span> <span class='ocrx_word' id='word_1_342' title='bbox 1248 3299 1433 3390; x_wconf 82' lang='grc' dir='ltr'><em>πεπαθοίη;</em></span> <span class='ocrx_word' id='word_1_343' title='bbox 1465 3301 1506 3364; x_wconf 82' lang='lat' dir='ltr'>cl.</span> 
     </span>
     <span class='ocr_line' id='line_1_31' title="bbox 112 3405 1507 3492; baseline -0.001 -24"><span class='ocrx_word' id='word_1_344' title='bbox 112 3428 194 3492; x_wconf 90' lang='lat' dir='ltr'>quae</span> <span class='ocrx_word' id='word_1_345' title='bbox 223 3407 264 3470; x_wconf 93' lang='lat' dir='ltr'>de</span> <span class='ocrx_word' id='word_1_346' title='bbox 292 3406 445 3470; x_wconf 91' lang='lat' dir='ltr'>hocloco</span> <span class='ocrx_word' id='word_1_347' title='bbox 468 3407 493 3470; x_wconf 95' lang='lat' dir='ltr'>I.</span> <span class='ocrx_word' id='word_1_348' title='bbox 512 3406 686 3471; x_wconf 77' lang='lat' dir='ltr'>Classenus</span> <span class='ocrx_word' id='word_1_349' title='bbox 710 3410 861 3491; x_wconf 87' lang='lat' dir='ltr'>exposuit</span> <span class='ocrx_word' id='word_1_350' title='bbox 874 3408 897 3492; x_wconf 85' lang='lat'>¹)</span> <span class='ocrx_word' id='word_1_351' title='bbox 928 3415 959 3470; x_wconf 93' lang='lat' dir='ltr'>et</span> <span class='ocrx_word' id='word_1_352' title='bbox 981 3406 1068 3470; x_wconf 91' lang='lat' dir='ltr'>locos</span> <span class='ocrx_word' id='word_1_353' title='bbox 1091 3431 1111 3470; x_wconf 91' lang='lat' dir='ltr'>a</span> <span class='ocrx_word' id='word_1_354' title='bbox 1133 3406 1308 3490; x_wconf 83' lang='lat' dir='ltr'>Vogrinzio</span> <span class='ocrx_word' id='word_1_355' title='bbox 1331 3427 1362 3489; x_wconf 92' lang='lat' dir='ltr'>p.</span> <span class='ocrx_word' id='word_1_356' title='bbox 1380 3405 1444 3468; x_wconf 79' lang='lat'>305</span> <span class='ocrx_word' id='word_1_357' title='bbox 1461 3427 1507 3490; x_wconf 87' lang='lat' dir='ltr'>sq.</span> 
     </span>
     <span class='ocr_line' id='line_1_32' title="bbox 112 3510 1508 3597; baseline 0 -24"><span class='ocrx_word' id='word_1_358' title='bbox 112 3511 247 3574; x_wconf 89' lang='lat' dir='ltr'>adlatos.</span> <span class='ocrx_word' id='word_1_359' title='bbox 291 3510 385 3575; x_wconf 92' lang='lat' dir='ltr'>simili</span> <span class='ocrx_word' id='word_1_360' title='bbox 408 3512 503 3575; x_wconf 92' lang='lat' dir='ltr'>modo</span> <span class='ocrx_word' id='word_1_361' title='bbox 526 3512 741 3597; x_wconf 84' lang='lat' dir='ltr'>explicandus</span> <span class='ocrx_word' id='word_1_362' title='bbox 764 3533 835 3575; x_wconf 90' lang='lat' dir='ltr'>esse</span> <span class='ocrx_word' id='word_1_363' title='bbox 859 3512 989 3575; x_wconf 89' lang='lat' dir='ltr'>videtur</span> <span class='ocrx_word' id='word_1_364' title='bbox 1011 3533 1042 3575; x_wconf 89' lang='lat' dir='ltr'>v.</span> <span class='ocrx_word' id='word_1_365' title='bbox 1061 3510 1134 3593; x_wconf 89' lang='grc'>291,</span> <span class='ocrx_word' id='word_1_366' title='bbox 1159 3532 1255 3596; x_wconf 91' lang='lat' dir='ltr'>quem</span> <span class='ocrx_word' id='word_1_367' title='bbox 1280 3531 1388 3592; x_wconf 81' lang='lat' dir='ltr'>supra,</span> <span class='ocrx_word' id='word_1_368' title='bbox 1412 3531 1453 3572; x_wconf 90' lang='lat' dir='ltr'>ne</span> <span class='ocrx_word' id='word_1_369' title='bbox 1474 3511 1508 3573; x_wconf 92' lang='lat' dir='ltr'>in</span> 
     </span>
     <span class='ocr_line' id='line_1_33' title="bbox 113 3608 1508 3700; baseline -0.001 -23"><span class='ocrx_word' id='word_1_370' title='bbox 113 3622 264 3699; x_wconf 89' lang='lat' dir='ltr'>quattuor</span> <span class='ocrx_word' id='word_1_371' title='bbox 286 3615 381 3679; x_wconf 89' lang='lat' dir='ltr'>simul</span> <span class='ocrx_word' id='word_1_372' title='bbox 404 3637 526 3699; x_wconf 85' lang='lat' dir='ltr'>genera</span> <span class='ocrx_word' id='word_1_373' title='bbox 548 3614 714 3697; x_wconf 74' lang='lat' dir='ltr'>referrem,</span> <span class='ocrx_word' id='word_1_374' title='bbox 743 3617 851 3679; x_wconf 88' lang='lat' dir='ltr'>omisi:</span> <span class='ocrx_word' id='word_1_375' title='bbox 883 3610 952 3680; x_wconf 81' lang='grc' dir='ltr'><em>ἀλλ’</em></span> <span class='ocrx_word' id='word_1_376' title='bbox 968 3617 1007 3681; x_wconf 78' lang='lat' dir='ltr'>ot</span> <span class='ocrx_word' id='word_1_377' title='bbox 1028 3608 1060 3680; x_wconf 80' lang='grc' dir='ltr'><em>ολ</em></span> <span class='ocrx_word' id='word_1_378' title='bbox 1082 3618 1251 3700; x_wconf 85' lang='grc' dir='ltr'><em>κάρτιστον</em></span> <span class='ocrx_word' id='word_1_379' title='bbox 1273 3615 1452 3698; x_wconf 88' lang='grc' dir='ltr'><em>ἀρειδτερόν</em></span> <span class='ocrx_word' id='word_1_380' title='bbox 1473 3637 1508 3678; x_wconf 90' lang='grc' dir='ltr'><em>τε</em></span> 
     </span>
    </p>
   </div>
   <div class='ocr_carea' id='block_1_3' title="bbox 112 3789 1510 4548">
    <p class='ocr_par' dir='ltr' id='par_1_5' title="bbox 112 3789 1510 4548">
     <span class='ocr_line' id='line_1_34' title="bbox 218 3789 1510 3856; baseline -0.002 -17"><span class='ocrx_word' id='word_1_381' title='bbox 218 3791 238 3856; x_wconf 85' lang='lat'>¹)</span> <span class='ocrx_word' id='word_1_382' title='bbox 257 3790 402 3841; x_wconf 86' lang='lat' dir='ltr'>Beobacht.</span> <span class='ocrx_word' id='word_1_383' title='bbox 414 3791 459 3840; x_wconf 87' lang='lat' dir='ltr'>ub.</span> <span class='ocrx_word' id='word_1_384' title='bbox 473 3790 496 3839; x_wconf 89' lang='lat' dir='ltr'>d.</span> <span class='ocrx_word' id='word_1_385' title='bbox 510 3790 579 3839; x_wconf 90' lang='lat' dir='ltr'>hom.</span> <span class='ocrx_word' id='word_1_386' title='bbox 594 3789 840 3856; x_wconf 83' lang='lat' dir='ltr'>Sprachgebrauch,</span> <span class='ocrx_word' id='word_1_387' title='bbox 860 3791 1027 3840; x_wconf 81' lang='lat' dir='ltr'>Francofurt.</span> <span class='ocrx_word' id='word_1_388' title='bbox 1049 3791 1124 3852; x_wconf 87' lang='grc'>1879,</span> <span class='ocrx_word' id='word_1_389' title='bbox 1146 3807 1172 3855; x_wconf 91' lang='lat' dir='ltr'>p.</span> <span class='ocrx_word' id='word_1_390' title='bbox 1188 3789 1236 3839; x_wconf 85' lang='lat'>158</span> <span class='ocrx_word' id='word_1_391' title='bbox 1249 3804 1288 3854; x_wconf 93' lang='lat' dir='ltr'>sq.</span> <span class='ocrx_word' id='word_1_392' title='bbox 1325 3793 1443 3838; x_wconf 86' lang='lat' dir='ltr'>ceterum</span> <span class='ocrx_word' id='word_1_393' title='bbox 1462 3804 1510 3838; x_wconf 90' lang='lat' dir='ltr'>cur</span> 
     </span>
     <span class='ocr_line' id='line_1_35' title="bbox 113 3873 1509 3945; baseline -0.001 -20"><span class='ocrx_word' id='word_1_394' title='bbox 113 3892 174 3926; x_wconf 92' lang='lat' dir='ltr'>cum</span> <span class='ocrx_word' id='word_1_395' title='bbox 187 3877 287 3927; x_wconf 91' lang='lat' dir='ltr'>Wielio</span> <span class='ocrx_word' id='word_1_396' title='bbox 307 3877 384 3942; x_wconf 77' lang='lat'>(117)</span> <span class='ocrx_word' id='word_1_397' title='bbox 403 3876 551 3926; x_wconf 87' lang='lat' dir='ltr'>scribamus</span> <span class='ocrx_word' id='word_1_398' title='bbox 568 3877 667 3942; x_wconf 83' lang='grc' dir='ltr'><em>μολεῖν</em></span> <span class='ocrx_word' id='word_1_399' title='bbox 685 3873 711 3926; x_wconf 72' lang='grc' dir='ltr'>δ’</span> <span class='ocrx_word' id='word_1_400' title='bbox 725 3878 778 3945; x_wconf 77' lang='grc' dir='ltr'>δρα</span> <span class='ocrx_word' id='word_1_401' title='bbox 797 3874 866 3938; x_wconf 76' lang='grc' dir='ltr'><em>οὔτι,</em></span> <span class='ocrx_word' id='word_1_402' title='bbox 886 3892 967 3927; x_wconf 89' lang='lat' dir='ltr'>causa</span> <span class='ocrx_word' id='word_1_403' title='bbox 985 3893 1040 3926; x_wconf 93' lang='lat' dir='ltr'>non</span> <span class='ocrx_word' id='word_1_404' title='bbox 1059 3891 1117 3926; x_wconf 88' lang='lat' dir='ltr'>esse</span> <span class='ocrx_word' id='word_1_405' title='bbox 1129 3876 1243 3926; x_wconf 87' lang='lat' dir='ltr'>videtur.</span> <span class='ocrx_word' id='word_1_406' title='bbox 1273 3876 1338 3924; x_wconf 90' lang='lat' dir='ltr'>item</span> <span class='ocrx_word' id='word_1_407' title='bbox 1351 3876 1393 3925; x_wconf 89' lang='lat' dir='ltr'>his</span> <span class='ocrx_word' id='word_1_408' title='bbox 1405 3876 1509 3925; x_wconf 84' lang='lat' dir='ltr'>duobus</span> 
     </span>
     <span class='ocr_line' id='line_1_36' title="bbox 112 3954 1509 4029; baseline 0 -17"><span class='ocrx_word' id='word_1_409' title='bbox 112 3963 354 4028; x_wconf 85' lang='lat' dir='ltr'>Argonauticorum</span> <span class='ocrx_word' id='word_1_410' title='bbox 372 3963 439 4016; x_wconf 83' lang='lat' dir='ltr'>locis</span> <span class='ocrx_word' id='word_1_411' title='bbox 457 3963 562 4013; x_wconf 88' lang='lat' dir='ltr'>collatis</span> <span class='ocrx_word' id='word_1_412' title='bbox 581 3963 681 4025; x_wconf 87' lang='lat' dir='ltr'>dubito,</span> <span class='ocrx_word' id='word_1_413' title='bbox 701 3980 763 4013; x_wconf 87' lang='lat' dir='ltr'>num</span> <span class='ocrx_word' id='word_1_414' title='bbox 782 3965 811 4012; x_wconf 92' lang='lat' dir='ltr'>in</span> <span class='ocrx_word' id='word_1_415' title='bbox 830 3964 925 4025; x_wconf 81' lang='lat' dir='ltr'>Quinti</span> <span class='ocrx_word' id='word_1_416' title='bbox 942 3964 1002 4014; x_wconf 93' lang='lat' dir='ltr'>loco</span> <span class='ocrx_word' id='word_1_417' title='bbox 1021 3964 1111 4013; x_wconf 78' lang='lat'>11157</span> <span class='ocrx_word' id='word_1_418' title='bbox 1132 3954 1152 4012; x_wconf 85' lang='grc' dir='ltr'><em>ὦ</em></span> <span class='ocrx_word' id='word_1_419' title='bbox 1170 3963 1263 4028; x_wconf 83' lang='grc' dir='ltr'><em>πόποι,</em></span> <span class='ocrx_word' id='word_1_420' title='bbox 1283 3963 1317 4019; x_wconf 82' lang='grc' dir='ltr'>ὡς</span> <span class='ocrx_word' id='word_1_421' title='bbox 1335 3963 1383 4029; x_wconf 76' lang='grc' dir='ltr'><em>ὅγε</em></span> <span class='ocrx_word' id='word_1_422' title='bbox 1401 3959 1509 4029; x_wconf 82' lang='grc' dir='ltr'><em>μαίνετ’</em></span> 
     </span>
     <span class='ocr_line' id='line_1_37' title="bbox 114 4046 1509 4118; baseline 0.001 -20"><span class='ocrx_word' id='word_1_423' title='bbox 114 4049 168 4099; x_wconf 78' lang='grc' dir='ltr'>ἀνὰ</span> <span class='ocrx_word' id='word_1_424' title='bbox 187 4051 303 4118; x_wconf 80' lang='grc' dir='ltr'><em>φρένας·</em></span> <span class='ocrx_word' id='word_1_425' title='bbox 323 4049 390 4099; x_wconf 85' lang='grc' dir='ltr'>ἀλλά</span> <span class='ocrx_word' id='word_1_426' title='bbox 403 4049 432 4098; x_wconf 87' lang='grc' dir='ltr'>σί</span> <span class='ocrx_word' id='word_1_427' title='bbox 443 4047 503 4099; x_wconf 74' lang='lat' dir='ltr'>oller</span> <span class='ocrx_word' id='word_1_428' title='bbox 518 4049 522 4113; x_wconf 93' lang='grc' dir='ltr'>Ι</span> <span class='ocrx_word' id='word_1_429' title='bbox 538 4046 598 4098; x_wconf 77' lang='grc' dir='ltr'><em>οὐδ’</em></span> <span class='ocrx_word' id='word_1_430' title='bbox 612 4048 693 4105; x_wconf 83' lang='grc' dir='ltr'><em>αὐτὸς</em></span> <span class='ocrx_word' id='word_1_431' title='bbox 706 4049 844 4118; x_wconf 73' lang='grc' dir='ltr'><em>Κρονίδης</em></span> <span class='ocrx_word' id='word_1_432' title='bbox 857 4047 893 4101; x_wconf 73' lang='lat' dir='ltr'>tr’</span> <span class='ocrx_word' id='word_1_433' title='bbox 907 4049 1030 4110; x_wconf 81' lang='grc' dir='ltr'><em>ἀνέξεται</em></span> <span class='ocrx_word' id='word_1_434' title='bbox 1049 4047 1110 4101; x_wconf 78' lang='grc' dir='ltr'><em>οὔτε</em></span> <span class='ocrx_word' id='word_1_435' title='bbox 1129 4067 1169 4107; x_wconf 83' lang='grc' dir='ltr'>τις</span> <span class='ocrx_word' id='word_1_436' title='bbox 1185 4050 1265 4106; x_wconf 77' lang='grc' dir='ltr'><em>ἀλλος</em></span> <span class='ocrx_word' id='word_1_437' title='bbox 1280 4048 1284 4114; x_wconf 87' lang='grc' dir='ltr'>Ι</span> <span class='ocrx_word' id='word_1_438' title='bbox 1300 4047 1371 4099; x_wconf 73' lang='lat' dir='ltr'>odra</span> <span class='ocrx_word' id='word_1_439' title='bbox 1387 4053 1509 4117; x_wconf 81' lang='grc' dir='ltr'><em>μαργαί-</em></span> 
     </span>
     <span class='ocr_line' id='line_1_38' title="bbox 113 4135 1510 4203; baseline 0.001 -18"><span class='ocrx_word' id='word_1_440' title='bbox 113 4152 198 4186; x_wconf 87' lang='grc' dir='ltr'><em>νοντα</em></span> <span class='ocrx_word' id='word_1_441' title='bbox 225 4136 272 4185; x_wconf 82' lang='grc' dir='ltr'>καλ</span> <span class='ocrx_word' id='word_1_442' title='bbox 299 4135 451 4186; x_wconf 80' lang='grc' dir='ltr'><em>ἀντιόωντα</em></span> <span class='ocrx_word' id='word_1_443' title='bbox 474 4138 590 4200; x_wconf 85' lang='grc' dir='ltr'><em>θεοῖσιν,</em></span> <span class='ocrx_word' id='word_1_444' title='bbox 618 4152 671 4201; x_wconf 88' lang='lat' dir='ltr'>qno</span> <span class='ocrx_word' id='word_1_445' title='bbox 694 4137 914 4202; x_wconf 76' lang='lat' dir='ltr'>Hermannnsp.</span> <span class='ocrx_word' id='word_1_446' title='bbox 933 4139 984 4187; x_wconf 80' lang='lat'>802</span> <span class='ocrx_word' id='word_1_447' title='bbox 1013 4137 1040 4186; x_wconf 89' lang='grc' dir='ltr'><em>οί</em></span> <span class='ocrx_word' id='word_1_448' title='bbox 1062 4153 1109 4202; x_wconf 90' lang='lat' dir='ltr'>pro</span> <span class='ocrx_word' id='word_1_449' title='bbox 1132 4139 1284 4187; x_wconf 86' lang='lat' dir='ltr'>accusativo</span> <span class='ocrx_word' id='word_1_450' title='bbox 1308 4138 1421 4203; x_wconf 85' lang='lat' dir='ltr'>accepit,</span> <span class='ocrx_word' id='word_1_451' title='bbox 1449 4153 1510 4186; x_wconf 89' lang='lat' dir='ltr'>cum</span> 
     </span>
     <span class='ocr_line' id='line_1_39' title="bbox 113 4222 1510 4292; baseline 0.001 -21"><span class='ocrx_word' id='word_1_452' title='bbox 113 4222 253 4287; x_wconf 85' lang='lat' dir='ltr'>Koechlyo</span> <span class='ocrx_word' id='word_1_453' title='bbox 271 4227 379 4287; x_wconf 88' lang='lat' dir='ltr'>propter</span> <span class='ocrx_word' id='word_1_454' title='bbox 397 4223 431 4284; x_wconf 85' lang='grc' dir='ltr'><em>οί,</em></span> <span class='ocrx_word' id='word_1_455' title='bbox 455 4223 525 4288; x_wconf 91' lang='lat' dir='ltr'>quod</span> <span class='ocrx_word' id='word_1_456' title='bbox 544 4239 604 4271; x_wconf 91' lang='lat' dir='ltr'>cum</span> <span class='ocrx_word' id='word_1_457' title='bbox 623 4224 797 4287; x_wconf 84' lang='lat' dir='ltr'>sequentibus</span> <span class='ocrx_word' id='word_1_458' title='bbox 815 4226 978 4273; x_wconf 86' lang='lat' dir='ltr'>accusativis</span> <span class='ocrx_word' id='word_1_459' title='bbox 1002 4223 1140 4273; x_wconf 89' lang='lat' dir='ltr'>conciliari</span> <span class='ocrx_word' id='word_1_460' title='bbox 1162 4229 1280 4289; x_wconf 88' lang='lat' dir='ltr'>nequeat</span> <span class='ocrx_word' id='word_1_461' title='bbox 1303 4222 1408 4292; x_wconf 88' lang='lat' dir='ltr'>(codem</span> <span class='ocrx_word' id='word_1_462' title='bbox 1431 4224 1510 4273; x_wconf 87' lang='lat' dir='ltr'>modo</span> 
     </span>
     <span class='ocr_line' id='line_1_40' title="bbox 113 4308 1509 4375; baseline 0.001 -17"><span class='ocrx_word' id='word_1_463' title='bbox 113 4309 344 4358; x_wconf 86' lang='lat' dir='ltr'>Zimmermannus</span> <span class='ocrx_word' id='word_1_464' title='bbox 363 4325 388 4373; x_wconf 90' lang='lat' dir='ltr'>p.</span> <span class='ocrx_word' id='word_1_465' title='bbox 403 4309 434 4358; x_wconf 85' lang='grc'>67</span> <span class='ocrx_word' id='word_1_466' title='bbox 453 4309 574 4372; x_wconf 83' lang='lat' dir='ltr'>iudicat),</span> <span class='ocrx_word' id='word_1_467' title='bbox 592 4308 692 4358; x_wconf 84' lang='lat' dir='ltr'>lacuna</span> <span class='ocrx_word' id='word_1_468' title='bbox 704 4310 847 4360; x_wconf 83' lang='lat' dir='ltr'>statuenda</span> <span class='ocrx_word' id='word_1_469' title='bbox 861 4310 895 4359; x_wconf 85' lang='lat' dir='ltr'>sit</span> <span class='ocrx_word' id='word_1_470' title='bbox 907 4315 967 4375; x_wconf 89' lang='lat' dir='ltr'>post</span> <span class='ocrx_word' id='word_1_471' title='bbox 985 4325 1009 4358; x_wconf 91' lang='lat' dir='ltr'>v.</span> <span class='ocrx_word' id='word_1_472' title='bbox 1024 4310 1065 4358; x_wconf 79' lang='lat' dir='ltr'>st.</span> <span class='ocrx_word' id='word_1_473' title='bbox 1085 4309 1156 4374; x_wconf 90' lang='lat' dir='ltr'>quod</span> <span class='ocrx_word' id='word_1_474' title='bbox 1169 4311 1191 4360; x_wconf 86' lang='lat' dir='ltr'>si</span> <span class='ocrx_word' id='word_1_475' title='bbox 1203 4310 1275 4360; x_wconf 91' lang='lat' dir='ltr'>hunc</span> <span class='ocrx_word' id='word_1_476' title='bbox 1293 4310 1382 4360; x_wconf 89' lang='lat' dir='ltr'>locum</span> <span class='ocrx_word' id='word_1_477' title='bbox 1401 4310 1435 4360; x_wconf 90' lang='lat' dir='ltr'>ad</span> <span class='ocrx_word' id='word_1_478' title='bbox 1453 4325 1509 4359; x_wconf 90' lang='lat' dir='ltr'>ver·</span> 
     </span>
     <span class='ocr_line' id='line_1_41' title="bbox 114 4395 1510 4458; baseline 0.001 -14"><span class='ocrx_word' id='word_1_479' title='bbox 114 4395 177 4444; x_wconf 90' lang='lat' dir='ltr'>bum</span> <span class='ocrx_word' id='word_1_480' title='bbox 197 4400 287 4445; x_wconf 85' lang='lat' dir='ltr'>nostro</span> <span class='ocrx_word' id='word_1_481' title='bbox 307 4410 429 4446; x_wconf 85' lang='lat' dir='ltr'>sermone</span> <span class='ocrx_word' id='word_1_482' title='bbox 448 4395 558 4445; x_wconf 84' lang='lat' dir='ltr'>reddere</span> <span class='ocrx_word' id='word_1_483' title='bbox 576 4395 649 4458; x_wconf 82' lang='lat' dir='ltr'>licet,</span> <span class='ocrx_word' id='word_1_484' title='bbox 668 4410 761 4445; x_wconf 81' lang='lat' dir='ltr'>sensus</span> <span class='ocrx_word' id='word_1_485' title='bbox 779 4397 823 4446; x_wconf 90' lang='lat' dir='ltr'>hic</span> <span class='ocrx_word' id='word_1_486' title='bbox 842 4403 895 4446; x_wconf 84' lang='lat' dir='ltr'>est:</span> <span class='ocrx_word' id='word_1_487' title='bbox 915 4397 963 4446; x_wconf 88' lang='lat' dir='ltr'>‘Zu</span> <span class='ocrx_word' id='word_1_488' title='bbox 983 4398 1077 4446; x_wconf 85' lang='lat' dir='ltr'>seinen</span> <span class='ocrx_word' id='word_1_489' title='bbox 1090 4397 1213 4446; x_wconf 82' lang='lat' dir='ltr'>Gunsten</span> <span class='ocrx_word' id='word_1_490' title='bbox 1231 4397 1296 4447; x_wconf 88' lang='lat' dir='ltr'>vvird</span> <span class='ocrx_word' id='word_1_491' title='bbox 1314 4397 1361 4446; x_wconf 92' lang='lat' dir='ltr'>ihn</span> <span class='ocrx_word' id='word_1_492' title='bbox 1380 4396 1427 4446; x_wconf 87' lang='lat' dir='ltr'>der</span> <span class='ocrx_word' id='word_1_493' title='bbox 1445 4396 1510 4446; x_wconf 90' lang='lat' dir='ltr'>Kro-</span> 
     </span>
     <span class='ocr_line' id='line_1_42' title="bbox 114 4480 1510 4548; baseline 0.001 -18"><span class='ocrx_word' id='word_1_494' title='bbox 114 4481 178 4530; x_wconf 89' lang='lat' dir='ltr'>nide</span> <span class='ocrx_word' id='word_1_495' title='bbox 196 4481 271 4531; x_wconf 90' lang='lat' dir='ltr'>nicht</span> <span class='ocrx_word' id='word_1_496' title='bbox 289 4487 422 4547; x_wconf 80' lang='lat' dir='ltr'>ertragen,</span> <span class='ocrx_word' id='word_1_497' title='bbox 441 4483 491 4532; x_wconf 88' lang='lat' dir='ltr'>wie</span> <span class='ocrx_word' id='word_1_498' title='bbox 504 4496 533 4532; x_wconf 88' lang='lat' dir='ltr'>er</span> <span class='ocrx_word' id='word_1_499' title='bbox 546 4482 598 4532; x_wconf 89' lang='lat' dir='ltr'>den</span> <span class='ocrx_word' id='word_1_500' title='bbox 611 4480 725 4532; x_wconf 75' lang='lat' dir='ltr'>Guttam</span> <span class='ocrx_word' id='word_1_501' title='bbox 737 4483 941 4548; x_wconf 78' lang='lat' dir='ltr'>entgegentritt&#39;</span> <span class='ocrx_word' id='word_1_502' title='bbox 961 4482 1004 4532; x_wconf 90' lang='lat' dir='ltr'>vel</span> <span class='ocrx_word' id='word_1_503' title='bbox 1024 4482 1079 4532; x_wconf 88' lang='lat' dir='ltr'>‘der</span> <span class='ocrx_word' id='word_1_504' title='bbox 1091 4482 1210 4532; x_wconf 87' lang='lat' dir='ltr'>Kronide</span> <span class='ocrx_word' id='word_1_505' title='bbox 1223 4482 1289 4533; x_wconf 89' lang='lat' dir='ltr'>vvird</span> <span class='ocrx_word' id='word_1_506' title='bbox 1301 4483 1348 4531; x_wconf 90' lang='lat' dir='ltr'>ihn</span> <span class='ocrx_word' id='word_1_507' title='bbox 1361 4483 1436 4532; x_wconf 88' lang='lat' dir='ltr'>nicht</span> <span class='ocrx_word' id='word_1_508' title='bbox 1449 4498 1510 4532; x_wconf 80' lang='lat' dir='ltr'>aum</span> 
     </span>
    </p>
   </div>
   <div class='ocr_carea' id='block_1_4' title="bbox 115 4559 1354 4711">
    <p class='ocr_par' dir='ltr' id='par_1_6' title="bbox 115 4559 1354 4711">
     <span class='ocr_line' id='line_1_43' title="bbox 115 4559 1339 4636; baseline 0.002 -20"><span class='ocrx_word' id='word_1_509' title='bbox 115 4567 204 4617; x_wconf 80' lang='lat' dir='ltr'>Gltlck</span> <span class='ocrx_word' id='word_1_510' title='bbox 222 4568 264 4617; x_wconf 80' lang='lat' dir='ltr'>fiir</span> <span class='ocrx_word' id='word_1_511' title='bbox 282 4569 329 4616; x_wconf 90' lang='lat' dir='ltr'>ihn</span> <span class='ocrx_word' id='word_1_512' title='bbox 349 4568 495 4633; x_wconf 78' lang='lat' dir='ltr'>ertragen&#39;3</span> <span class='ocrx_word' id='word_1_513' title='bbox 514 4569 547 4618; x_wconf 83' lang='lat' dir='ltr'>cf.</span> <span class='ocrx_word' id='word_1_514' title='bbox 567 4574 598 4619; x_wconf 86' lang='lat' dir='ltr'>H</span> <span class='ocrx_word' id='word_1_515' title='bbox 613 4571 659 4618; x_wconf 77' lang='lat'>531</span> <span class='ocrx_word' id='word_1_516' title='bbox 682 4570 741 4618; x_wconf 78' lang='grc' dir='ltr'><em>ὅττι</em></span> <span class='ocrx_word' id='word_1_517' title='bbox 759 4569 786 4618; x_wconf 84' lang='grc' dir='ltr'><em>οἱ</em></span> <span class='ocrx_word' id='word_1_518' title='bbox 804 4559 850 4620; x_wconf 77' lang='grc' dir='ltr'>ὦκ’</span> <span class='ocrx_word' id='word_1_519' title='bbox 863 4571 960 4634; x_wconf 71' lang='grc' dir='ltr'><em>ἤκουσε</em></span> <span class='ocrx_word' id='word_1_520' title='bbox 978 4569 1067 4636; x_wconf 74' lang='grc' dir='ltr'><em>μέγας</em></span> <span class='ocrx_word' id='word_1_521' title='bbox 1084 4569 1151 4625; x_wconf 84' lang='grc' dir='ltr'><em>θεὸς</em></span> <span class='ocrx_word' id='word_1_522' title='bbox 1169 4567 1339 4633; x_wconf 76' lang='grc' dir='ltr'><em>εὐξαμένοιο.</em></span> 
     </span>
     <span class='ocr_line' id='line_1_44' title="bbox 166 4657 1354 4711; baseline 0.003 -11"><span class='ocrx_word' id='word_1_523' title='bbox 166 4660 336 4701; x_wconf 79' lang='lat' dir='ltr'>Dissertationea</span> <span class='ocrx_word' id='word_1_524' title='bbox 349 4659 424 4711; x_wconf 85' lang='lat' dir='ltr'>philol.</span> <span class='ocrx_word' id='word_1_525' title='bbox 436 4659 527 4702; x_wconf 88' lang='lat' dir='ltr'>Vindob.</span> <span class='ocrx_word' id='word_1_526' title='bbox 541 4660 581 4701; x_wconf 90' lang='grc'>111.</span> <span class='ocrx_word' id='word_1_527' title='bbox 596 4666 615 4700; x_wconf 93' lang='lat'>1.</span> <span class='ocrx_word' id='word_1_528' title='bbox 1325 4657 1354 4704; x_wconf 83' lang='grc'>19</span> 
     </span>
    </p>
   </div>
   <div class='ocr_carea' id='block_1_5' title="bbox 0 0 1710 5067">
    <p class='ocr_par' dir='ltr' id='par_1_7' title="bbox 0 0 1710 5067">
     <span class='ocr_line' id='line_1_45' title="bbox 0 0 1710 5067; baseline 0 0"><span class='ocrx_word' id='word_1_529' title='bbox 0 0 1710 5067; x_wconf 95' lang='lat' dir='ltr'> </span> 
     </span>
    </p>
   </div>
  </div>
 </body>
</html>
