3392 5067
1424 244 1486 309 159

90 447 203 500 carent
229 442 324 526 θυμῷ
352 438 444 523 Tyrt.
472 437 521 518 10,
548 438 587 510 13
611 437 734 524 (vertas
758 437 930 523 ‘muthig’),
955 436 1036 525 ὅρκῳ
1059 436 1206 521 Theogn.
1231 436 1303 517 200,
1328 435 1383 525 ,91η
1411 438 1485 513 346,

90 540 165 604 371.
211 541 404 626 quibuscum
439 542 585 606 conferas
616 541 763 627 Theogn.
785 542 904 628 77600.
935 544 968 607 ἐν
996 543 1171 632 εὐφροσύνη
1188 591 1195 606 .
1213 591 1244 607 ..
1268 536 1483 627 neptunu...

90 644 170 729 (766
201 649 399 733 εὐφροσύναις
426 646 575 731 διάγειν),
606 646 740 733 Phocyl.
771 646 801 729 9,
832 648 853 710 2
888 653 943 713 σὺν
975 649 1085 734 κόσμῳ
1115 644 1301 729 στείχοντες,
1339 644 1483 729 Theogn.

93 748 154 811 197
164 771 210 834 sq.
235 758 293 815 σὺν
315 748 386 838 δι’κη
408 750 499 837 ἀνδρὶ
521 749 644 840 γένηται
666 756 670 833 Ι
689 750 745 817 καὶ
765 756 928 837 καθαρῶς.

556 1056 616 1112 IV.
638 1054 688 1111 Dc
710 1055 1026 1122 praepositionibus.
1140 1092 1141 1097 κ

132 1218 168 1304 a)
199 1218 255 1282 De
277 1220 655 1306 praepositionibus,
678 1243 775 1306 quae
799 1243 883 1286 cum
905 1222 1130 1286 accusativo
1154 1222 1448 1305 coniunguntur.

196 1356 279 1423 Cum
305 1361 501 1444 praepositio
529 1363 572 1440 ὡς
600 1362 632 1425 10
661 1360 792 1445 elegeae
819 1362 962 1447 reliquiis
989 1382 1054 1425 non
1080 1369 1179 1444 extet,
1207 1360 1260 1425 hic
1283 1360 1323 1423 de
1346 1382 1411 1424 una
1433 1383 1486 1424 vo-

90 1463 166 1527 cula
190 1464 238 1543 εἰς
261 1464 324 1549 (ἐς)
353 1465 516 1548 agendum
542 1474 600 1529 est.
646 1465 703 1531 sed
734 1476 909 1551 antequam
938 1467 970 1529 in
1001 1487 1073 1530 eam
1104 1466 1287 1530 accuratius
1318 1467 1486 1551 inquiram,

90 1590 198 1654 pauca
224 1568 265 1632 de
296 1567 406 1633 formis
435 1570 673 1656 praemittenda
700 1581 783 1635 sunt.
830 1571 870 1635 de
899 1570 1014 1656 quibus
1041 1572 1172 1635 Renncr
1200 1568 1256 1655 (cf.
1282 1568 1486 1634 000081οι1.

90 1693 226 1756 gramm.
250 1672 267 1736 I
291 1673 367 1760 174)
391 1673 474 1738 haec
500 1674 637 1760 profert:
670 1677 824 1741 ‘Brevior
850 1676 954 1740 forma
981 1678 1079 1740 etiam
1105 1674 1192 1761 apud
1214 1675 1393 1739 Homerum
1420 1674 1487 1738 sola

90 1776 160 1841 fere
192 1780 311 1842 usitata
345 1786 403 1861 est,
437 1778 633 1865 ubicumque
667 1788 805 1845 metrum
839 1802 912 1844 eam
945 1780 1094 1845 admittit.
1151 1779 1291 1844 eandem
1330 1781 1488 1844 rationem

92 1884 185 1965 sequi
207 1882 360 1947 videntur
382 1882 525 1967 elegiaci,
550 1885 605 1968 qui
627 1894 702 1948 sunt
724 1885 849 1949 ionicae
871 1886 991 1968 gentis3
1016 1884 1057 1949 cf.
1081 1884 1193 1957 Mimn.
1215 1883 1245 1966 9,
1266 1884 1300 1965 3,
1326 1882 1376 1965 12,
1397 1884 1432 1965 9,
1457 1882 1487 1964 5,

92 1985 113 2048 2
139 1986 299 2073 (ἐσορῶν),
330 1986 454 2073 Archil.
483 1987 576 2069 019,
603 1988 631 2053 7.
684 1988 820 2053 dubium
847 1998 910 2071 cst,
942 2010 1039 2074 quam
1067 1990 1224 2054 rationem
1254 1983 1418 2073 ingressus
1448 1990 1489 2052 sit
1525 2000 1528 2011 '

93 2089 266 2174 Theognis,
296 2091 457 2176 Tyrtaeus
480 2102 512 2156 et
535 2091 641 2173 Solon,
668 2093 865 2178 ubicumque
893 2093 978 2174 licet,
1005 2093 1183 2177 longiorem
1208 2093 1345 2157 formam
1368 2114 1488 2178 ponere

91 2194 259 2277 videntum
291 2196 332 2260 cf.
355 2197 447 2281 Tyrt.
474 2197 524 2280 11,
547 2198 582 2279 4,
608 2196 662 2278 10,
694 2196 758 2262 801.
782 2197 812 2280 2,
834 2197 871 2279 5,
898 2197 929 2278 4,
955 2197 1009 2280 18,
1033 2196 1063 2280 9,
1088 2198 1108 2261 3
1130 2205 1208 2280 010,
1236 2207 1274 2261 tr.
1303 2195 1354 2279 36,
1378 2196 1412 2279 6,
1436 2197 1488 2277 36,

94 2298 160 2364 17’,
206 2310 241 2364 ut
263 2302 328 2365 iam
349 2301 392 2365 ad
414 2323 510 2366 usum
531 2304 638 2388 ipsum
660 2302 826 2380 accedam,
850 2303 896 2381 εἰς
918 2301 960 2366 ad
982 2301 1090 2366 locum
1113 2309 1259 2386 spectare
1283 2299 1371 2365 solet.
1404 2300 1489 2386 quod

91 2405 191 2468 etiam
221 2405 262 2470 de
291 2407 330 2469 iis
358 2404 438 2470 10010
467 2404 568 2489 valet,
599 2405 716 2492 quibus
746 2407 1019 2491 praepositionem
1049 2408 1219 2490 genetivus
1249 2406 1403 2491 sequitur,
1435 2408 1489 2491 qui

90 2531 170 2572 0000
195 2505 614 2601 100103010000οἍιοης
640 2534 674 2575 se
699 2513 855 2593 continet,
887 2510 927 2574 cf.
953 2511 1015 2577 801.
1040 2510 1092 2591 24,
1117 2510 1135 2574 8
1159 2507 1284 2598 ἔρχεται
1306 2512 1352 2590 εἰς
1373 2506 1488 2577 Ἀίδεω

66 2613 280 2703 ⁸(repetitum
302 2614 448 2699 Theogn.
470 2614 557 2702 726),
585 2616 729 2700 Theogn.
754 2615 817 2680 802
845 2616 974 2682 δύσεται
1000 2616 1046 2694 εἰς
1068 2610 1193 2697 Ἀίδεω,
1223 2614 1286 2678 906
1308 2615 1355 2694 εἰς
1376 2610 1489 2680 Ἀίδαο

89 2725 202 2803 περᾶν.
248 2718 440 2805 quibuscum
462 2720 542 2784 locis
566 2742 733 2806 compares
756 2719 821 2783 244
843 2719 890 2798 εἰς
911 2716 1027 2786 Ἀίδαο
1050 2720 1176 2805 δόμους,
1202 2718 1285 2783 1014
1306 2719 1353 2798 εἰς
1374 2714 1489 2784 'alibero

90 2823 195 2907 δῶμα.
240 2823 388 2888 videmus
411 2825 510 2908 igitur
531 2823 688 2888 hactenus
711 2832 823 2909 poetas
847 2822 1007 2907 elegiacos
1031 2846 1105 2888 cum
1127 2822 1268 2887 Homero
1297 2824 1486 2887 consentire.

89 2926 180 3013 quod
202 2949 279 2992 vcro
302 2928 390 3014 apud
412 2929 483 2994 illos
505 2931 604 2994 etiam
626 2929 842 3010 accusativus,
867 2930 921 3013 qui
943 2939 993 2992 est
1014 2922 1141 3014 (Ἅιδην,
1170 2927 1290 3011 legitur
1316 2926 1372 3013 (cf.
1396 2926 1487 3013 Tyrt.

92 3032 144 3112 12,
168 3031 209 3095 38
233 3028 358 3119 ἔρχεται
380 3034 426 3112 εἷς
448 3029 559 3120 Ἀίδην
585 3042 617 3098 et
638 3033 750 3097 Mimn.
775 3032 805 3116 2,
831 3033 881 3117 14,
909 3032 966 3097 051
994 3032 1108 3097 eadem
1130 3053 1243 3097 versus
1267 3030 1411 3096 clausula
1436 3054 1488 3094 ex-

88 3134 168 3220 tat),
195 3135 229 3199 id
251 3136 294 3201 ab
314 3136 450 3201 Homeri
474 3136 671 3202 carminibus
699 3138 775 3223 (non
801 3139 880 3201 item
907 3135 949 3201 ab
977 3134 1120 3223 hymnis)
1151 3137 1291 3201 alienum
1322 3143 1380 3217 est,
1415 3158 1489 3198 cum

87 3240 181 3326 apud
196 3240 375 3308 Homerum
390 3265 455 3308 vox
470 3237 587 3331 ’Ἅιδης
609 3266 736 3330 semper
755 3243 798 3308 ad
818 3243 926 3325 deum,
949 3264 1109 3328 nusquam
1132 3241 1174 3306 ad
1196 3241 1304 3307 locum
1322 3240 1488 3304 referatur.

195 3347 295 3412 Porro
318 3349 480 3413 Homerus
504 3349 549 3428 εἰς
578 3371 674 3435 saepe
698 3372 772 3414 cum
794 3350 981 3413 accusativo
1008 3347 1134 3412 numeri
1158 3346 1329 3430 singularis
1352 3346 1489 3410 nominis

87 3453 214 3538 proprii
245 3455 419 3538 coniungit,
450 3462 487 3518 ut
516 3454 603 3518 idem
634 3463 730 3539 atque
758 3454 829 3519 ‘ad'
862 3453 1031 3539 significet,
1062 3452 1154 3516 velut
1179 3456 1217 3517 H
1235 3450 1300 3515 312
1326 3450 1373 3529 εἰς
1395 3444 1490 3533 Ἀνα-

87 3554 232 3642 μέμνονα
259 3557 331 3624 δῖον
357 3558 432 3641 ἄγον
459 3556 515 3643 (cf.
539 3558 637 3621 etiam
658 3557 737 3620 Hcs.
763 3556 815 3622 80.
839 3557 938 3622 Herc.
966 3556 1008 3621 83
1039 3556 1126 3622 ἵκετο
1151 3549 1180 3620 δ’
1196 3554 1229 3633 ἐς
1253 3554 1410 3640 Κρείοντα
1435 3553 1488 3619 κοιὶ

87 3653 268 3749 Ἠνιόχην),
294 3662 384 3725 00100
407 3685 483 3726 0000
506 3684 547 3726 00
567 3686 667 3728 unum
683 3663 814 3749 quidem
836 3661 1022 3747 exemplum
1045 3662 1079 3725 in
1102 3660 1221 3745 elegeis
1242 3668 1341 3723 extat.
1379 3667 1490 3723 contra

88 3772 124 3829 in
154 3765 206 3829 bis
235 3767 283 3845 εἰς
314 3766 414 3831 multo
447 3769 576 3853 saepius
610 3766 652 3831 ad
685 3767 888 3832 substantiva
919 3764 1085 3830 abstracta
1114 3764 1243 3829 accedit
1274 3785 1371 3849 quam
1401 3763 1489 3848 apud

88 3868 192 3935 illum.
237 3874 410 3957 perpaucis
433 3875 518 3937 enim
542 3872 619 3937 locis
642 3873 776 3937 Homeri
797 3874 843 3935 ita
867 3872 1059 3954 comparatis
1086 3868 1119 3932 bi
1142 3869 1261 3954 opponi
1287 3876 1422 3955 possunt
1448 3890 1491 3930 cx

90 3974 211 4059 elegeis
237 3978 344 4061 petiti:
371 3977 464 4063 Tyrt.
491 3979 541 4060 11,
567 3976 608 4041 10
634 3971 679 4056 εἰς
705 3980 799 4063 κόρον
821 3977 970 4065 ηλάσατε,
999 3974 1063 4039 801.
1086 3974 1118 4059 4,
1143 3972 1182 4037 18
1207 3982 1238 4037 et
1261 3973 1290 4058 9,
1315 3973 1335 4036 3
1361 3973 1392 4038 εἰ

89 4081 292 4168 δουλοσύνην,
322 4081 372 4164 13,
397 4081 437 4145 68
464 4082 511 4161 εἰς
537 4133 575 4147 ..
605 4083 683 4169 ἄτην
710 4081 898 4169 (repetitum
925 4079 1070 4163 Theogn.
1093 4077 1182 4164 588),
1214 4077 1359 4161 Theogn.
1387 4076 1430 4140 42
1460 4078 1492 4154 ἐς

89 4188 265 4273 κακάτητα,
296 4186 362 4251 404
386 4188 433 4265 εἰς
459 4236 467 4250 .
489 4237 496 4250 .
520 4184 712 4275 ἀμπλακίην,
747 4184 812 4250 560
842 4186 908 4264 ἐς..
933 4186 1139 4273 χρημοσύνην,
1174 4180 1266 4245 multi
1296 4181 1358 4247 alii.
1404 4183 1490 4263 item,

90 4300 249 4376 quantum
279 4290 321 4354 ad
351 4291 514 4355 adiectiva
543 4292 697 4376 pertinet,
729 4311 807 4353 usus
838 4291 871 4353 in
900 4287 1019 4372 elegeis
1045 4287 1140 4352 latius
1171 4294 1270 4371 patet.
1316 4285 1404 4371 apud
1426 4285 1490 4349 Ilo-

90 4418 220 4461 merum
243 4398 329 4460 enim
350 4396 383 4474 ἐς
402 4394 531 4479 μέσσον,
553 4396 586 4473 ἐς
606 4396 712 4475 κακόν,
735 4394 768 4473 ἐς
787 4394 915 4478 ἀγαθόν
937 4402 1036 4474 extat,
1060 4393 1092 4455 in
1117 4391 1236 4475 elegeis
1259 4400 1388 4476 praeter
1409 4390 1491 4453 hacc

90 4500 171 4583 alia3
207 4501 248 4565 cf.
279 4501 370 4585 Tyrt.
401 4499 455 4581 12,
482 4499 526 4562 43
555 4502 666 4587 ἀρετῆς
694 4498 740 4576 εἰς
769 4499 867 4583 ἄκρον
896 4490 1043 4575 ἱκέσθαι,
1078 4495 1222 4579 Theogn.
1251 4493 1316 4558 304
1344 4495 1378 4573 ἐς
1407 4495 1492 4579 ὀρθὰ

90 4607 209 4697 λάβῃς,
231 4604 293 4668 919
316 4606 349 4683 ἐς
371 4605 487 4690 ἄκαιρα
509 4609 629 4669 πονεῖν.
675 4602 793 4687 quibus
816 4601 902 4666 adde
930 4600 1080 4686 Xenoph.
1106 4600 1135 4676 3,
1158 4600 1180 4664 4
1205 4601 1251 4678 εἰς
1272 4594 1405 4663 ἐπίπαν.
