3392 5067
1465 200 1527 262 198

232 380 306 461 Qua
322 405 356 445 re
374 383 523 448 absoluta
545 387 619 463 iam,
644 386 722 471 quid
745 395 916 473 praeterea
932 388 972 451 de
995 391 1167 474 participio
1194 390 1415 475 praedicative
1437 416 1526 457 usur·

127 494 202 571 pato
227 486 402 551 dicendum
426 490 475 574 sit,
505 490 714 575 proferamus.
761 502 858 578 atque
882 501 917 556 ut
939 492 981 557 ab
1008 495 1047 557 iis
1069 494 1149 557 locis
1176 496 1379 581 incipiamus,
1409 496 1527 581 quibus

127 591 333 676 participium
360 592 402 655 ad
430 593 612 658 subiectum
634 595 783 677 refertur,
811 619 877 660 non
900 597 1000 660 multa
1023 598 1134 680 verba,
1159 619 1242 683 quae
1264 598 1328 662 huo
1352 602 1525 685 pertinent,

127 695 344 761 inveniuntur.
376 696 521 761 crebrius
545 700 628 763 enim
653 709 779 764 tantum
801 699 992 785 τέρπεσθαι,
1017 700 1148 788 χαίρειν,
1171 702 1284 789 λήθειν
1306 713 1430 768 extant.
1464 704 1527 769 alia

128 808 235 863 autem
257 798 360 864 verba
383 801 515 884 singulis
538 802 616 866 locis
639 804 848 868 inveniuntur
864 815 961 889 atque
977 827 1020 868 ex
1042 807 1151 871 verbis
1175 808 1343 871 adfectum
1365 809 1527 893 quendam

129 903 387 987 significantibus
418 906 586 973 αἰδεῖσθαι
617 907 764 991 Theogn.
797 908 872 992 482,
903 913 1077 995 ἀνιᾶσθαι,
1110 912 1195 997 quod
1227 915 1355 977 omnino
1385 935 1526 998 perraro,
1598 898 1602 905 ¹

129 1009 216 1093 apud
239 1017 368 1073 veteres
399 1020 511 1095 poetas
535 1014 642 1097 epicos
665 1035 825 1097 nusquam
849 1036 923 1078 cum
950 1016 1120 1100 participio
1143 1018 1358 1100 coniungitur,
1382 1016 1526 1100 Theogn.

130 1112 191 1176 668
216 1122 247 1177 et
270 1113 343 1178 991.
376 1138 472 1202 porro
496 1138 513 1179 e
536 1138 670 1181 numero
694 1117 877 1198 verborum,
908 1140 989 1204 quae
1013 1120 1245 1204 perseverandi
1272 1122 1451 1186 similemve
1474 1143 1528 1185 no·

131 1219 249 1281 tionem
273 1218 404 1301 habent,
429 1221 521 1306 Tyrt.
546 1219 596 1304 12,
620 1222 657 1283 ll
682 1222 789 1310 τλῆναι
816 1232 907 1285 extat
933 1225 963 1287 εἰ
988 1229 1032 1310 μὴ
1054 1223 1183 1314 τετλαίη
1210 1226 1268 1308 μὲν
1290 1226 1379 1310 δρῶν,
1407 1227 1528 1311 τολμᾶν

129 1321 273 1405 Theogn.
297 1323 361 1387 442
384 1323 488 1411 τολμᾷ
514 1320 595 1407 έχων
616 1329 653 1390 τδ
676 1329 783 1407 κακόν,
808 1348 983 1391 enumero
1014 1350 1134 1412 eorum,
1166 1350 1248 1414 quae
1279 1329 1441 1414 ‘incipere'
1472 1338 1528 1393 aut

130 1427 298 1492 ‘desinere'
323 1428 517 1512 significant,
540 1434 708 1496 παύεσθαι
731 1432 878 1515 Theogn.
903 1431 996 1495 1328.
1035 1433 1197 1497 accedunt
1220 1436 1360 1521 φθάνειν
1382 1432 1526 1518 Theogn.

129 1530 202 1615 969,
227 1538 391 1617 τυγχάνειν
414 1540 531 1620 (κυρεῖν
557 1536 590 1597 in
614 1534 733 1619 elegeis
761 1556 825 1599 non
848 1535 990 1621 legitur),
1018 1537 1158 1600 Demod.
1182 1537 1200 1599 6
1223 1538 1261 1624 ἢν
1283 1541 1377 1625 τύχης
1404 1535 1526 1623 κρίνων,

131 1658 271 1721 quocum
304 1635 374 1701 loeo
406 1660 448 1701 ex
478 1639 612 1702 Homeri
644 1640 852 1717 carminibus,
889 1642 923 1704 in
955 1640 1072 1725 quibus
1102 1651 1138 1705 ut
1172 1650 1310 1725 excepto
1338 1640 1408 1705 loco
1431 1641 1526 1705 modo

130 1742 228 1805 citato
260 1743 358 1805 etiam
393 1743 426 1804 in
457 1742 575 1825 elegeis
598 1745 665 1806 vim
695 1745 878 1827 graviorem
901 1746 1002 1808 nostri
1027 1746 1163 1828 crassen,
1196 1744 1373 1809 erreiohen'
1406 1745 1526 1809 habere

132 1844 220 1927 solet,
255 1843 353 1922 §334
376 1856 407 1909 et
428 1870 448 1910 τ
463 1845 525 1908 291
549 1851 664 1934 τύχησε
686 1851 744 1930 γὰρ
767 1847 920 1933 ἐρχομένη
943 1858 1016 1936 νηῦς
1043 1849 1182 1913 conferri
1209 1858 1351 1934 possunt,
1375 1848 1528 1931 οἴχεσθαι

131 1948 275 2032 Theogn.
300 1949 382 2013 1297
412 1949 553 2038 (οἴχηται
575 1950 810 2037 προφέρουσα),
838 1951 1057 2035 γυμνάζεσθαι
1082 1952 1165 2016 1335
1193 1954 1286 2040 (ἐρῶν
1311 1952 1526 2038 γυμνάζεται),

130 2051 302 2119 ὀνίνασθαι
320 2054 404 2118 1380
428 2054 446 2139 (
442 2056 567 2142 ὠνάμην
581 2054 707 2142 έρδων),
731 2054 918 2143 φαίνεσθαι,
936 2056 1023 2141 quod
1039 2057 1127 2141 apud
1142 2057 1321 2121 Homerum
1337 2059 1403 2120 vim
1426 2067 1526 2120 trans·

129 2155 241 2239 latam,
264 2179 346 2242 quae
370 2168 419 2221 est
442 2159 657 2223 ‘manifestum
682 2160 772 2243 esse',
795 2160 939 2223 nondum
964 2159 1072 2244 habet,
1096 2161 1241 2245 Theogn.
1259 2159 1322 2224 982
1345 2156 1414 2226 άλλ)
1428 2160 1520 2243 έρδων

130 2258 261 2349 φαίνοι),
285 2261 317 2327 εἴ
335 2286 368 2327 τι
391 2259 500 2344 δύναι’,
524 2264 659 2346 άγαθόνΙ
672 2272 704 2327 et
725 2262 803 2327 ibid.
830 2263 915 2327 1344
937 2268 1053 2351 οὐγὰρ
1075 2260 1129 2335 ἐπ’
1145 2263 1273 2352 αἰκελίῳ
1296 2264 1393 2331 παιδί
1415 2263 1521 2350 δαμείς

129 2366 256 2453 ἐφάνην.

232 2471 303 2563 Iam
319 2473 346 2534 si
361 2493 415 2535 eos
438 2471 536 2555 locos,
560 2472 676 2557 quibus
692 2474 900 2558 participium
916 2472 958 2537 ad
982 2472 1143 2538 obiectum
1160 2473 1307 2559 refertur,
1331 2474 1526 2559 respexeris,

132 2574 300 2659 intelleges
330 2578 364 2639 in
394 2576 512 2661 elegeis
542 2598 648 2662 pauca
677 2576 780 2641 verba
810 2576 984 2658 sentiendi,
1023 2598 1106 2661 quae
1137 2579 1234 2641 etiam
1265 2577 1353 2662 apud
1386 2577 1527 2662 reliquos

131 2681 303 2766 scriptores
326 2683 447 2764 passim
469 2682 628 2765 leguntur,
653 2683 699 2745 sic
722 2683 879 2767 usmpari.
911 2690 1011 2745 restat
1033 2683 1140 2765 igitur,
1165 2691 1199 2744 ut
1223 2682 1329 2746 dicam
1352 2683 1384 2744 in
1409 2682 1527 2764 elegeis

131 2823 172 2832 —
197 2784 259 2849 Sol.
278 2785 330 2866 36,
353 2785 393 2850 10
417 2785 530 2872 (trim.)
554 2788 597 2865 ὡς
618 2786 657 2851 δν
680 2838 687 2849 .
713 2838 720 2849 .
744 2784 970 2870 πλανωμένους
992 2794 1091 2870 extat,
1116 2786 1157 2849 de
1179 2808 1242 2870 quo
1264 2809 1326 2849 usu
1349 2787 1415 2869 egit
1437 2785 1528 2849 Mad-

130 2891 187 2973 vig
210 2887 266 2953 Gr.
283 2911 331 2972 gr.
353 2912 384 2974 p.
402 2888 466 2953 205
491 2890 598 2953 adnot.
623 2929 664 2937 -
688 2912 761 2954 cum
783 2891 953 2975 participio
976 2912 1154 2974 numquam
1176 2890 1214 2954 άν
1237 2899 1269 2952 et
1290 2887 1343 2954 κέν
1366 2891 1526 2973 coniungi.

128 3015 204 3057 nam
228 2993 313 3079 quod
338 2992 453 3057 Sitzler
476 2993 620 3078 Theogn.
639 2993 776 3078 1033sq.
800 2999 889 3059 θεῶν
902 2990 931 3059 δ’
940 2987 1112 3079 εἱμαρμένα
1129 2995 1215 3080 δῶρα
1234 2993 1238 3077 ί
1259 2996 1314 3058 οὐκ
1337 2995 1376 3057 δν
1398 2990 1527 3079 ῥηιδίως

130 3101 250 3185 θνητὸς
272 3101 349 3187 ἀνὴρ
371 3100 541 3187 προφύγοι,
562 3099 566 3185 Ι
587 3096 652 3165 ούτ’
667 3100 706 3165 δν
720 3097 903 3187 πορφυρέης
924 3099 1063 3177 καταδύς
1084 3100 1117 3178 ές
1132 3096 1283 3184 πυθμένα
1298 3093 1408 3185 λίμνης
1427 3098 1431 3183 Ι
1452 3093 1528 3163 ούθ)

131 3200 209 3268 ὅταν
231 3206 326 3268 αύτδν
349 3198 404 3292 έχη
424 3208 588 3290 Τάρταρος
610 3206 730 3291 ηερόεις
753 3225 827 3268 cum
846 3204 1016 3287 participio
1033 3203 1071 3267 άν
1093 3204 1269 3286 coniunxit,
1294 3204 1421 3266 erravit.
1451 3200 1529 3285 quid

132 3308 217 3370 enim
239 3305 293 3369 hio
321 3308 359 3371 άν
381 3306 461 3389 vult,
486 3330 561 3371 oum
582 3309 720 3387 καταδύς
742 3330 800 3393 pro
823 3306 933 3372 verbis
955 3305 1033 3373 ὅταν
1054 3307 1195 3396 καταδύη
1218 3306 1340 3370 dictum
1363 3308 1413 3369 sit.
1445 3327 1528 3392 quae

132 3433 205 3474 cum
235 3412 280 3474 ita
303 3412 377 3491 sint,
408 3412 599 3497 particulam
623 3415 670 3495 άν,
695 3413 785 3477 cuius
809 3412 948 3477 eandem
971 3434 1041 3476 esse
1065 3415 1232 3493 rationem,
1256 3432 1339 3496 quae
1362 3420 1411 3474 est
1433 3432 1528 3493 nega-

133 3517 266 3597 tionum,
298 3515 338 3579 G.
364 3516 530 3582 Hermann
571 3515 638 3602 (De
672 3528 754 3603 part.
783 3517 821 3582 άν
852 3517 872 3582 l.
899 3517 968 3581 IIII
1003 3540 1029 3581 c.
1059 3517 1094 3599 53
1133 3515 1254 3602 Opusc.
1285 3516 1353 3579 IIII
1386 3539 1418 3601 p.
1452 3515 1529 3600 188)

134 3619 221 3701 dicit,
255 3643 298 3684 ex
331 3622 484 3706 primario
518 3624 681 3686 enuntiato
716 3630 788 3707 post
818 3624 1023 3705 negationem
1058 3622 1129 3685 ούτε
1163 3622 1333 3706 repetitam
1367 3642 1437 3683 esse
1458 3629 1529 3685 sta-

133 3724 289 3787 tuendum
321 3735 370 3789 est
397 3747 499 3810 eaque
531 3728 576 3790 sic
608 3726 812 3812 explicanda,
847 3736 883 3789 ut
916 3736 990 3812 post
1024 3726 1129 3790 verba
1155 3721 1222 3790 οὔτ’
1241 3726 1281 3790 tu
1310 3735 1417 3789 mente
1447 3748 1529 3809 προ-

133 3830 228 3915 φύγοι
248 3830 408 3915 suppleas

642 4064 737 4119 VIII.
761 4064 810 4118 De
833 4063 1019 4131 particulis.

238 4248 399 4329 Quoniam
427 4249 467 4312 de
491 4248 780 4329 coniunctionibus
808 4248 925 4333 quibus
953 4251 1128 4330 enuntiata,
1157 4270 1241 4333 quae
1265 4248 1306 4311 ab
1339 4248 1409 4311 aliis
1433 4269 1529 4309 enun-

133 4353 220 4415 tiatis
243 4352 396 4436 pendent,
420 4352 625 4429 inducuntur,
650 4375 748 4437 supra
772 4354 956 4437 expositum
979 4362 1037 4433 est,
1065 4355 1128 4416 iam
1153 4362 1185 4416 et
1208 4375 1266 4416 eae
1290 4353 1531 4415 coniunctiones

133 4466 265 4538 restant,
294 4456 411 4541 quibus
438 4456 541 4521 verba
568 4455 677 4521 verbis
705 4467 737 4521 et
764 4458 930 4522 enuntiata
958 4458 1130 4521 enuntiatis
1157 4457 1386 4540 adiunguntur,
1415 4463 1447 4518 et
1473 4476 1530 4517 eae

134 4561 322 4647 particulae,
353 4583 436 4647 quae
465 4562 507 4625 ad
537 4562 706 4645 urguenda
737 4561 864 4645 singula
886 4561 989 4625 verba
1018 4571 1223 4648 usurpantur.
1255 4559 1466 4647 quamobrem
1490 4559 1531 4623 de
