3392 5067
159 198 223 264 212

160 390 257 474 όχδει
272 439 279 454 .
295 398 322 456 .“.
348 392 400 456 hic
417 394 502 457 enirn
520 415 562 457 ex
578 392 711 458 Homeri
728 395 961 460 consuetudine
984 395 1040 481 (cf.
1058 394 1098 459 de
1122 418 1160 461 eo
1183 418 1243 459 usu
1265 394 1493 480 Naegelsbach
1515 394 1559 458 ad

160 499 191 557 Γ
210 494 300 581 409),
332 517 528 582 quamquam
551 498 733 563 subiectum
755 499 843 565 idem
867 510 926 582 est,
955 522 1133 586 pronomen
1155 500 1289 565 additur
1309 500 1408 585 idque
1431 501 1559 564 adiecta

159 600 275 664 vocula
296 598 332 685 ηὲ
354 611 518 685 urguetur.
566 602 623 667 sed
646 602 699 667 hic
722 626 809 687 usus,
835 592 926 669 cuius
949 603 1101 690 exempla
1123 607 1220 668 etiam
1244 604 1332 691 apud
1355 604 1558 669 Herodotum

158 703 215 791 (cf.
239 704 274 769 H
298 705 359 769 173
389 708 491 773 λάθοι
513 709 552 773 ἂν
577 708 650 795 ἤτοι
672 707 781 793 μανείς
811 707 926 797 dilys
950 710 1160 796 ἀπόπληκτος
1181 708 1359 796 γενόμενος)
1391 719 1423 773 et
1445 716 1556 795 poetas

157 810 273 885 atticos
289 809 403 897 (veluti
420 810 782 900 Soph.Phil.1116sqq.
798 815 926 897 πότμος
940 834 976 879 σε
993 815 1153 900 δαιμόνων
1167 811 1250 897 τάδ’,
1260 814 1265 899 Ι
1275 817 1347 882 οὐδὲ
1362 814 1401 880 σε’
1414 838 1449 899 γε
1464 816 1558 893 δόλος

158 908 225 995 ἔσχ’
240 914 305 980 ύπδ
319 913 324 1001 l
336 920 439 1003 χειρός
453 916 578 1003 ἐμάς)1)
600 918 816 996 inveniuntur,
833 920 867 981 in
882 917 1001 1002 elegeis
1016 940 1109 983 rarus
1124 930 1188 1002 est3
1211 943 1311 984 unum
1327 920 1413 983 enim
1429 929 1557 1005 praeter

155 1018 263 1084 locum
298 1021 432 1084 citatum
462 1030 552 1086 extat
581 1022 785 1107 exemplum:
829 1022 974 1106 Theogn.
1005 1021 1068 1086 559
1093 1044 1141 1107 sq.
1172 1023 1280 1111 λῷστά
1313 1045 1349 1090 σε
1379 1026 1458 1110 μήτε
1488 1020 1557 1111 λίην

156 1126 274 1211 άφνεδν
288 1129 456 1191 κτεάτεσσι
471 1123 647 1213 perlustra!
662 1128 741 1211 μήτε
763 1124 800 1192 σέ
821 1122 851 1210 y’
865 1128 899 1206 ἐς
919 1127 1041 1214 πολλήν
1062 1133 1259 1215 χρημοσύνην
1280 1129 1402 1193 ἐλάσαι.
1442 1136 1554 1191 eontra

157 1228 269 1295 Mimn.
290 1230 339 1312 14,
356 1229 377 1295 5
393 1253 440 1316 sq.
457 1240 515 1296 τού
534 1233 591 1317 μὲν
606 1227 655 1316 ἄρ’
668 1232 785 1298 ούποτε
800 1236 939 1317 πάμπαν
954 1226 1123 1318 ἐμέμψατο
1140 1232 1275 1311 Παλλὰς
1295 1229 1419 1321 Ἀδήνη
1439 1236 1443 1313 Ι
1464 1232 1557 1318 δριμὺ

156 1330 251 1417 μένος
264 1333 404 1423 κραδίης,
421 1331 494 1400 τύδ’
506 1331 570 1421 ὅγ’.
585 1386 592 1401 .
609 1387 614 1400 .
632 1345 765 1422 μιαρίαν
785 1336 967 1401 subiectum
987 1345 1146 1401 mutatum
1161 1334 1214 1421 δ’γε
1230 1337 1376 1401 additum
1393 1344 1452 1401 est.

260 1439 425 1504 Particula
449 1441 495 1529 δή
519 1440 561 1505 ad
584 1463 652 1505 rem
676 1451 798 1506 certam
820 1441 1089 1527 manifestamque
1112 1441 1360 1525 significandam
1382 1449 1556 1526 usurpatur

156 1551 189 1606 et
203 1543 299 1609 modo
314 1546 348 1609 in
364 1546 539 1613 enuntiatis
554 1547 714 1631 primariis
730 1547 825 1611 modo
845 1548 878 1610 in
895 1546 1095 1611 secundariis
1117 1546 1244 1629 legitur.
1290 1555 1388 1631 atque
1412 1544 1498 1630 quod
1513 1544 1555 1607 ad

154 1646 209 1711 illa
224 1647 357 1733 adtinet,
371 1649 523 1736 pleraque
540 1652 608 1715 eius
624 1660 707 1733 sunt,
721 1653 775 1737 qui
787 1650 939 1717 adfirmat
956 1650 1088 1735 aliquid,
1099 1649 1300 1735 velutiTyrt.
1310 1649 1406 1732 10,21
1424 1651 1555 1734 αἰσχρὸν

154 1756 213 1839 γάρ
230 1753 269 1841 δή
289 1762 394 1836 τούτο,
419 1754 533 1818 Mimn.
553 1755 602 1839 14,
622 1756 638 1817 1
656 1777 703 1840 sq.
719 1758 755 1822 ού
777 1757 835 1840 μὲν
851 1757 889 1842 δὴ
903 1754 1007 1821 κείνου
1022 1777 1056 1839 γε
1078 1752 1172 1839 μένος
1192 1753 1246 1820 καί
1269 1757 1405 1842 ἀγήνορα
1429 1752 1553 1838 δομδνΙ

223 1861 401 1944 πεύθομαι,
426 1858 571 1943 Theogn.
591 1860 676 1924 1314
698 1863 734 1925 ού
757 1863 814 1939 μὲν
838 1860 876 1948 δή
896 1861 1024 1938 τούτοις
1042 1855 1070 1943 γ’
1085 1858 1176 1948 ήοδα
1195 1858 1290 1946 φίλος
1314 1861 1482 1944 πρότερον,
1512 1856 1554 1921 53

155 1962 267 2048 Κύρνε,
291 1963 385 2041 πόλις
400 1964 457 2047 μὲν
478 1958 531 2029 ἔθ’
546 1964 602 2051 ήδε
618 1964 720 2043 πόλις,
744 1962 819 2029 λαοί
835 1964 870 2029 δὲ
893 1964 1050 2050 δήδίλλοι,
1077 1963 1158 2027 1107
1172 1985 1219 2049 sq.
1243 1964 1269 2028 δί
1284 1987 1341 2047 μοι
1355 1964 1416 2047 ἐγὼ
1433 1962 1553 2040 δειλός·

153 2064 209 2131 καί
231 2068 269 2155 δή
291 2070 479 2152 κατάχαρμα
502 2069 558 2153 μὲν
573 2069 714 2153 ἐχθροῖς,
735 2071 739 2151 1
759 2073 828 2146 τοῖς
851 2069 886 2134 δὲ
909 2065 1034 2155 φίλοισι
1048 2068 1148 2146 πόνος
1164 2068 1251 2134 δεινά
1266 2063 1388 2133 παθὼν
1410 2068 1552 2154 γενόμην.

155 2169 293 2235 eandem
324 2171 516 2256 particulam
547 2182 661 2257 poetae
692 2172 827 2256 elegiaci
857 2171 1024 2236 adverbiis
1054 2171 1284 2257 temporalibus
1314 2172 1503 2255 adnectunt,
1528 2170 1554 2232 si

155 2297 252 2360 quam
275 2297 345 2340 rem
367 2276 410 2339 ad
433 2286 557 2341 certum
581 2277 745 2361 quoddam
767 2278 921 2361 temporis
944 2284 1141 2340 momentum
1163 2275 1278 2341 referri
1300 2284 1398 2361 atque
1421 2274 1482 2338 hoc
1506 2295 1554 2336 ur·

154 2381 247 2463 gueri
270 2379 399 2461 volunt3
439 2380 479 2444 cf.
503 2380 731 2464 Naegelsbach
754 2381 796 2445 ad
820 2380 847 2443 B
872 2380 937 2444 284
959 2390 991 2445 et
1013 2379 1202 2446 Baeumlein
1225 2403 1256 2465 p.
1280 2380 1351 2444 102,
1397 2378 1553 2444 eiusmodi

154 2493 263 2548 autem
290 2482 368 2547 locis
397 2484 435 2571 δή
462 2506 563 2570 prope
586 2484 629 2547 ad
655 2486 715 2573 ήδη
739 2485 875 2567 accedit,
904 2506 1100 2570 quamquam
1128 2485 1161 2547 id
1189 2507 1254 2548 non
1280 2486 1313 2549 in
1343 2486 1415 2570 ipsa
1437 2482 1553 2548 vocula

154 2588 193 2675 δή
223 2626 265 2633 -
287 2611 363 2652 nam
386 2588 456 2652 aliis
478 2588 559 2653 locis
582 2589 615 2652 id
639 2591 736 2653 ctiam
759 2599 869 2654 nostro
893 2590 978 2654 ‘erst'
1002 2590 1208 2675 interpretari
1229 2611 1400 2675 possumus
1424 2626 1466 2635 -
1496 2587 1553 2652 sed

153 2694 187 2756 in
211 2694 441 2757 sententiarum
466 2716 592 2758 conexu
615 2696 755 2778 positum
778 2704 841 2775 est,
866 2693 908 2758 cf.
925 2694 1070 2778 Theogn.
1095 2692 1158 2759 855
1174 2716 1220 2779 sq.
1244 2695 1383 2760 πολλάκι
1405 2694 1444 2783 δή
1460 2694 1554 2771 πόλις

152 2798 209 2886 ήδε
226 2792 269 2863 δι’
283 2800 443 2887 ήηεμόνιον
458 2800 618 2886 κακότητα
632 2797 636 2885 l
650 2800 759 2885 ὥσπερ
780 2797 944 2888 κεκλιμένη
966 2809 1041 2877 ναῦς
1055 2802 1143 2881 παρὰ
1157 2807 1212 2887 γῆν
1234 2795 1377 2885 ἔδραμεν,
1402 2796 1552 2883 Xenoph.

155 2902 184 2983 1,
210 2901 227 2963 1
258 2910 310 2966 νύν
336 2906 394 2987 γάρ
418 2904 457 2990 δή
479 2902 618 2982 ζάπεδον
640 2906 786 2989 καδαρδν
811 2955 817 2968 .
842 2954 882 2969 ..
927 2904 1042 2969 eodem
1065 2912 1174 2967 autem
1196 2903 1292 2968 modo
1322 2904 1345 2967 ii
1366 2903 1429 2967 loci
1453 2902 1552 2987 expli·

154 3005 251 3070 candi
274 3016 357 3088 sunt,
387 3006 504 3091 quibus
527 3008 565 3096 δή
589 3030 647 3093 pro
670 3004 724 3073 ούν
750 3007 814 3092 legi
836 3008 976 3088 videtur,
1004 3007 1104 3072 veluti
1126 3007 1271 3092 Theogn.
1296 3007 1357 3071 961
1376 3029 1422 3092 sq.
1446 3018 1500 3072 νῦν
1522 3001 1552 3073 δ’

152 3111 212 3199 ήδη
236 3110 426 3192 τεδύλωται,
450 3112 534 3198 ύδιορ
558 3106 588 3177 δ)
603 3110 812 3197 άναμίσηεται
836 3113 909 3195 ίλυῖ,
937 3114 942 3195 Ι
971 3113 1068 3201 άλλης
1090 3114 1129 3200 δή
1144 3114 1257 3199 κρήνης
1279 3110 1398 3198 πίομαι
1412 3113 1433 3201 ή
1447 3136 1552 3177 ποτα-

152 3225 223 3298 μού.
271 3225 382 3279 contra
405 3216 438 3278 in
461 3216 593 3301 reliquis
616 3215 790 3300 generibus
814 3218 1054 3281 enuntiatorum
1077 3218 1304 3303 primariorum
1327 3218 1366 3306 δή
1388 3217 1551 3311 rarissime

152 3320 325 3399 invenitur,
356 3320 389 3382 in
418 3321 660 3404 interrogativis
683 3319 828 3404 Theogn.
852 3320 915 3384 377
947 3328 1018 3401 πῶς
1040 3322 1079 3408 δή
1112 3330 1144 3383 et
1167 3320 1227 3383 747
1251 3318 1300 3399 τίς
1322 3321 1372 3410 δή,
1402 3321 1453 3386 bis
1477 3343 1551 3385 cum

152 3425 344 3508 imperativo
376 3426 594 3507 coniunctum,
628 3423 711 3488 1095
732 3421 872 3491 σκέπτεο
902 3426 941 3511 δή
969 3433 1024 3489 νῦν
1054 3433 1086 3488 et
1115 3426 1149 3489 in
1178 3425 1315 3490 formula
1344 3422 1414 3491 ἀλλ’
1434 3424 1489 3510 dyc
1513 3426 1552 3513 δή

152 3526 226 3610 829,
250 3527 300 3593 bis
323 3550 397 3592 cum
421 3531 576 3613 optative,
601 3529 665 3594 Sol.
687 3528 752 3612 2,1
777 3528 844 3616 εἴην
867 3530 906 3616 δή
927 3524 996 3595 τότ’
1019 3539 1051 3594 et
1073 3528 1218 3614 Theogn.
1236 3530 1300 3593 894
1322 3532 1365 3609 ὡς
1387 3531 1426 3618 δή
1440 3583 1446 3594 .
1460 3580 1467 3594 .
1480 3527 1552 3595 dla-

153 3653 227 3697 σειε.
272 3634 337 3697 iam
368 3634 454 3717 quod
486 3632 528 3699 ad
559 3634 724 3697 enuntiata
752 3633 946 3699 secundaria
975 3632 1107 3719 adtinet,
1138 3657 1216 3700 usus
1239 3634 1374 3700 voculae
1404 3634 1443 3723 δή
1474 3634 1552 3697 satis

152 3737 230 3800 artis
253 3736 371 3801 finibus
395 3738 659 3823 circumscriptus
691 3746 748 3801 est.
795 3760 871 3801 nam
895 3739 921 3801 si
950 3740 1142 3824 pronomina
1164 3748 1196 3804 et
1225 3739 1384 3805 adverbia
1413 3738 1551 3803 relativa

153 3848 184 3903 et
207 3843 448 3907 coniunctiones
463 3841 659 3927 temporales
675 3842 856 3927 exceperis,
881 3841 921 3906 de
938 3843 1055 3928 quibus
1071 3844 1113 3909 ad
1137 3866 1176 3909 ea
1190 3866 1319 3927 revoco,
1344 3866 1428 3929 quae
1452 3866 1551 3929 supra

151 3968 205 4031 pp.
225 3944 286 4009 185
310 3954 341 4009 et
366 3945 428 4011 190
451 3948 596 4032 exposui,
627 3946 751 4010 nullum
782 3947 930 4012 invenias
960 3948 1078 4034 locum,
1110 3970 1173 4034 quo
1195 3948 1355 4035 particula
1382 3947 1437 4012 illa
1459 3947 1551 4011 adhi-

151 4049 220 4114 bita
241 4048 376 4133 legatur.

254 4155 433 4239 Pergamus
449 4155 491 4219 ad
507 4154 699 4241 particulam
714 4155 795 4239 πέρ.
827 4157 967 4222 vidimus
984 4180 1082 4243 supra
1097 4168 1227 4245 praeter
1249 4156 1365 4246 καίπερ
1389 4167 1421 4222 et
1442 4156 1550 4225 καί-

150 4281 211 4345 περ
227 4261 324 4324 etiam
340 4258 402 4347 πέρ
418 4262 531 4345 paucis
548 4282 624 4325 sane
646 4261 726 4325 locis
742 4260 783 4325 ad
799 4263 1006 4349 participium
1021 4263 1190 4328 accedere.
1214 4262 1301 4349 quod
1318 4285 1392 4329 cum
1407 4262 1453 4346 fit,
1476 4284 1550 4326 nus-

255 4502 275 4574 ¹)
295 4506 335 4558 cf.
355 4507 436 4556 etiam
454 4506 518 4555 Hor.
533 4506 589 4557 0.I
613 4508 640 4571 9,
656 4509 686 4557 15
697 4523 736 4573 sq.
755 4522 806 4558 nec
824 4508 917 4559 dulces
936 4525 1041 4560 amores
1056 4510 1060 4575 Ι
1076 4525 1171 4577 sperne
1189 4525 1256 4578 puer
1274 4523 1363 4575 neque
1380 4515 1412 4559 tn
1430 4507 1552 4572 choreas,

149 4592 230 4659 Verg.
250 4592 316 4643 Aen.
330 4593 354 4644 V
369 4595 420 4643 457
439 4608 512 4643 nunc
530 4594 624 4645 dextra
643 4596 814 4663 ingeminans
831 4596 912 4660 ictus,
931 4612 1004 4647 nunc
1021 4596 1069 4648 ille
1088 4600 1203 4649 sinistra.
