<?xml version="1.0" encoding="UTF-8"?>
<!DOCTYPE html PUBLIC "-//W3C//DTD XHTML 1.0 Transitional//EN"
    "http://www.w3.org/TR/xhtml1/DTD/xhtml1-transitional.dtd">
<html xmlns="http://www.w3.org/1999/xhtml" xml:lang="en" lang="en">
 <head>
  <title>
</title>
<meta http-equiv="Content-Type" content="text/html;charset=utf-8" />
  <meta name='ocr-system' content='tesseract 3.04.00' />
  <meta name='ocr-capabilities' content='ocr_page ocr_carea ocr_par ocr_line ocrx_word'/>
</head>
<body>
  <div class='ocr_page' id='page_1' title='image "./dissertationesp04wiengoog_0341.png"; bbox 0 0 3392 5067; ppageno 0'>
   <div class='ocr_carea' id='block_1_1' title="bbox 2917 0 3198 39">
    <p class='ocr_par' dir='ltr' id='par_1_1' title="bbox 2917 0 3198 39">
     <span class='ocr_line' id='line_1_1' title="bbox 2917 0 3198 39; baseline 0.007 -13"><span class='ocrx_word' id='word_1_1' title='bbox 2917 0 3142 39; x_wconf 58' lang='grc' dir='ltr'><strong>*ΠΤ-υ*</strong></span> <span class='ocrx_word' id='word_1_2' title='bbox 3190 33 3198 38; x_wconf 57' lang='grc'><em>,</em></span> 
     </span>
    </p>
   </div>
   <div class='ocr_carea' id='block_1_2' title="bbox 356 229 484 295">
    <p class='ocr_par' dir='ltr' id='par_1_2' title="bbox 356 229 484 295">
     <span class='ocr_line' id='line_1_2' title="bbox 356 229 484 295; baseline 0 -1"><span class='ocrx_word' id='word_1_3' title='bbox 356 229 484 295; x_wconf 82' lang='grc'><strong>330</strong></span> 
     </span>
    </p>
   </div>
   <div class='ocr_carea' id='block_1_3' title="bbox 289 416 3161 2691">
    <p class='ocr_par' dir='ltr' id='par_1_3' title="bbox 311 416 3161 1229">
     <span class='ocr_line' id='line_1_3' title="bbox 356 416 3161 504; baseline -0.001 -22"><span class='ocrx_word' id='word_1_4' title='bbox 356 420 504 504; x_wconf 82' lang='lat' dir='ltr'><strong>quia</strong></span> <span class='ocrx_word' id='word_1_5' title='bbox 550 422 616 483; x_wconf 92' lang='lat' dir='ltr'><strong>in</strong></span> <span class='ocrx_word' id='word_1_6' title='bbox 666 420 1101 503; x_wconf 88' lang='lat' dir='ltr'><strong>comparando</strong></span> <span class='ocrx_word' id='word_1_7' title='bbox 1148 442 1270 483; x_wconf 88' lang='lat' dir='ltr'><strong>usu</strong></span> <span class='ocrx_word' id='word_1_8' title='bbox 1316 418 1713 501; x_wconf 86' lang='lat' dir='ltr'><strong>singulorum</strong></span> <span class='ocrx_word' id='word_1_9' title='bbox 1764 427 2103 502; x_wconf 88' lang='lat' dir='ltr'><strong>poetarum</strong></span> <span class='ocrx_word' id='word_1_10' title='bbox 2148 440 2274 481; x_wconf 90' lang='lat' dir='ltr'><strong>non</strong></span> <span class='ocrx_word' id='word_1_11' title='bbox 2324 418 2478 481; x_wconf 87' lang='lat' dir='ltr'><strong>satis</strong></span> <span class='ocrx_word' id='word_1_12' title='bbox 2527 427 2775 482; x_wconf 91' lang='lat' dir='ltr'><strong>certum</strong></span> <span class='ocrx_word' id='word_1_13' title='bbox 2832 416 3161 502; x_wconf 81' lang='lat' dir='ltr'><strong>praebent</strong></span> 
     </span>
     <span class='ocr_line' id='line_1_4' title="bbox 353 519 3160 605; baseline -0.001 -19"><span class='ocrx_word' id='word_1_14' title='bbox 353 522 842 586; x_wconf 89' lang='lat' dir='ltr'><strong>fundamentum</strong></span> <span class='ocrx_word' id='word_1_15' title='bbox 891 560 975 568; x_wconf 87' lang='lat'>—</span> <span class='ocrx_word' id='word_1_16' title='bbox 1016 521 1136 586; x_wconf 94' lang='lat' dir='ltr'><strong>hoc</strong></span> <span class='ocrx_word' id='word_1_17' title='bbox 1176 521 1367 585; x_wconf 92' lang='lat' dir='ltr'><strong>modo</strong></span> <span class='ocrx_word' id='word_1_18' title='bbox 1406 544 1542 586; x_wconf 89' lang='lat' dir='ltr'><strong>rem</strong></span> <span class='ocrx_word' id='word_1_19' title='bbox 1575 544 1642 584; x_wconf 91' lang='lat' dir='ltr'><strong>se</strong></span> <span class='ocrx_word' id='word_1_20' title='bbox 1674 521 1935 584; x_wconf 88' lang='lat' dir='ltr'><strong>habere.</strong></span> <span class='ocrx_word' id='word_1_21' title='bbox 2023 520 2276 583; x_wconf 90' lang='lat' dir='ltr'><strong>mediae</strong></span> <span class='ocrx_word' id='word_1_22' title='bbox 2326 520 2696 584; x_wconf 86' lang='lat' dir='ltr'><strong>comoediae</strong></span> <span class='ocrx_word' id='word_1_23' title='bbox 2743 529 2973 605; x_wconf 88' lang='lat' dir='ltr'><strong>poetae</strong></span> <span class='ocrx_word' id='word_1_24' title='bbox 3007 519 3160 583; x_wconf 93' lang='lat' dir='ltr'><strong>Ari-</strong></span> 
     </span>
     <span class='ocr_line' id='line_1_5' title="bbox 354 623 3158 711; baseline -0.001 -22"><span class='ocrx_word' id='word_1_25' title='bbox 354 625 685 711; x_wconf 90' lang='lat' dir='ltr'><strong>stophanis</strong></span> <span class='ocrx_word' id='word_1_26' title='bbox 745 625 1069 689; x_wconf 82' lang='lat' dir='ltr'>licentiam</span> <span class='ocrx_word' id='word_1_27' title='bbox 1130 627 1196 689; x_wconf 91' lang='lat' dir='ltr'><strong>in</strong></span> <span class='ocrx_word' id='word_1_28' title='bbox 1259 625 1613 690; x_wconf 81' lang='lat' dir='ltr'><strong>condendis</strong></span> <span class='ocrx_word' id='word_1_29' title='bbox 1674 625 1979 688; x_wconf 89' lang='lat' dir='ltr'><strong>trimetris</strong></span> <span class='ocrx_word' id='word_1_30' title='bbox 2026 623 2361 709; x_wconf 89' lang='lat' dir='ltr'><strong>paululum</strong></span> <span class='ocrx_word' id='word_1_31' title='bbox 2407 625 2649 707; x_wconf 78' lang='lat' dir='ltr'>egressi</span> <span class='ocrx_word' id='word_1_32' title='bbox 2698 633 2862 688; x_wconf 90' lang='lat' dir='ltr'><strong>sunt.</strong></span> <span class='ocrx_word' id='word_1_33' title='bbox 2954 633 3158 709; x_wconf 89' lang='lat' dir='ltr'><strong>atque</strong></span> 
     </span>
     <span class='ocr_line' id='line_1_6' title="bbox 311 727 3160 815; baseline -0 -23"><span class='ocrx_word' id='word_1_34' title='bbox 311 753 519 794; x_wconf 90' lang='lat' dir='ltr'><strong>.unus</strong></span> <span class='ocrx_word' id='word_1_35' title='bbox 564 729 860 795; x_wconf 82' lang='lat' dir='ltr'>Eubulus</span> <span class='ocrx_word' id='word_1_36' title='bbox 916 731 1110 793; x_wconf 89' lang='lat' dir='ltr'><strong>etiam</strong></span> <span class='ocrx_word' id='word_1_37' title='bbox 1163 728 1287 794; x_wconf 89' lang='lat' dir='ltr'><strong>hac</strong></span> <span class='ocrx_word' id='word_1_38' title='bbox 1340 730 1405 792; x_wconf 90' lang='lat' dir='ltr'><strong>in</strong></span> <span class='ocrx_word' id='word_1_39' title='bbox 1461 751 1531 794; x_wconf 88' lang='lat' dir='ltr'><strong>re</strong></span> <span class='ocrx_word' id='word_1_40' title='bbox 1585 727 1985 815; x_wconf 83' lang='lat' dir='ltr'>peculiarem</span> <span class='ocrx_word' id='word_1_41' title='bbox 2030 727 2278 793; x_wconf 88' lang='lat' dir='ltr'><strong>obtinet</strong></span> <span class='ocrx_word' id='word_1_42' title='bbox 2319 728 2554 793; x_wconf 89' lang='lat' dir='ltr'><strong>locum.</strong></span> <span class='ocrx_word' id='word_1_43' title='bbox 2646 749 2857 791; x_wconf 86' lang='lat' dir='ltr'><strong>novae</strong></span> <span class='ocrx_word' id='word_1_44' title='bbox 2905 749 3160 794; x_wconf 91' lang='lat' dir='ltr'><strong>comoe-</strong></span> 
     </span>
     <span class='ocr_line' id='line_1_7' title="bbox 354 831 3156 920; baseline -0.001 -22"><span class='ocrx_word' id='word_1_45' title='bbox 354 835 499 898; x_wconf 84' lang='lat' dir='ltr'><strong>diae</strong></span> <span class='ocrx_word' id='word_1_46' title='bbox 543 843 775 920; x_wconf 87' lang='lat' dir='ltr'><strong>poetae</strong></span> <span class='ocrx_word' id='word_1_47' title='bbox 822 843 1039 897; x_wconf 88' lang='lat' dir='ltr'><strong>autem</strong></span> <span class='ocrx_word' id='word_1_48' title='bbox 1084 834 1283 898; x_wconf 90' lang='lat' dir='ltr'><strong>multo</strong></span> <span class='ocrx_word' id='word_1_49' title='bbox 1340 833 1741 918; x_wconf 87' lang='lat' dir='ltr'><strong>frequentius</strong></span> <span class='ocrx_word' id='word_1_50' title='bbox 1786 841 2054 898; x_wconf 91' lang='lat' dir='ltr'><strong>utuntur</strong></span> <span class='ocrx_word' id='word_1_51' title='bbox 2097 834 2406 918; x_wconf 89' lang='lat' dir='ltr'><strong>primaria</strong></span> <span class='ocrx_word' id='word_1_52' title='bbox 2449 831 2559 897; x_wconf 89' lang='lat' dir='ltr'><strong>illa</strong></span> <span class='ocrx_word' id='word_1_53' title='bbox 2604 833 2876 895; x_wconf 84' lang='lat' dir='ltr'>trimetri</span> <span class='ocrx_word' id='word_1_54' title='bbox 2922 832 3156 913; x_wconf 90' lang='lat' dir='ltr'><strong>forma,</strong></span> 
     </span>
     <span class='ocr_line' id='line_1_8' title="bbox 351 935 3158 1023; baseline -0.001 -22"><span class='ocrx_word' id='word_1_55' title='bbox 351 938 441 1002; x_wconf 90' lang='lat' dir='ltr'><strong>ita</strong></span> <span class='ocrx_word' id='word_1_56' title='bbox 502 947 573 1001; x_wconf 89' lang='lat' dir='ltr'><strong>ut</strong></span> <span class='ocrx_word' id='word_1_57' title='bbox 633 959 710 1000; x_wconf 89' lang='lat' dir='ltr'><strong>ea</strong></span> <span class='ocrx_word' id='word_1_58' title='bbox 762 960 832 1000; x_wconf 92' lang='lat' dir='ltr'><strong>re</strong></span> <span class='ocrx_word' id='word_1_59' title='bbox 879 937 962 1002; x_wconf 89' lang='lat' dir='ltr'><strong>ab</strong></span> <span class='ocrx_word' id='word_1_60' title='bbox 1010 937 1450 1023; x_wconf 80' lang='lat' dir='ltr'><strong>Aristophane</strong></span> <span class='ocrx_word' id='word_1_61' title='bbox 1510 947 1574 1002; x_wconf 88' lang='lat' dir='ltr'><strong>et</strong></span> <span class='ocrx_word' id='word_1_62' title='bbox 1636 936 1959 1023; x_wconf 84' lang='lat' dir='ltr'>prioribus</span> <span class='ocrx_word' id='word_1_63' title='bbox 2021 938 2284 1001; x_wconf 89' lang='lat' dir='ltr'><strong>comicis</strong></span> <span class='ocrx_word' id='word_1_64' title='bbox 2344 935 2717 1020; x_wconf 79' lang='lat' dir='ltr'><strong>discrepent</strong></span> <span class='ocrx_word' id='word_1_65' title='bbox 2770 946 2834 999; x_wconf 91' lang='lat' dir='ltr'><strong>et</strong></span> <span class='ocrx_word' id='word_1_66' title='bbox 2884 938 3158 1022; x_wconf 86' lang='lat' dir='ltr'><strong>propius</strong></span> 
     </span>
     <span class='ocr_line' id='line_1_9' title="bbox 352 1039 3155 1125; baseline -0.001 -20"><span class='ocrx_word' id='word_1_67' title='bbox 352 1042 437 1105; x_wconf 89' lang='lat' dir='ltr'><strong>ad</strong></span> <span class='ocrx_word' id='word_1_68' title='bbox 497 1043 912 1125; x_wconf 84' lang='lat' dir='ltr'><strong>tragicorum·</strong></span> <span class='ocrx_word' id='word_1_69' title='bbox 950 1042 1485 1105; x_wconf 80' lang='lat' dir='ltr'><strong>consuetudinem</strong></span> <span class='ocrx_word' id='word_1_70' title='bbox 1539 1041 1879 1106; x_wconf 85' lang='lat' dir='ltr'><strong>accedant.</strong></span> <span class='ocrx_word' id='word_1_71' title='bbox 1971 1061 2183 1125; x_wconf 90' lang='lat' dir='ltr'><strong>neque</strong></span> <span class='ocrx_word' id='word_1_72' title='bbox 2229 1039 2296 1103; x_wconf 91' lang='lat' dir='ltr'><strong>id</strong></span> <span class='ocrx_word' id='word_1_73' title='bbox 2344 1041 2580 1103; x_wconf 90' lang='lat' dir='ltr'><strong>mirum</strong></span> <span class='ocrx_word' id='word_1_74' title='bbox 2627 1039 2743 1104; x_wconf 88' lang='lat' dir='ltr'><strong>tibi</strong></span> <span class='ocrx_word' id='word_1_75' title='bbox 2789 1039 3155 1120; x_wconf 83' lang='lat' dir='ltr'><strong>videbitur3</strong></span> 
     </span>
     <span class='ocr_line' id='line_1_10' title="bbox 354 1143 3155 1229; baseline -0 -20"><span class='ocrx_word' id='word_1_76' title='bbox 354 1167 504 1209; x_wconf 90' lang='lat' dir='ltr'><strong>nam</strong></span> <span class='ocrx_word' id='word_1_77' title='bbox 565 1147 760 1209; x_wconf 91' lang='lat' dir='ltr'><strong>etiam</strong></span> <span class='ocrx_word' id='word_1_78' title='bbox 820 1143 893 1209; x_wconf 82' lang='lat' dir='ltr'><strong>C.</strong></span> <span class='ocrx_word' id='word_1_79' title='bbox 942 1146 1018 1208; x_wconf 84' lang='lat' dir='ltr'><strong>F.</strong></span> <span class='ocrx_word' id='word_1_80' title='bbox 1069 1145 1343 1209; x_wconf 89' lang='lat' dir='ltr'><strong>Mueller</strong></span> <span class='ocrx_word' id='word_1_81' title='bbox 1402 1147 1681 1229; x_wconf 88' lang='lat' dir='ltr'><strong>tragicos</strong></span> <span class='ocrx_word' id='word_1_82' title='bbox 1741 1146 2040 1227; x_wconf 85' lang='lat' dir='ltr'><strong>minores,</strong></span> <span class='ocrx_word' id='word_1_83' title='bbox 2104 1147 2212 1229; x_wconf 94' lang='lat' dir='ltr'><strong>qui</strong></span> <span class='ocrx_word' id='word_1_84' title='bbox 2272 1143 2653 1227; x_wconf 87' lang='lat' dir='ltr'><strong>Euripidem</strong></span> <span class='ocrx_word' id='word_1_85' title='bbox 2714 1145 2918 1208; x_wconf 91' lang='lat' dir='ltr'><strong>secuti</strong></span> <span class='ocrx_word' id='word_1_86' title='bbox 2978 1153 3155 1228; x_wconf 89' lang='lat' dir='ltr'><strong>sunt,</strong></span> 
     </span>
    </p>

    <p class='ocr_par' dir='ltr' id='par_1_4' title="bbox 289 1247 3160 2691">
     <span class='ocr_line' id='line_1_11' title="bbox 289 1247 3157 1336; baseline -0.002 -19"><span class='ocrx_word' id='word_1_87' title='bbox 289 1259 797 1335; x_wconf 48' lang='lat' dir='ltr'><strong>„perscrutatus</strong></span> <span class='ocrx_word' id='word_1_88' title='bbox 844 1250 928 1314; x_wconf 88' lang='lat' dir='ltr'><strong>ad</strong></span> <span class='ocrx_word' id='word_1_89' title='bbox 977 1249 1252 1313; x_wconf 89' lang='lat' dir='ltr'><strong>eundem</strong></span> <span class='ocrx_word' id='word_1_90' title='bbox 1299 1250 1497 1315; x_wconf 89' lang='lat' dir='ltr'><strong>finem</strong></span> <span class='ocrx_word' id='word_1_91' title='bbox 1545 1251 1863 1336; x_wconf 89' lang='lat' dir='ltr'><strong>pervenit.</strong></span> <span class='ocrx_word' id='word_1_92' title='bbox 1955 1249 2119 1312; x_wconf 91' lang='lat' dir='ltr'><strong>haec</strong></span> <span class='ocrx_word' id='word_1_93' title='bbox 2167 1249 2338 1312; x_wconf 91' lang='lat' dir='ltr'><strong>enim</strong></span> <span class='ocrx_word' id='word_1_94' title='bbox 2384 1247 2542 1312; x_wconf 92' lang='lat' dir='ltr'><strong>dicit</strong></span> <span class='ocrx_word' id='word_1_95' title='bbox 2596 1271 2657 1333; x_wconf 90' lang='lat' dir='ltr'><strong>p.</strong></span> <span class='ocrx_word' id='word_1_96' title='bbox 2715 1247 2800 1311; x_wconf 93' lang='grc'><strong>22</strong></span> <span class='ocrx_word' id='word_1_97' title='bbox 2847 1251 3033 1332; x_wconf 80' lang='lat' dir='ltr'><strong>‘quae</strong></span> <span class='ocrx_word' id='word_1_98' title='bbox 3098 1250 3157 1312; x_wconf 91' lang='lat' dir='ltr'><strong>si</strong></span> 
     </span>
     <span class='ocr_line' id='line_1_12' title="bbox 358 1339 3160 1440; baseline -0.001 -23"><span class='ocrx_word' id='word_1_99' title='bbox 358 1339 744 1439; x_wconf 79' lang='lat' dir='ltr'><strong>spectamuS,</strong></span> <span class='ocrx_word' id='word_1_100' title='bbox 806 1375 922 1417; x_wconf 97' lang='grc'><strong>1108</strong></span> <span class='ocrx_word' id='word_1_101' title='bbox 976 1376 1104 1418; x_wconf 94' lang='grc'><strong>11011</strong></span> <span class='ocrx_word' id='word_1_102' title='bbox 1150 1355 1317 1437; x_wconf 90' lang='lat' dir='ltr'><strong>fugit</strong></span> <span class='ocrx_word' id='word_1_103' title='bbox 1360 1363 1584 1440; x_wconf 89' lang='lat' dir='ltr'><strong>poetas</strong></span> <span class='ocrx_word' id='word_1_104' title='bbox 1631 1352 1771 1418; x_wconf 92' lang='lat' dir='ltr'><strong>illos</strong></span> <span class='ocrx_word' id='word_1_105' title='bbox 1818 1352 2300 1419; x_wconf 86' lang='lat' dir='ltr'><strong>Alexandrinos</strong></span> <span class='ocrx_word' id='word_1_106' title='bbox 2345 1353 2629 1416; x_wconf 84' lang='lat' dir='ltr'><strong>maxime</strong></span> <span class='ocrx_word' id='word_1_107' title='bbox 2678 1352 2744 1416; x_wconf 92' lang='lat' dir='ltr'><strong>id</strong></span> <span class='ocrx_word' id='word_1_108' title='bbox 2791 1353 3019 1435; x_wconf 86' lang='lat' dir='ltr'><strong>egisse,</strong></span> <span class='ocrx_word' id='word_1_109' title='bbox 3080 1362 3160 1415; x_wconf 92' lang='lat' dir='ltr'><strong>ut</strong></span> 
     </span>
     <span class='ocr_line' id='line_1_13' title="bbox 354 1455 3154 1543; baseline -0 -23"><span class='ocrx_word' id='word_1_110' title='bbox 354 1459 570 1521; x_wconf 87' lang='lat' dir='ltr'><strong>vitatis</strong></span> <span class='ocrx_word' id='word_1_111' title='bbox 617 1467 931 1542; x_wconf 87' lang='lat' dir='ltr'><strong>quantum</strong></span> <span class='ocrx_word' id='word_1_112' title='bbox 977 1458 1118 1522; x_wconf 90' lang='lat' dir='ltr'><strong>fieri</strong></span> <span class='ocrx_word' id='word_1_113' title='bbox 1164 1469 1381 1543; x_wconf 89' lang='lat' dir='ltr'><strong>posset</strong></span> <span class='ocrx_word' id='word_1_114' title='bbox 1427 1458 1707 1542; x_wconf 91' lang='lat' dir='ltr'><strong>pedibus</strong></span> <span class='ocrx_word' id='word_1_115' title='bbox 1754 1457 2108 1543; x_wconf 84' lang='lat' dir='ltr'><strong>trisyllabis</strong></span> <span class='ocrx_word' id='word_1_116' title='bbox 2147 1459 2213 1520; x_wconf 92' lang='lat' dir='ltr'><strong>in</strong></span> <span class='ocrx_word' id='word_1_117' title='bbox 2256 1455 2526 1541; x_wconf 85' lang='lat' dir='ltr'><strong>dialogis</strong></span> <span class='ocrx_word' id='word_1_118' title='bbox 2568 1478 2729 1541; x_wconf 88' lang='lat' dir='ltr'><strong>pure</strong></span> <span class='ocrx_word' id='word_1_119' title='bbox 2768 1456 3154 1540; x_wconf 88' lang='lat' dir='ltr'><strong>plerumque</strong></span> 
     </span>
     <span class='ocr_line' id='line_1_14' title="bbox 353 1559 3154 1648; baseline -0.001 -23"><span class='ocrx_word' id='word_1_120' title='bbox 353 1561 738 1647; x_wconf 86' lang='lat' dir='ltr'><strong>procederet</strong></span> <span class='ocrx_word' id='word_1_121' title='bbox 791 1583 1098 1626; x_wconf 91' lang='lat' dir='ltr'><strong>numerus</strong></span> <span class='ocrx_word' id='word_1_122' title='bbox 1151 1562 1513 1627; x_wconf 89' lang='lat' dir='ltr'><strong>iambicus&#39;.</strong></span> <span class='ocrx_word' id='word_1_123' title='bbox 1608 1585 1686 1626; x_wconf 90' lang='lat' dir='ltr'><strong>ac</strong></span> <span class='ocrx_word' id='word_1_124' title='bbox 1747 1561 1941 1648; x_wconf 90' lang='lat' dir='ltr'><strong>paulo</strong></span> <span class='ocrx_word' id='word_1_125' title='bbox 2004 1560 2176 1625; x_wconf 86' lang='lat' dir='ltr'><strong>infra</strong></span> <span class='ocrx_word' id='word_1_126' title='bbox 2236 1583 2401 1645; x_wconf 90' lang='lat' dir='ltr'><strong>quae</strong></span> <span class='ocrx_word' id='word_1_127' title='bbox 2460 1559 2751 1624; x_wconf 90' lang='lat' dir='ltr'><strong>habebat</strong></span> <span class='ocrx_word' id='word_1_128' title='bbox 2810 1559 3154 1645; x_wconf 89' lang='lat' dir='ltr'><strong>explorata</strong></span> 
     </span>
     <span class='ocr_line' id='line_1_15' title="bbox 351 1654 3152 1753; baseline -0.002 -23"><span class='ocrx_word' id='word_1_129' title='bbox 351 1667 526 1730; x_wconf 91' lang='lat' dir='ltr'><strong>hunc</strong></span> <span class='ocrx_word' id='word_1_130' title='bbox 566 1667 633 1729; x_wconf 92' lang='lat' dir='ltr'><strong>in</strong></span> <span class='ocrx_word' id='word_1_131' title='bbox 672 1654 934 1731; x_wconf 86' lang='lat' dir='ltr'><strong>modum</strong></span> <span class='ocrx_word' id='word_1_132' title='bbox 977 1666 1263 1731; x_wconf 89' lang='lat' dir='ltr'><strong>breviter</strong></span> <span class='ocrx_word' id='word_1_133' title='bbox 1304 1666 1781 1753; x_wconf 86' lang='lat' dir='ltr'><strong>complectitur:</strong></span> <span class='ocrx_word' id='word_1_134' title='bbox 1861 1670 1938 1730; x_wconf 85' lang='grc' dir='ltr'><strong>ι0.</strong></span> <span class='ocrx_word' id='word_1_135' title='bbox 1987 1686 2377 1751; x_wconf 89' lang='lat' dir='ltr'><strong>quamquam</strong></span> <span class='ocrx_word' id='word_1_136' title='bbox 2418 1666 2484 1727; x_wconf 92' lang='lat' dir='ltr'><strong>in</strong></span> <span class='ocrx_word' id='word_1_137' title='bbox 2525 1666 2899 1728; x_wconf 89' lang='lat' dir='ltr'><strong>universum</strong></span> <span class='ocrx_word' id='word_1_138' title='bbox 2930 1685 3152 1727; x_wconf 91' lang='lat' dir='ltr'><strong>recen-</strong></span> 
     </span>
     <span class='ocr_line' id='line_1_16' title="bbox 354 1768 3152 1855; baseline -0.002 -20"><span class='ocrx_word' id='word_1_139' title='bbox 354 1771 549 1835; x_wconf 88' lang='lat' dir='ltr'><strong>tiores</strong></span> <span class='ocrx_word' id='word_1_140' title='bbox 582 1769 1079 1835; x_wconf 86' lang='lat' dir='ltr'><strong>Atheniensium</strong></span> <span class='ocrx_word' id='word_1_141' title='bbox 1124 1780 1354 1855; x_wconf 90' lang='lat' dir='ltr'><strong>poetae</strong></span> <span class='ocrx_word' id='word_1_142' title='bbox 1400 1772 1652 1854; x_wconf 82' lang='lat' dir='ltr'><strong>tragici,</strong></span> <span class='ocrx_word' id='word_1_143' title='bbox 1702 1772 1811 1855; x_wconf 92' lang='lat' dir='ltr'><strong>qui</strong></span> <span class='ocrx_word' id='word_1_144' title='bbox 1856 1769 2009 1834; x_wconf 91' lang='lat' dir='ltr'><strong>inde</strong></span> <span class='ocrx_word' id='word_1_145' title='bbox 2056 1793 2095 1832; x_wconf 91' lang='lat' dir='ltr'><strong>a</strong></span> <span class='ocrx_word' id='word_1_146' title='bbox 2138 1768 2308 1833; x_wconf 92' lang='lat' dir='ltr'><strong>bello</strong></span> <span class='ocrx_word' id='word_1_147' title='bbox 2349 1768 2896 1854; x_wconf 87' lang='lat' dir='ltr'><strong>Peloponnesiaco</strong></span> <span class='ocrx_word' id='word_1_148' title='bbox 2943 1789 3152 1852; x_wconf 88' lang='lat' dir='ltr'><strong>usque</strong></span> 
     </span>
     <span class='ocr_line' id='line_1_17' title="bbox 350 1873 3152 1959; baseline -0.002 -20"><span class='ocrx_word' id='word_1_149' title='bbox 350 1875 434 1939; x_wconf 89' lang='lat' dir='ltr'><strong>ad</strong></span> <span class='ocrx_word' id='word_1_150' title='bbox 482 1874 844 1939; x_wconf 85' lang='lat' dir='ltr'><strong>Alexandri</strong></span> <span class='ocrx_word' id='word_1_151' title='bbox 904 1884 1184 1939; x_wconf 87' lang='lat' dir='ltr'><strong>aetatem</strong></span> <span class='ocrx_word' id='word_1_152' title='bbox 1247 1874 1503 1939; x_wconf 90' lang='lat' dir='ltr'><strong>fabulas</strong></span> <span class='ocrx_word' id='word_1_153' title='bbox 1566 1874 2015 1958; x_wconf 89' lang='lat' dir='ltr'><strong>condiderunt,</strong></span> <span class='ocrx_word' id='word_1_154' title='bbox 2065 1873 2444 1959; x_wconf 88' lang='lat' dir='ltr'><strong>Euripidem</strong></span> <span class='ocrx_word' id='word_1_155' title='bbox 2504 1875 2570 1936; x_wconf 91' lang='lat' dir='ltr'><strong>in</strong></span> <span class='ocrx_word' id='word_1_156' title='bbox 2631 1874 2856 1957; x_wconf 89' lang='lat' dir='ltr'><strong>primis</strong></span> <span class='ocrx_word' id='word_1_157' title='bbox 2916 1873 3152 1936; x_wconf 91' lang='lat' dir='ltr'><strong>imitati</strong></span> 
     </span>
     <span class='ocr_line' id='line_1_18' title="bbox 352 1976 3153 2062; baseline -0.001 -20"><span class='ocrx_word' id='word_1_158' title='bbox 352 1981 419 2043; x_wconf 92' lang='lat' dir='ltr'><strong>in</strong></span> <span class='ocrx_word' id='word_1_159' title='bbox 466 1981 687 2043; x_wconf 91' lang='lat' dir='ltr'><strong>metris</strong></span> <span class='ocrx_word' id='word_1_160' title='bbox 726 1980 1081 2043; x_wconf 86' lang='lat' dir='ltr'><strong>tractandis</strong></span> <span class='ocrx_word' id='word_1_161' title='bbox 1123 1978 1637 2062; x_wconf 89' lang='lat' dir='ltr'><strong>neglegentiores</strong></span> <span class='ocrx_word' id='word_1_162' title='bbox 1683 1977 1945 2042; x_wconf 86' lang='lat' dir='ltr'><strong>fuerunt</strong></span> <span class='ocrx_word' id='word_1_163' title='bbox 1990 1987 2054 2040; x_wconf 92' lang='lat' dir='ltr'><strong>et</strong></span> <span class='ocrx_word' id='word_1_164' title='bbox 2098 1977 2551 2058; x_wconf 87' lang='lat' dir='ltr'><strong>dissolutiores,</strong></span> <span class='ocrx_word' id='word_1_165' title='bbox 2601 1976 2890 2040; x_wconf 88' lang='lat' dir='ltr'><strong>nonnulli</strong></span> <span class='ocrx_word' id='word_1_166' title='bbox 2929 1985 3153 2040; x_wconf 90' lang='lat' dir='ltr'><strong>tamen</strong></span> 
     </span>
     <span class='ocr_line' id='line_1_19' title="bbox 352 2081 3149 2169; baseline -0.001 -22"><span class='ocrx_word' id='word_1_167' title='bbox 352 2086 644 2168; x_wconf 88' lang='lat' dir='ltr'><strong>extitere,</strong></span> <span class='ocrx_word' id='word_1_168' title='bbox 694 2085 804 2169; x_wconf 92' lang='lat' dir='ltr'><strong>qui</strong></span> <span class='ocrx_word' id='word_1_169' title='bbox 849 2085 1132 2167; x_wconf 89' lang='lat' dir='ltr'><strong>priscam</strong></span> <span class='ocrx_word' id='word_1_170' title='bbox 1177 2083 1483 2146; x_wconf 90' lang='lat' dir='ltr'><strong>metricae</strong></span> <span class='ocrx_word' id='word_1_171' title='bbox 1526 2085 1680 2146; x_wconf 91' lang='lat' dir='ltr'><strong>artis</strong></span> <span class='ocrx_word' id='word_1_172' title='bbox 1721 2084 2130 2146; x_wconf 85' lang='lat' dir='ltr'><strong>severitatem</strong></span> <span class='ocrx_word' id='word_1_173' title='bbox 2172 2084 2235 2144; x_wconf 89' lang='lat' dir='ltr'><strong>in</strong></span> <span class='ocrx_word' id='word_1_174' title='bbox 2274 2081 2624 2164; x_wconf 88' lang='lat' dir='ltr'><strong>tragoediis</strong></span> <span class='ocrx_word' id='word_1_175' title='bbox 2666 2082 2797 2144; x_wconf 89' lang='lat' dir='ltr'><strong>suis</strong></span> <span class='ocrx_word' id='word_1_176' title='bbox 2835 2102 3149 2144; x_wconf 89' lang='lat' dir='ltr'><strong>revocare</strong></span> 
     </span>
     <span class='ocr_line' id='line_1_20' title="bbox 355 2184 3149 2269; baseline -0.002 -18"><span class='ocrx_word' id='word_1_177' title='bbox 355 2188 704 2252; x_wconf 86' lang='lat' dir='ltr'><strong>studerent.</strong></span> <span class='ocrx_word' id='word_1_178' title='bbox 795 2186 859 2251; x_wconf 98' lang='lat' dir='ltr'><strong>b.</strong></span> <span class='ocrx_word' id='word_1_179' title='bbox 921 2189 1229 2251; x_wconf 90' lang='lat' dir='ltr'><strong>maiorem</strong></span> <span class='ocrx_word' id='word_1_180' title='bbox 1284 2188 1479 2251; x_wconf 91' lang='lat' dir='ltr'><strong>etiam</strong></span> <span class='ocrx_word' id='word_1_181' title='bbox 1524 2186 1963 2250; x_wconf 90' lang='lat' dir='ltr'><strong>adhibuerunt</strong></span> <span class='ocrx_word' id='word_1_182' title='bbox 2010 2185 2409 2269; x_wconf 88' lang='lat' dir='ltr'><strong>diligentiam</strong></span> <span class='ocrx_word' id='word_1_183' title='bbox 2470 2185 2553 2249; x_wconf 90' lang='lat' dir='ltr'><strong>ad</strong></span> <span class='ocrx_word' id='word_1_184' title='bbox 2613 2184 2992 2248; x_wconf 89' lang='lat' dir='ltr'><strong>imitandam</strong></span> <span class='ocrx_word' id='word_1_185' title='bbox 3037 2206 3149 2247; x_wconf 90' lang='lat' dir='ltr'><strong>ve-</strong></span> 
     </span>
     <span class='ocr_line' id='line_1_21' title="bbox 352 2290 3153 2376; baseline -0.001 -19"><span class='ocrx_word' id='word_1_186' title='bbox 352 2294 508 2357; x_wconf 88' lang='lat' dir='ltr'><strong>teris</strong></span> <span class='ocrx_word' id='word_1_187' title='bbox 569 2292 941 2375; x_wconf 89' lang='lat' dir='ltr'><strong>tragoediae</strong></span> <span class='ocrx_word' id='word_1_188' title='bbox 994 2291 1268 2354; x_wconf 90' lang='lat' dir='ltr'><strong>formam</strong></span> <span class='ocrx_word' id='word_1_189' title='bbox 1315 2290 1807 2355; x_wconf 85' lang='lat' dir='ltr'><strong>Alexandrinae</strong></span> <span class='ocrx_word' id='word_1_190' title='bbox 1867 2290 2097 2354; x_wconf 89' lang='lat' dir='ltr'><strong>aetatis</strong></span> <span class='ocrx_word' id='word_1_191' title='bbox 2150 2299 2402 2373; x_wconf 90' lang='lat' dir='ltr'><strong>poetae,</strong></span> <span class='ocrx_word' id='word_1_192' title='bbox 2454 2291 2563 2376; x_wconf 93' lang='lat' dir='ltr'><strong>qui</strong></span> <span class='ocrx_word' id='word_1_193' title='bbox 2620 2311 2696 2352; x_wconf 90' lang='lat' dir='ltr'><strong>eo</strong></span> <span class='ocrx_word' id='word_1_194' title='bbox 2749 2309 2955 2373; x_wconf 91' lang='lat' dir='ltr'><strong>usque</strong></span> <span class='ocrx_word' id='word_1_195' title='bbox 3009 2311 3153 2375; x_wconf 91' lang='lat' dir='ltr'><strong>pro-</strong></span> 
     </span>
     <span class='ocr_line' id='line_1_22' title="bbox 352 2394 3151 2480; baseline -0.001 -20"><span class='ocrx_word' id='word_1_196' title='bbox 352 2398 557 2480; x_wconf 87' lang='lat' dir='ltr'><strong>gressi</strong></span> <span class='ocrx_word' id='word_1_197' title='bbox 599 2406 765 2472; x_wconf 91' lang='lat' dir='ltr'><strong>sunt,</strong></span> <span class='ocrx_word' id='word_1_198' title='bbox 815 2405 887 2458; x_wconf 89' lang='lat' dir='ltr'><strong>ut</strong></span> <span class='ocrx_word' id='word_1_199' title='bbox 924 2396 992 2458; x_wconf 91' lang='lat' dir='ltr'><strong>in</strong></span> <span class='ocrx_word' id='word_1_200' title='bbox 1030 2396 1334 2459; x_wconf 89' lang='lat' dir='ltr'><strong>trimetris</strong></span> <span class='ocrx_word' id='word_1_201' title='bbox 1379 2394 1754 2480; x_wconf 87' lang='lat' dir='ltr'><strong>condendis,</strong></span> <span class='ocrx_word' id='word_1_202' title='bbox 1798 2403 2108 2480; x_wconf 90' lang='lat' dir='ltr'><strong>quantum</strong></span> <span class='ocrx_word' id='word_1_203' title='bbox 2148 2405 2429 2479; x_wconf 88' lang='lat' dir='ltr'><strong>possent,</strong></span> <span class='ocrx_word' id='word_1_204' title='bbox 2477 2396 2720 2459; x_wconf 89' lang='lat' dir='ltr'><strong>evitare</strong></span> <span class='ocrx_word' id='word_1_205' title='bbox 2763 2402 3151 2457; x_wconf 89' lang='lat' dir='ltr'><strong>conarentur</strong></span> 
     </span>
     <span class='ocr_line' id='line_1_23' title="bbox 353 2498 3149 2586; baseline -0 -23"><span class='ocrx_word' id='word_1_206' title='bbox 353 2500 555 2586; x_wconf 90' lang='lat' dir='ltr'><strong>pedes</strong></span> <span class='ocrx_word' id='word_1_207' title='bbox 600 2499 992 2585; x_wconf 83' lang='lat' dir='ltr'><strong>trisyllabos,</strong></span> <span class='ocrx_word' id='word_1_208' title='bbox 1086 2522 1480 2586; x_wconf 91' lang='lat' dir='ltr'><strong>quamquam</strong></span> <span class='ocrx_word' id='word_1_209' title='bbox 1511 2502 1769 2564; x_wconf 90' lang='lat' dir='ltr'><strong>omnino</strong></span> <span class='ocrx_word' id='word_1_210' title='bbox 1799 2523 1907 2565; x_wconf 89' lang='lat' dir='ltr'><strong>eos</strong></span> <span class='ocrx_word' id='word_1_211' title='bbox 1939 2499 2328 2564; x_wconf 87' lang='lat' dir='ltr'><strong>abstinuisse</strong></span> <span class='ocrx_word' id='word_1_212' title='bbox 2371 2499 2707 2583; x_wconf 88' lang='lat' dir='ltr'><strong>longarum</strong></span> <span class='ocrx_word' id='word_1_213' title='bbox 2750 2498 3149 2584; x_wconf 87' lang='lat' dir='ltr'><strong>syllabarum</strong></span> 
     </span>
     <span class='ocr_line' id='line_1_24' title="bbox 353 2603 2064 2691; baseline 0.001 -24"><span class='ocrx_word' id='word_1_214' title='bbox 353 2603 775 2669; x_wconf 88' lang='lat' dir='ltr'><strong>solutionibus</strong></span> <span class='ocrx_word' id='word_1_215' title='bbox 821 2607 885 2667; x_wconf 93' lang='lat' dir='ltr'><strong>in</strong></span> <span class='ocrx_word' id='word_1_216' title='bbox 933 2606 1203 2669; x_wconf 88' lang='lat' dir='ltr'><strong>senariis</strong></span> <span class='ocrx_word' id='word_1_217' title='bbox 1248 2607 1652 2691; x_wconf 90' lang='lat' dir='ltr'><strong>pronuntiari</strong></span> <span class='ocrx_word' id='word_1_218' title='bbox 1697 2627 1826 2670; x_wconf 92' lang='lat' dir='ltr'><strong>non</strong></span> <span class='ocrx_word' id='word_1_219' title='bbox 1872 2604 2064 2669; x_wconf 88' lang='lat' dir='ltr'><strong>licet’.</strong></span> 
     </span>
    </p>
   </div>
   <div class='ocr_carea' id='block_1_4' title="bbox 1354 2863 2137 2932">
    <p class='ocr_par' dir='ltr' id='par_1_5' title="bbox 1354 2863 2137 2932">
     <span class='ocr_line' id='line_1_25' title="bbox 1354 2863 2137 2932; baseline 0.003 -2"><span class='ocrx_word' id='word_1_220' title='bbox 1354 2863 1461 2931; x_wconf 91' lang='grc' dir='ltr'><strong>ΙΙ.</strong></span> <span class='ocrx_word' id='word_1_221' title='bbox 1551 2864 1655 2931; x_wconf 83' lang='lat' dir='ltr'><strong>De</strong></span> <span class='ocrx_word' id='word_1_222' title='bbox 1703 2865 2137 2932; x_wconf 83' lang='lat' dir='ltr'><strong>tribrachiS.</strong></span> 
     </span>
    </p>
   </div>
   <div class='ocr_carea' id='block_1_5' title="bbox 1183 2994 2318 3061">
    <p class='ocr_par' dir='ltr' id='par_1_6' title="bbox 1183 2994 2318 3061">
     <span class='ocr_line' id='line_1_26' title="bbox 1183 2994 2318 3061; baseline 0.001 -12"><span class='ocrx_word' id='word_1_223' title='bbox 1183 3011 1244 3049; x_wconf 83' lang='lat' dir='ltr'><strong>a.</strong></span> <span class='ocrx_word' id='word_1_224' title='bbox 1314 2995 1414 3050; x_wconf 92' lang='lat' dir='ltr'><strong>De</strong></span> <span class='ocrx_word' id='word_1_225' title='bbox 1458 2994 1816 3050; x_wconf 87' lang='lat' dir='ltr'><strong>tribrachis</strong></span> <span class='ocrx_word' id='word_1_226' title='bbox 1861 2994 2062 3061; x_wconf 89' lang='lat' dir='ltr'><strong>primi</strong></span> <span class='ocrx_word' id='word_1_227' title='bbox 2106 2994 2318 3061; x_wconf 88' lang='lat' dir='ltr'><strong>pedis.</strong></span> 
     </span>
    </p>
   </div>
   <div class='ocr_carea' id='block_1_6' title="bbox 962 3143 2543 3209">
    <p class='ocr_par' dir='ltr' id='par_1_7' title="bbox 962 3143 2543 3209">
     <span class='ocr_line' id='line_1_27' title="bbox 962 3143 2543 3209; baseline -0.001 -2"><span class='ocrx_word' id='word_1_228' title='bbox 962 3145 1017 3208; x_wconf 92' lang='lat'><strong>1.</strong></span> <span class='ocrx_word' id='word_1_229' title='bbox 1109 3144 1585 3209; x_wconf 87' lang='lat' dir='ltr'><strong>Tribrachus</strong></span> <span class='ocrx_word' id='word_1_230' title='bbox 1654 3145 2010 3209; x_wconf 89' lang='lat' dir='ltr'><strong>efficitur</strong></span> <span class='ocrx_word' id='word_1_231' title='bbox 2076 3166 2221 3209; x_wconf 91' lang='lat' dir='ltr'><strong>uno</strong></span> <span class='ocrx_word' id='word_1_232' title='bbox 2289 3143 2543 3207; x_wconf 88' lang='lat' dir='ltr'><strong>verb0.</strong></span> 
     </span>
    </p>
   </div>
   <div class='ocr_carea' id='block_1_7' title="bbox 350 3262 3157 4517">
    <p class='ocr_par' dir='ltr' id='par_1_8' title="bbox 350 3262 3151 4309">
     <span class='ocr_line' id='line_1_28' title="bbox 560 3262 3149 3369; baseline 0 -23"><span class='ocrx_word' id='word_1_233' title='bbox 560 3262 641 3346; x_wconf 90' lang='lat' dir='ltr'><strong>A.</strong></span> <span class='ocrx_word' id='word_1_234' title='bbox 719 3282 1107 3369; x_wconf 85' lang='lat' dir='ltr'><strong>Saepissime</strong></span> <span class='ocrx_word' id='word_1_235' title='bbox 1176 3283 1499 3369; x_wconf 90' lang='lat' dir='ltr'><strong>prioribus</strong></span> <span class='ocrx_word' id='word_1_236' title='bbox 1574 3282 1760 3347; x_wconf 87' lang='lat' dir='ltr'><strong>verbi</strong></span> <span class='ocrx_word' id='word_1_237' title='bbox 1821 3282 2089 3347; x_wconf 90' lang='lat' dir='ltr'><strong>alicuius</strong></span> <span class='ocrx_word' id='word_1_238' title='bbox 2161 3282 2427 3367; x_wconf 89' lang='lat' dir='ltr'><strong>syllabis</strong></span> <span class='ocrx_word' id='word_1_239' title='bbox 2490 3284 2873 3346; x_wconf 90' lang='lat' dir='ltr'><strong>continetur.</strong></span> <span class='ocrx_word' id='word_1_240' title='bbox 2980 3281 3149 3346; x_wconf 89' lang='lat' dir='ltr'><strong>hanc</strong></span> 
     </span>
     <span class='ocr_line' id='line_1_29' title="bbox 355 3385 3150 3472; baseline 0 -23"><span class='ocrx_word' id='word_1_241' title='bbox 355 3385 683 3450; x_wconf 88' lang='lat' dir='ltr'><strong>solutionis</strong></span> <span class='ocrx_word' id='word_1_242' title='bbox 746 3386 1018 3451; x_wconf 92' lang='lat' dir='ltr'><strong>formam</strong></span> <span class='ocrx_word' id='word_1_243' title='bbox 1078 3389 1283 3471; x_wconf 90' lang='lat' dir='ltr'><strong>primo</strong></span> <span class='ocrx_word' id='word_1_244' title='bbox 1344 3388 1411 3450; x_wconf 92' lang='lat' dir='ltr'><strong>in</strong></span> <span class='ocrx_word' id='word_1_245' title='bbox 1472 3387 1641 3471; x_wconf 90' lang='lat' dir='ltr'><strong>pede</strong></span> <span class='ocrx_word' id='word_1_246' title='bbox 1706 3409 1852 3451; x_wconf 91' lang='lat' dir='ltr'><strong>cum</strong></span> <span class='ocrx_word' id='word_1_247' title='bbox 1914 3388 2120 3472; x_wconf 89' lang='lat' dir='ltr'><strong>poetis</strong></span> <span class='ocrx_word' id='word_1_248' title='bbox 2189 3388 2452 3469; x_wconf 87' lang='lat' dir='ltr'><strong>tragicis</strong></span> <span class='ocrx_word' id='word_1_249' title='bbox 2521 3397 2660 3450; x_wconf 87' lang='lat' dir='ltr'><strong>tum</strong></span> <span class='ocrx_word' id='word_1_250' title='bbox 2724 3387 3150 3471; x_wconf 89' lang='lat' dir='ltr'><strong>Aristophani</strong></span> 
     </span>
     <span class='ocr_line' id='line_1_30' title="bbox 352 3491 3150 3576; baseline 0 -22"><span class='ocrx_word' id='word_1_251' title='bbox 352 3492 832 3555; x_wconf 90' lang='lat' dir='ltr'><strong>usitatissimam</strong></span> <span class='ocrx_word' id='word_1_252' title='bbox 882 3513 1023 3555; x_wconf 89' lang='lat' dir='ltr'><strong>esse</strong></span> <span class='ocrx_word' id='word_1_253' title='bbox 1070 3491 1529 3575; x_wconf 87' lang='lat' dir='ltr'><strong>pervulgatum</strong></span> <span class='ocrx_word' id='word_1_254' title='bbox 1576 3500 1691 3573; x_wconf 87' lang='lat' dir='ltr'><strong>est,</strong></span> <span class='ocrx_word' id='word_1_255' title='bbox 1738 3491 1829 3554; x_wconf 87' lang='lat' dir='ltr'><strong>ita</strong></span> <span class='ocrx_word' id='word_1_256' title='bbox 1883 3501 1954 3554; x_wconf 91' lang='lat' dir='ltr'><strong>ut</strong></span> <span class='ocrx_word' id='word_1_257' title='bbox 2007 3493 2362 3574; x_wconf 90' lang='lat' dir='ltr'><strong>nonaginta</strong></span> <span class='ocrx_word' id='word_1_258' title='bbox 2406 3492 2600 3572; x_wconf 89' lang='grc'><strong>10008,</strong></span> <span class='ocrx_word' id='word_1_259' title='bbox 2651 3491 2886 3576; x_wconf 91' lang='lat' dir='ltr'><strong>quibus</strong></span> <span class='ocrx_word' id='word_1_260' title='bbox 2945 3514 3021 3554; x_wconf 87' lang='lat' dir='ltr'><strong>ea</strong></span> <span class='ocrx_word' id='word_1_261' title='bbox 3064 3491 3150 3554; x_wconf 91' lang='lat' dir='ltr'><strong>le-</strong></span> 
     </span>
     <span class='ocr_line' id='line_1_31' title="bbox 350 3595 3151 3687; baseline 0 -29"><span class='ocrx_word' id='word_1_262' title='bbox 350 3597 523 3687; x_wconf 85' lang='lat' dir='ltr'><strong>gitur</strong></span> <span class='ocrx_word' id='word_1_263' title='bbox 582 3597 645 3658; x_wconf 92' lang='lat' dir='ltr'><strong>in</strong></span> <span class='ocrx_word' id='word_1_264' title='bbox 706 3595 993 3680; x_wconf 88' lang='lat' dir='ltr'><strong>reliquiis</strong></span> <span class='ocrx_word' id='word_1_265' title='bbox 1040 3604 1378 3680; x_wconf 90' lang='lat' dir='ltr'><strong>poetarum</strong></span> <span class='ocrx_word' id='word_1_266' title='bbox 1439 3596 1694 3660; x_wconf 90' lang='lat' dir='ltr'><strong>mediae</strong></span> <span class='ocrx_word' id='word_1_267' title='bbox 1757 3605 1822 3659; x_wconf 89' lang='lat' dir='ltr'><strong>et</strong></span> <span class='ocrx_word' id='word_1_268' title='bbox 1879 3617 2087 3659; x_wconf 90' lang='lat' dir='ltr'><strong>novae</strong></span> <span class='ocrx_word' id='word_1_269' title='bbox 2145 3595 2536 3675; x_wconf 88' lang='lat' dir='ltr'><strong>comoediae,</strong></span> <span class='ocrx_word' id='word_1_270' title='bbox 2607 3595 2866 3659; x_wconf 88' lang='lat' dir='ltr'><strong>adferre</strong></span> <span class='ocrx_word' id='word_1_271' title='bbox 2931 3617 3151 3681; x_wconf 91' lang='lat' dir='ltr'><strong>super-</strong></span> 
     </span>
     <span class='ocr_line' id='line_1_32' title="bbox 353 3698 3149 3785; baseline -0.001 -21"><span class='ocrx_word' id='word_1_272' title='bbox 353 3700 633 3764; x_wconf 88' lang='lat' dir='ltr'><strong>sedeam.</strong></span> <span class='ocrx_word' id='word_1_273' title='bbox 712 3701 780 3764; x_wconf 89' lang='lat' dir='ltr'><strong>id</strong></span> <span class='ocrx_word' id='word_1_274' title='bbox 826 3722 1027 3764; x_wconf 91' lang='lat' dir='ltr'><strong>unum</strong></span> <span class='ocrx_word' id='word_1_275' title='bbox 1071 3722 1363 3785; x_wconf 89' lang='lat' dir='ltr'><strong>premam</strong></span> <span class='ocrx_word' id='word_1_276' title='bbox 1411 3722 1554 3765; x_wconf 91' lang='lat' dir='ltr'><strong>eam</strong></span> <span class='ocrx_word' id='word_1_277' title='bbox 1601 3701 1831 3784; x_wconf 88' lang='lat' dir='ltr'><strong>legem,</strong></span> <span class='ocrx_word' id='word_1_278' title='bbox 1881 3722 2046 3785; x_wconf 91' lang='lat' dir='ltr'><strong>quae</strong></span> <span class='ocrx_word' id='word_1_279' title='bbox 2093 3721 2450 3784; x_wconf 90' lang='lat' dir='ltr'><strong>numquam</strong></span> <span class='ocrx_word' id='word_1_280' title='bbox 2496 3723 2535 3762; x_wconf 93' lang='lat' dir='ltr'><strong>a</strong></span> <span class='ocrx_word' id='word_1_281' title='bbox 2581 3698 2921 3784; x_wconf 87' lang='lat' dir='ltr'><strong>Sophocle,</strong></span> <span class='ocrx_word' id='word_1_282' title='bbox 2968 3723 3149 3764; x_wconf 89' lang='lat' dir='ltr'><strong>num·</strong></span> 
     </span>
     <span class='ocr_line' id='line_1_33' title="bbox 355 3803 3151 3890; baseline -0 -21"><span class='ocrx_word' id='word_1_283' title='bbox 355 3827 550 3890; x_wconf 87' lang='lat' dir='ltr'><strong>quam</strong></span> <span class='ocrx_word' id='word_1_284' title='bbox 611 3804 694 3868; x_wconf 90' lang='lat' dir='ltr'><strong>ab</strong></span> <span class='ocrx_word' id='word_1_285' title='bbox 751 3804 1066 3890; x_wconf 87' lang='lat' dir='ltr'><strong>Euripide</strong></span> <span class='ocrx_word' id='word_1_286' title='bbox 1127 3807 1250 3869; x_wconf 91' lang='lat' dir='ltr'><strong>nisi</strong></span> <span class='ocrx_word' id='word_1_287' title='bbox 1311 3805 1512 3868; x_wconf 90' lang='lat' dir='ltr'><strong>semel</strong></span> <span class='ocrx_word' id='word_1_288' title='bbox 1572 3806 1638 3868; x_wconf 89' lang='lat' dir='ltr'><strong>in</strong></span> <span class='ocrx_word' id='word_1_289' title='bbox 1700 3805 2014 3869; x_wconf 87' lang='lat' dir='ltr'><strong>adverbio</strong></span> <span class='ocrx_word' id='word_1_290' title='bbox 2076 3805 2359 3887; x_wconf 84' lang='grc' dir='ltr'><em>ὀλιγάκις</em></span> <span class='ocrx_word' id='word_1_291' title='bbox 2417 3803 2715 3889; x_wconf 90' lang='lat' dir='ltr'><strong>neglecta</strong></span> <span class='ocrx_word' id='word_1_292' title='bbox 2777 3814 2890 3886; x_wconf 88' lang='lat' dir='ltr'><strong>est,</strong></span> <span class='ocrx_word' id='word_1_293' title='bbox 2954 3813 3026 3868; x_wconf 93' lang='lat' dir='ltr'><strong>ut</strong></span> <span class='ocrx_word' id='word_1_294' title='bbox 3083 3807 3151 3868; x_wconf 92' lang='lat' dir='ltr'><strong>in</strong></span> 
     </span>
     <span class='ocr_line' id='line_1_34' title="bbox 354 3907 3150 3994; baseline 0.001 -23"><span class='ocrx_word' id='word_1_295' title='bbox 354 3930 517 3972; x_wconf 88' lang='lat' dir='ltr'><strong>voce</strong></span> <span class='ocrx_word' id='word_1_296' title='bbox 573 3908 1063 3994; x_wconf 83' lang='lat' dir='ltr'><strong>quadrisyllaba</strong></span> <span class='ocrx_word' id='word_1_297' title='bbox 1112 3910 1181 3971; x_wconf 84' lang='lat' dir='ltr'><strong>in</strong></span> <span class='ocrx_word' id='word_1_298' title='bbox 1237 3909 1416 3972; x_wconf 90' lang='lat' dir='ltr'><strong>initio</strong></span> <span class='ocrx_word' id='word_1_299' title='bbox 1464 3931 1686 3972; x_wconf 89' lang='lat' dir='ltr'><strong>versus</strong></span> <span class='ocrx_word' id='word_1_300' title='bbox 1740 3910 1948 3993; x_wconf 87' lang='lat' dir='ltr'><strong>posita</strong></span> <span class='ocrx_word' id='word_1_301' title='bbox 2001 3917 2309 3973; x_wconf 89' lang='lat' dir='ltr'><strong>accentus</strong></span> <span class='ocrx_word' id='word_1_302' title='bbox 2365 3910 2501 3973; x_wconf 91' lang='lat' dir='ltr'><strong>eius</strong></span> <span class='ocrx_word' id='word_1_303' title='bbox 2548 3907 2850 3972; x_wconf 89' lang='lat' dir='ltr'><strong>vocabuli</strong></span> <span class='ocrx_word' id='word_1_304' title='bbox 2898 3918 2964 3972; x_wconf 90' lang='lat' dir='ltr'><strong>et</strong></span> <span class='ocrx_word' id='word_1_305' title='bbox 3008 3931 3150 3974; x_wconf 87' lang='lat' dir='ltr'><strong>ver-</strong></span> 
     </span>
     <span class='ocr_line' id='line_1_35' title="bbox 356 4013 3147 4099; baseline 0 -23"><span class='ocrx_word' id='word_1_306' title='bbox 356 4036 464 4077; x_wconf 91' lang='lat' dir='ltr'><strong>sus</strong></span> <span class='ocrx_word' id='word_1_307' title='bbox 521 4014 883 4091; x_wconf 88' lang='lat' dir='ltr'><strong>concidant,</strong></span> <span class='ocrx_word' id='word_1_308' title='bbox 949 4013 1033 4077; x_wconf 87' lang='lat' dir='ltr'><strong>ab</strong></span> <span class='ocrx_word' id='word_1_309' title='bbox 1082 4015 1175 4076; x_wconf 92' lang='lat' dir='ltr'><strong>eis</strong></span> <span class='ocrx_word' id='word_1_310' title='bbox 1222 4034 1476 4097; x_wconf 91' lang='lat' dir='ltr'><strong>quoque</strong></span> <span class='ocrx_word' id='word_1_311' title='bbox 1524 4035 1685 4099; x_wconf 90' lang='lat' dir='ltr'><strong>quos</strong></span> <span class='ocrx_word' id='word_1_312' title='bbox 1732 4022 2084 4077; x_wconf 87' lang='lat' dir='ltr'><strong>tractamus</strong></span> <span class='ocrx_word' id='word_1_313' title='bbox 2139 4014 2346 4097; x_wconf 89' lang='lat' dir='ltr'><strong>poetis</strong></span> <span class='ocrx_word' id='word_1_314' title='bbox 2389 4014 2479 4076; x_wconf 90' lang='lat' dir='ltr'><strong>ita</strong></span> <span class='ocrx_word' id='word_1_315' title='bbox 2524 4034 2663 4076; x_wconf 90' lang='lat' dir='ltr'><strong>esse</strong></span> <span class='ocrx_word' id='word_1_316' title='bbox 2711 4013 3147 4095; x_wconf 88' lang='lat' dir='ltr'><strong>observatam,</strong></span> 
     </span>
     <span class='ocr_line' id='line_1_36' title="bbox 352 4116 3151 4203; baseline -0.001 -21"><span class='ocrx_word' id='word_1_317' title='bbox 352 4128 424 4182; x_wconf 92' lang='lat' dir='ltr'><strong>ut</strong></span> <span class='ocrx_word' id='word_1_318' title='bbox 468 4119 589 4182; x_wconf 91' lang='lat' dir='ltr'><strong>nisi</strong></span> <span class='ocrx_word' id='word_1_319' title='bbox 631 4127 859 4203; x_wconf 90' lang='lat' dir='ltr'><strong>quater</strong></span> <span class='ocrx_word' id='word_1_320' title='bbox 899 4117 980 4182; x_wconf 89' lang='lat' dir='ltr'><strong>ab</strong></span> <span class='ocrx_word' id='word_1_321' title='bbox 1024 4139 1103 4180; x_wconf 90' lang='lat' dir='ltr'><strong>ea</strong></span> <span class='ocrx_word' id='word_1_322' title='bbox 1142 4139 1268 4182; x_wconf 89' lang='lat' dir='ltr'><strong>non</strong></span> <span class='ocrx_word' id='word_1_323' title='bbox 1311 4119 1717 4199; x_wconf 88' lang='lat' dir='ltr'><strong>recesserint,</strong></span> <span class='ocrx_word' id='word_1_324' title='bbox 1752 4117 1896 4181; x_wconf 91' lang='lat' dir='ltr'><strong>dico</strong></span> <span class='ocrx_word' id='word_1_325' title='bbox 1929 4117 2165 4180; x_wconf 89' lang='lat' dir='ltr'><strong>Eubul.</strong></span> <span class='ocrx_word' id='word_1_326' title='bbox 2205 4116 2360 4200; x_wconf 75' lang='grc'><strong>1213</strong></span> <span class='ocrx_word' id='word_1_327' title='bbox 2393 4117 2715 4202; x_wconf 79' lang='grc' dir='ltr'><em>Σικελικά,</em></span> <span class='ocrx_word' id='word_1_328' title='bbox 2757 4117 2950 4182; x_wconf 87' lang='lat' dir='ltr'><strong>Alex.</strong></span> <span class='ocrx_word' id='word_1_329' title='bbox 2989 4117 3151 4200; x_wconf 79' lang='grc'><strong>1123</strong></span> 
     </span>
     <span class='ocr_line' id='line_1_37' title="bbox 352 4219 2600 4309; baseline -0.002 -20"><span class='ocrx_word' id='word_1_330' title='bbox 352 4219 715 4309; x_wconf 74' lang='grc' dir='ltr'><em>θυγατέρες,</em></span> <span class='ocrx_word' id='word_1_331' title='bbox 764 4222 1097 4307; x_wconf 89' lang='lat' dir='ltr'><strong>Posidipp.</strong></span> <span class='ocrx_word' id='word_1_332' title='bbox 1152 4222 1266 4302; x_wconf 75' lang='lat'><strong>112</strong></span> <span class='ocrx_word' id='word_1_333' title='bbox 1314 4221 1656 4308; x_wconf 62' lang='grc' dir='ltr'><em>θυγατέρα,</em></span> <span class='ocrx_word' id='word_1_334' title='bbox 1706 4222 1897 4286; x_wconf 85' lang='lat' dir='ltr'><strong>Alex.</strong></span> <span class='ocrx_word' id='word_1_335' title='bbox 1951 4221 2137 4304; x_wconf 61' lang='lat'><strong>1241,</strong></span> <span class='ocrx_word' id='word_1_336' title='bbox 2186 4222 2600 4308; x_wconf 83' lang='grc' dir='ltr'><em>λογογράφος.</em></span> 
     </span>
    </p>

    <p class='ocr_par' dir='ltr' id='par_1_9' title="bbox 352 4324 3157 4517">
     <span class='ocr_line' id='line_1_38' title="bbox 559 4324 3157 4413; baseline -0.001 -23"><span class='ocrx_word' id='word_1_337' title='bbox 559 4327 635 4391; x_wconf 92' lang='grc' dir='ltr'><strong>Β.</strong></span> <span class='ocrx_word' id='word_1_338' title='bbox 715 4326 1377 4410; x_wconf 89' lang='lat' dir='ltr'><strong>Undequinquaginta</strong></span> <span class='ocrx_word' id='word_1_339' title='bbox 1423 4325 1579 4391; x_wconf 90' lang='lat' dir='ltr'><strong>locis</strong></span> <span class='ocrx_word' id='word_1_340' title='bbox 1628 4326 1996 4390; x_wconf 88' lang='lat' dir='ltr'><strong>tribrachus</strong></span> <span class='ocrx_word' id='word_1_341' title='bbox 2042 4327 2294 4409; x_wconf 90' lang='lat' dir='ltr'><strong>integro</strong></span> <span class='ocrx_word' id='word_1_342' title='bbox 2343 4325 2659 4390; x_wconf 89' lang='lat' dir='ltr'><strong>formatur</strong></span> <span class='ocrx_word' id='word_1_343' title='bbox 2689 4325 2923 4413; x_wconf 85' lang='lat' dir='ltr'><strong>verbo:</strong></span> <span class='ocrx_word' id='word_1_344' title='bbox 2968 4324 3157 4388; x_wconf 90' lang='lat' dir='ltr'><strong>Anti·</strong></span> 
     </span>
     <span class='ocr_line' id='line_1_39' title="bbox 352 4426 3157 4517; baseline 0 -23"><span class='ocrx_word' id='word_1_345' title='bbox 352 4431 548 4517; x_wconf 88' lang='lat' dir='ltr'><strong>phan.</strong></span> <span class='ocrx_word' id='word_1_346' title='bbox 617 4430 737 4513; x_wconf 73' lang='lat'><strong>442</strong></span> <span class='ocrx_word' id='word_1_347' title='bbox 805 4429 1081 4515; x_wconf 81' lang='grc' dir='ltr'><em>γέγονας,</em></span> <span class='ocrx_word' id='word_1_348' title='bbox 1152 4430 1354 4513; x_wconf 78' lang='lat'>*1072</span> <span class='ocrx_word' id='word_1_349' title='bbox 1423 4428 1684 4516; x_wconf 73' lang='grc' dir='ltr'><em>ὀνόματ’</em></span> <span class='ocrx_word' id='word_1_350' title='bbox 1739 4426 1990 4515; x_wconf 74' lang='grc' dir='ltr'><em>ἔχουσα,</em></span> <span class='ocrx_word' id='word_1_351' title='bbox 2013 4429 2059 4516; x_wconf 88' lang='lat'><strong>¹)</strong></span> <span class='ocrx_word' id='word_1_352' title='bbox 2136 4428 2292 4512; x_wconf 75' lang='grc'><strong>1251</strong></span> <span class='ocrx_word' id='word_1_353' title='bbox 2368 4431 2606 4511; x_wconf 68' lang='grc' dir='ltr'><em>ἄτοπα,</em></span> <span class='ocrx_word' id='word_1_354' title='bbox 2676 4430 2836 4512; x_wconf 70' lang='grc'><strong>2286</strong></span> <span class='ocrx_word' id='word_1_355' title='bbox 2908 4426 3157 4514; x_wconf 72' lang='grc' dir='ltr'><em>ἔχομεν,</em></span> 
     </span>
    </p>
   </div>
   <div class='ocr_carea' id='block_1_8' title="bbox 356 4559 650 4566">
    <p class='ocr_par' dir='ltr' id='par_1_10' title="bbox 356 4559 650 4566">
     <span class='ocr_line' id='line_1_40' title="bbox 356 4559 650 4566; baseline 0 501"><span class='ocrx_word' id='word_1_356' title='bbox 356 4559 650 4566; x_wconf 95' lang='lat' dir='ltr'><strong> </strong></span> 
     </span>
    </p>
   </div>
   <div class='ocr_carea' id='block_1_9' title="bbox 564 4605 2464 4672">
    <p class='ocr_par' dir='ltr' id='par_1_11' title="bbox 564 4605 2464 4672">
     <span class='ocr_line' id='line_1_41' title="bbox 564 4605 2464 4672; baseline -0.002 -15"><span class='ocrx_word' id='word_1_357' title='bbox 564 4606 603 4671; x_wconf 90' lang='lat'><strong>¹)</strong></span> <span class='ocrx_word' id='word_1_358' title='bbox 642 4606 789 4672; x_wconf 79' lang='lat' dir='ltr'><strong>siglo</strong></span> <span class='ocrx_word' id='word_1_359' title='bbox 827 4605 852 4634; x_wconf 92' lang='lat'><em>*</em></span> <span class='ocrx_word' id='word_1_360' title='bbox 888 4605 1157 4657; x_wconf 88' lang='lat' dir='ltr'><strong>indicatur</strong></span> <span class='ocrx_word' id='word_1_361' title='bbox 1196 4606 1330 4655; x_wconf 91' lang='lat' dir='ltr'><strong>haec</strong></span> <span class='ocrx_word' id='word_1_362' title='bbox 1366 4607 1530 4656; x_wconf 88' lang='lat' dir='ltr'><strong>verba</strong></span> <span class='ocrx_word' id='word_1_363' title='bbox 1568 4611 1752 4657; x_wconf 88' lang='lat' dir='ltr'><strong>extare</strong></span> <span class='ocrx_word' id='word_1_364' title='bbox 1789 4609 1846 4656; x_wconf 91' lang='lat' dir='ltr'><strong>in</strong></span> <span class='ocrx_word' id='word_1_365' title='bbox 1883 4622 2133 4657; x_wconf 85' lang='lat' dir='ltr'><strong>versuum</strong></span> <span class='ocrx_word' id='word_1_366' title='bbox 2170 4605 2464 4670; x_wconf 87' lang='lat' dir='ltr'><strong>particulis.</strong></span> 
     </span>
    </p>
   </div>
  </div>
 </body>
</html>
