3392 5067
41 0 120 77 μ
163 0 188 24 *⁵
239 0 813 75 w*
817 0 1246 34 nv-vr-q--y-q»
1309 0 1338 32 «ᾳ
1476 0 1480 1 ’
1523 0 1591 16 νε
1636 0 1659 18 ,.‚
1909 0 1964 9 -··-
1993 0 2088 26 w,-
2120 0 2191 14 ψ.
2243 14 2251 24 .

84 38 104 55 ⁴¹
333 51 352 76 ιι,
445 59 456 68 ,
603 31 612 40 “
687 31 758 56 ἰν*
1077 49 1082 56 ,
1298 70 1303 81 ’
1933 60 1941 71 ι
2109 51 2114 60 ι

2230 93 2244 112 X

2888 213 2970 276 89

162 427 447 469 numero
494 403 805 486 adhibuit,
855 403 936 469 cf.
986 427 1093 468 vv.
1143 404 1223 468 37
1247 480 1251 484 .
1274 405 1450 468 modo
1485 415 1949 489 praepotentem
1995 416 2207 468 cernat
2252 427 2524 468 eversam
2569 405 2834 484 domum,
2891 404 2974 469 39

152 511 384 594 paruit
446 508 617 586 liber,
670 508 792 573 139
814 531 909 595 sq.
957 510 1064 594 qui
1100 519 1258 572 ‘nato
1300 532 1409 572 suo
1450 506 1458 593 Ι
1503 508 1830 595 praeferre
1883 511 2087 593 potuit
2141 511 2442 595 sanquine
2496 509 2696 573 alieno
2748 518 2975 589 satum,

167 613 289 677 118
350 625 564 677 armat
617 614 897 697 infirmas
948 636 1199 691 manus,
1262 613 1390 677 212
1443 615 1617 676 cuius
1670 636 1852 699 qener
1904 624 2017 689 est,
2080 615 2189 699 qui
2226 613 2366 700 fuit
2418 613 2629 693 hostis,
2689 613 2818 678 455
2835 635 2974 699 sqq.

162 718 368 781 calcat
426 720 718 781 iacentem
773 717 993 804 vulqus
1036 756 1123 764 —
1166 717 1452 782 invisum·
1486 719 1774 803 opprimit
1829 756 1912 765 —
1945 718 2202 804 ferrum
2254 728 2460 781 tuetur
2506 719 2848 802 principem
2890 756 2975 765 —

163 823 385 885 melius
442 822 618 905 fides,
687 820 813 885 578
841 843 981 907 sqq.
1038 822 1119 886 al.
1181 819 1630 907 ὁμοιοτέλευτα
1690 832 1754 885 et
1811 821 2259 906 ὁμοιόπτωτα,
2330 843 2495 905 quae
2564 823 2631 885 in
2700 821 2977 887 Octavia

164 928 548 1012 saepissime
601 926 860 991 obviam
906 925 1070 990 fiunt
1114 927 1279 990 sicut
1320 927 1386 990 in
1434 925 1723 991 Senecae
1767 925 2022 1008 fabuJis,
2069 948 2308 1010 magna
2354 947 2439 989 ex
2483 933 2667 1010 parte
2713 925 2978 990 fortuita

166 1053 305 1104 esse
352 1031 747 1117 videntur,¹)
795 1029 992 1095 veluti
1037 1053 1100 1095 v.
1136 1031 1171 1093 7
1223 1034 1556 1116 aequoreas
1594 1030 1602 1117 Ι
1645 1079 1658 1093 .
1695 1078 1710 1093 .
1759 1030 2091 1117 Alcyonas,
2145 1030 2219 1093 11
2270 1079 2284 1093 .
2321 1082 2333 1095 .
2377 1031 2647 1093 meorum
2687 1030 2694 1114 Ι
2738 1082 2750 1095 .
2787 1077 2802 1092 .
2847 1053 2977 1092 ma-

167 1136 389 1213 Zo'rum,
440 1135 529 1199 20
570 1187 582 1201 .
618 1135 880 1200 tenebris
921 1138 928 1213 Ι
971 1182 985 1198 .
1020 1137 1218 1220 magis
1256 1135 1265 1219 Ι
1305 1184 1322 1212 ,
1369 1134 1450 1198 21
1501 1183 1515 1197 .
1562 1139 1779 1198 saevae
1818 1133 1932 1222 Ι..
1981 1138 2275 1198 novercae
2314 1136 2322 1213 Ι
2361 1183 2380 1212 ,
2427 1133 2512 1197 23
2561 1182 2574 1197 .
2613 1182 2626 1197 .
2674 1134 2820 1197 meis
2859 1136 2867 1215 Ι
2911 1186 2924 1199 .
2959 1183 2972 1197 .

169 1241 404 1324 Erinys
447 1241 458 1322 Ι
496 1289 516 1319 ,
563 1238 667 1321 57,
716 1239 818 1321 77,
869 1238 972 1321 79,
1021 1240 1123 1321 91,
1180 1238 1304 1303 201
1350 1238 1429 1303 al.
1481 1239 1790 1305 ἰσοκώλου
1838 1247 1901 1301 et
1945 1237 2221 1326 παρίσου
2275 1238 2632 1321 figurarum
2679 1237 2979 1323 exempla

170 1367 305 1410 esse
369 1353 646 1429 possunt
704 1365 816 1410 vv,
863 1343 944 1407 41
967 1364 1059 1428 sq.
1124 1365 1195 1407 en
1254 1346 1362 1429 qui
1414 1343 1747 1407 Britannis
1798 1344 2042 1428 primus
2099 1344 2388 1429 imposuit
2446 1343 2660 1428 iuqum
2709 1341 2717 1427 Ι
2765 1343 2978 1428 iynota

170 1449 355 1511 tantis
424 1447 726 1512 classibus
794 1448 944 1511 teaeit
994 1448 1196 1534 freta,
1267 1446 1350 1511 89
1378 1469 1519 1533 sqq.
1589 1449 1720 1512 odit
1779 1449 2009 1534 qenitos
2066 1448 2369 1532 sanquine
2431 1448 2633 1523 clar-0,
2689 1446 2698 1529 Ι
2747 1448 2978 1531 spernit

171 1574 423 1637 superos
472 1554 850 1637 hominesque
893 1552 1075 1616 simul
1115 1559 1122 1636 Ι
1161 1576 1270 1615 nec
1302 1551 1639 1639 fortunam
1683 1552 1851 1637 capit
1893 1554 2023 1636 ipse
2066 1574 2266 1629 suam,
2311 1550 2394 1615 98
2413 1574 2509 1638 sq.
2552 1553 2748 1615 animi
2783 1551 2978 1616 retine

173 1656 350 1720 verba
386 1658 676 1743 furentis
715 1657 723 1743 Ι
764 1667 983 1720 temere
1033 1656 1315 1720 emissam
1362 1656 1686 1742 comprime
1731 1656 2009 1743 vocem,2)
2054 1656 2184 1720 443
2202 1678 2340 1743 sqq.
2375 1658 2728 1740 eoetinyuere
2758 1656 2978 1720 hostem

173 1761 453 1825 maoeima
525 1772 610 1825 est
675 1761 875 1825 virtus
942 1761 1134 1824 ducis.
1208 1763 1215 1843 Ι
1279 1783 1529 1824 servare
1582 1761 1738 1825 cives
1804 1762 2007 1824 maior
2051 1771 2137 1824 est
2185 1762 2439 1847 patriae
2481 1761 2668 1847 patri
2714 1808 2976 1827 .....

174 1865 291 1929 829
310 1889 410 1952 sq.
473 1867 719 1931 tandem
772 1865 977 1929 dolori
1026 1865 1318 1950 spiritum
1370 1866 1594 1929 reddat
1647 1887 1775 1928 meo
1817 1864 1825 1951 Ι
1865 1866 2141 1951 iramque
2195 1876 2467 1929 nostram
2520 1844 2819 1952 sanquine
2880 1888 2978 1928 οω-

177 1974 425 2055 tinyuat
472 1994 602 2049 suo,
651 1970 778 2035 934
797 1993 889 2055 sq.
937 1980 1094 2033 nata
1125 1970 1478 2056 Agyrippae,
1524 1992 1724 2033 nurus
1767 1969 2052 2056 Auqusti,
2107 1968 2396 2035 Caesaris
2439 1992 2619 2034 uxor.
2690 1972 2979 2056 sequitur

177 2073 653 2161 παρονομασία,
701 2096 868 2160 quae
917 2074 1354 2139 adnominatio
1399 2073 1595 2137 latine
1642 2074 1895 2138 dicitur.
1974 2074 2277 2159 exempla
2331 2076 2468 2138 eius
2516 2083 2690 2139 sunt:
2737 2097 2845 2139 vv.
2893 2073 2979 2138 52

176 2180 353 2243 mittit
399 2180 652 2243 immitis
699 2179 899 2258 dolor,
959 2179 1083 2243 133
1126 2189 1334 2263 captat
1378 2190 1590 2263 caput,
1647 2178 1776 2243 260
1820 2188 2019 2263 nupta
2064 2226 2078 2241 .
2115 2227 2129 2241 .
2179 2179 2409 2264 nupsit,
2467 2178 2594 2243 393
2638 2202 2977 2265 supremus,

178 2286 273 2368 qui
300 2307 578 2369 premas,
626 2282 754 2347 439
799 2284 963 2347 caesi
1006 2331 1019 2345 .
1056 2335 1069 2348 .
1118 2282 1424 2346 abscisum
1468 2294 1673 2369 caput,
1722 2282 1851 2346 459
1897 2284 2076 2346 iussis
2103 2267 2376 2368 pareant
2409 2322 2488 2337 —.
2519 2283 2691 2347 iusta
2722 2285 2978 2369 impera,

179 2390 292 2452 467
314 2412 411 2474 sq.
434 2389 637 2475 favor
667 2436 715 2453 ..
738 2436 753 2451 .
786 2390 893 2474 qui
909 2387 1107 2474 fovet,
1152 2386 1281 2451 536
1325 2388 1605 2471 yenetrioe
1642 2388 1906 2452 detrahit
1943 2388 2159 2473 qeneri
2178 2388 2392 2471 fidem,
2441 2387 2570 2452 600
2594 2410 2686 2473 sq.
2729 2388 2978 2452 reddita

182 2505 257 2556 est
285 2495 522 2558 meritis
548 2542 561 2555 .
582 2541 595 2555 .
618 2541 632 2555 .
658 2514 903 2568 merces,
952 2492 1077 2555 671
1099 2512 1237 2577 sqq.
1271 2492 1445 2555 cessit
1470 2539 1485 2555 .
1508 2540 1557 2557 ..
1592 2502 1803 2572 cessat,
1853 2491 1979 2555 889
2011 2503 2211 2557 temere
2241 2515 2389 2555 suae
2420 2516 2524 2556 nec
2555 2503 2713 2556 tecta
2744 2493 2976 2556 domus.

181 2598 429 2685 λιτότης
463 2606 643 2660 extat
673 2598 739 2660 in
771 2620 834 2661 v.
872 2595 995 2660 105
1041 2596 1173 2659 luce
1216 2619 1341 2660 non
1384 2606 1574 2683 qrata
1607 2597 1828 2682 fruor,
1873 2597 2021 2680 439,
2069 2596 2196 2660 805
2241 2598 2412 2661 iussa
2457 2597 2627 2660 haud
2671 2597 2976 2662 morabor.

181 2724 293 2766 nec
348 2702 587 2766 desunt
641 2701 912 2765 aliarum
973 2700 1195 2765 similis
1248 2702 1504 2785 generis
1559 2701 1913 2785 figurarum
1968 2701 2287 2786 exempla,
2346 2701 2525 2765 velut
2566 2701 2911 2787 ζεύγματος
2925 2702 2977 2787 3)

181 2832 281 2873 vv.
329 2808 455 2873 291
479 2829 617 2894 sqq.
671 2828 821 2870 vera
857 2808 1146 2892 priorum
1189 2808 1386 2869 virtus
1429 2806 1736 2891 quondam
1779 2805 1789 2890 Ι
1829 2806 2120 2869 Romana
2160 2805 2300 2892 fuit
2353 2829 2676 2890 verumque
2729 2829 2919 2891 yenus
2963 2802 2976 2889 Ι

184 2914 405 2977 Martis
460 2915 525 2975 in
578 2911 708 2975 illis
760 2911 1133 2995 sanquisque
1187 2910 1357 2987 viris,
1420 2909 1547 2974 629
1569 2932 1661 2994 sq.
1723 2911 1916 2974 veniet
1971 2911 2100 2973 dies
2155 2921 2528 2996 tempusque,
2585 2932 2702 2996 quo
2728 2983 2735 2988 ,
2757 2912 2980 2975 reddat

184 3018 299 3080 suis
338 3017 348 3104 Ι
389 3017 671 3079 animam
715 3025 1021 3079 nocentem
1061 3013 1407 3092 sceleribus,
1450 3014 1733 3100 iuqulum
1775 3014 2059 3094 hostibus,
2107 3016 2503 3103 συλλήψεως,
2537 3016 2618 3079 cf.
2645 3037 2753 3080 vv,
2784 3015 2866 3079 32
2884 3038 2975 3101 sq.

185 3122 357 3184 servit
400 3122 624 3184 domus
670 3130 876 3205 capta,
925 3120 1046 3184 317
1084 3118 1306 3206 fertur
1348 3120 1418 3182 in
1464 3119 1663 3182 altum
1695 3130 1992 3205 provecta
2036 3121 2285 3203 ratis,4)
2343 3120 2468 3183 699
2487 3142 2580 3206 sq.
2628 3121 2784 3183 vidit
2829 3131 2980 3183 atto-

188 3227 340 3288 nitus
403 3236 579 3288 tuam
619 3225 627 3309 Ι
653 3224 936 3312 formam
987 3235 1255 3287 senatus.
1348 3245 1475 3309 qua
1532 3246 1679 3287 cum
1735 3225 1945 3308 figura
2000 3246 2196 3309 saepe
2249 3226 2576 3312 πρόληψις
2637 3226 2981 3289 coniuncta

190 3338 302 3410 est,
350 3330 435 3394 cf.
477 3352 585 3393 vv.
620 3328 746 3393 269
781 3329 1075 3414 prodidit
1121 3328 1365 3413 lapsam
1410 3329 1675 3408 domum,
1723 3327 1851 3393 565
1898 3328 2176 3415 brevique
2222 3328 2381 3393 vires
2419 3330 2628 3413 perdit
2673 3330 2981 3393 eoetinctus

389 3646 431 3712 ¹)
470 3645 607 3696 Sunt
651 3645 1099 3709 homoeoteleuta,
1138 3660 1275 3712 quae
1314 3647 1369 3694 in
1414 3644 1600 3696 κώλων
1636 3645 1833 3696 finibus
1869 3646 2176 3697 audiuntur.
2224 3648 2385 3695 etiam
2423 3648 2479 3695 in
2517 3646 2739 3696 senariis
2775 3644 2980 3694 ultimis

194 3731 270 3780 hic
310 3734 424 3783 illic
469 3732 603 3783 talia
645 3734 1010 3796 inveniuntur,
1056 3733 1120 3783 cf.
1161 3734 1260 3783 257
1282 3749 1359 3798 sq.
1396 3732 1593 3799 domus,
1644 3733 1832 3793 Venus,
1877 3735 1978 3784 406
1997 3750 2074 3798 sq.
2121 3736 2304 3793 mimis,
2344 3733 2519 3798 genus,
2564 3734 2665 3781 410
2691 3748 2770 3796 sq.
2811 3731 2980 3797 gravi,

197 3819 293 3880 levi,
335 3823 437 3871 424
457 3838 531 3885 sq.
578 3823 775 3881 manus,
821 3819 985 3883 decus,
1031 3823 1130 3871 627
1144 3837 1219 3886 sq.
1260 3821 1455 3893 petant,
1478 3822 1680 3885 ferant.
1745 3821 1838 3881 sed
1883 3837 2059 3886 neque
2096 3821 2304 3872 Seneca
2348 3820 2437 3885 (cf.
2476 3820 2764 3870 Smithium
2801 3836 2848 3884 p.
2889 3818 2978 3884 95)

197 3921 354 3971 neque
392 3908 649 3959 Octaviae
686 3910 911 3974 scriptor
948 3908 1013 3958 de
1049 3909 1227 3958 verbis
1263 3911 1320 3958 in
1356 3923 1605 3959 versuum
1645 3908 1901 3958 clausulis
1938 3908 2198 3974 ponendis
2238 3924 2417 3958 curam
2455 3907 2716 3968 adhibuit,
2752 3907 2818 3957 cf.
2859 3906 2976 3957 Oct.

200 3994 285 4042 734
300 4011 372 4061 sq.
419 3994 583 4055 timor,
617 3994 818 4056 tremo'r,
855 3994 1031 4060 timo'r3
1074 4013 1159 4046 vv.
1202 3998 1316 4059 716,
1357 3997 1474 4059 718,
1514 3997 1630 4057 722,
1670 3998 1788 4059 727,
1828 3997 1944 4058 729,
1985 3998 2084 4045 730
2129 3997 2186 4044 in
2231 3996 2560 4060 pronominis
2604 4010 2740 4044 meas
2785 3994 2979 4043 formas

199 4087 397 4144 exeunt,
434 4084 535 4132 829
560 4099 637 4148 sq.
674 4080 794 4143 meo',
830 4082 935 4132 sud.
2043 4070 2049 4085 ’

386 4169 427 4235 ²)
466 4169 662 4235 Aptum
708 4168 1011 4234 exemplum
1056 4169 1311 4235 praebere
1355 4170 1606 4219 videntur
1649 4186 1736 4219 vv.
1788 4171 1885 4218 164
1912 4185 2024 4234 sqq.
2076 4171 2271 4219 miscuit
2314 4172 2537 4219 coniunx
2589 4172 2702 4220 viro
2741 4169 2750 4234 Ι
2788 4185 2982 4219 venena

199 4270 349 4318 saeva,
383 4255 556 4306 cecidit
593 4262 741 4319 atque
776 4254 950 4305 eadem
984 4258 1067 4305 sui
1098 4255 1106 4321 Ι
1137 4274 1253 4306 mox
1288 4256 1469 4306 scelere
1502 4259 1626 4305 nati.

385 4341 430 4406 ³)
469 4341 549 4392 Cf.
589 4341 877 4393 Smithium
914 4360 965 4407 p.
1002 4345 1086 4392 99.

384 4429 428 4494 ⁴)
466 4426 638 4477 Smith
684 4443 749 4478 ex
798 4428 1026 4479 Octavia
1070 4429 1271 4494 profert
1322 4429 1423 4479 hoc
1476 4428 1792 4496 συλλήψεως
1845 4430 2176 4495 exemplumt
2232 4447 2282 4480 v,
2322 4433 2422 4480 439
2469 4430 2661 4495 referat
2706 4431 2981 4480 abscissum

203 4521 345 4575 caput,
389 4515 483 4565 sed
520 4516 767 4565 abscisum
803 4532 911 4566 non
948 4519 1220 4567 abscissum
1266 4516 1603 4567 scribendum
1650 4531 1766 4566 esse
1813 4531 1879 4565 ex
1915 4518 2078 4566 verbo
2124 4517 2467 4568 antecedenti
2511 4520 2642 4567 caesi
2677 4522 2851 4582 patet3
2900 4523 2980 4567 est

208 4601 325 4650 enim
361 4602 762 4671 παρονομασία.
