3392 5067
220 220 285 283 222

219 410 370 496 Xenoph.
394 411 466 495 2,5
494 411 558 478 εἴτε
581 416 619 477 τδ
642 413 746 479 δεινδν
768 412 897 493 ἄεθλον,
930 411 949 478 ὃ
979 416 1176 498 παγκράτιον
1204 410 1371 478 καλέουσιν
1401 411 1489 477 idem
1519 414 1611 496 signi-

218 516 297 579 ficat
319 524 415 601 atque
438 516 567 597 ἄεθλος,
593 538 690 602 quam
705 517 772 580 vim
794 516 883 580 idem
905 515 1143 580 substantivum
1167 516 1256 601 apud
1278 515 1459 581 Hesiodum
1475 516 1536 603 Op.
1550 517 1613 580 654

219 618 359 704 habet,¹)
390 642 568 705 numquam
591 621 676 706 apud
708 621 904 702 Homerum3
943 619 985 684 cf.
1010 620 1115 685 Lehrs
1142 619 1162 686 l.
1187 644 1214 685 c.
1239 644 1270 707 p.
1296 620 1357 684 149
1380 622 1489 686 adnot.
1514 631 1547 685 et
1567 622 1611 685 M.

219 724 328 790 Hecht
344 726 377 788 in
393 723 485 806 libro,
502 743 598 809 quem
615 726 779 811 inscripsit
794 726 868 788 ‘Die
884 723 1086 808 griechische
1101 724 1410 808 Bedeutungslehre'
1434 748 1466 811 p.
1486 724 1555 789 135.
1571 764 1613 771 -

220 827 373 916 ἀείρειν.
419 827 480 891 hoc
503 828 642 892 verbum
669 827 830 891 Homerus
860 849 990 912 semper
1012 826 1053 890 de
1076 827 1184 909 rebus,
1212 851 1296 914 quae
1319 828 1467 894 sensibus
1490 830 1613 915 percipi

219 942 364 1018 possunt,
380 940 530 1015 usurpat:
546 930 691 1014 Theogn.
705 930 747 995 90
761 938 865 1010 νεῖκος
879 934 1065 1017 ἀειράμενος
1079 932 1233 997 translate
1249 931 1371 997 dictum
1387 941 1445 996 est.
1469 971 1510 980 —
1533 938 1613 1019 ἀερ-

218 1040 282 1122 γός
305 1036 445 1123 (ἀργός)
469 1045 502 1098 et
516 1034 604 1121 apud
620 1036 798 1099 Homerum
815 1045 847 1099 et
869 1035 956 1122 apud
973 1035 1196 1120 Theognidem
1215 1035 1296 1099 1177
1320 1038 1495 1124 respondet
1515 1037 1614 1102 latino

220 1141 359 1225 ‘segnis'‚
382 1139 528 1223 Theogn.
544 1138 609 1203 583
622 1161 668 1224 sq.
685 1140 765 1205 ἀλλὰ
788 1146 828 1206 τὰ
850 1142 909 1225 μὲν
924 1138 1132 1227 προβέβηκεν,
1152 1144 1313 1229 ἀμήχανόν
1342 1143 1413 1207 ἐστι
1442 1138 1591 1226 γενέσθαι
1607 1142 1611 1227 1

219 1247 315 1331 ἀεργᾶ
330 1246 364 1307 vi
379 1246 510 1331 passiva
530 1246 722 1308 instructum
739 1253 796 1308 est.
821 1282 862 1293 -
885 1239 1025 1333 Ἀίδης,
1049 1244 1135 1330 quod
1158 1248 1192 1309 in
1214 1246 1445 1332 antiquissimis
1468 1248 1612 1310 carmini-

219 1350 281 1415 bus
297 1351 397 1435 epicis
413 1372 541 1435 semper
557 1350 599 1414 ad
616 1349 712 1413 deum
736 1351 843 1434 ipsum
859 1350 1006 1427 refertur,
1032 1351 1064 1413 in
1080 1350 1199 1434 elegeis
1222 1350 1376 1415 modoad
1399 1350 1496 1414 deum
1519 1350 1614 1413 modo

220 1454 327 1540 (Tyrt.
353 1453 403 1536 12,
421 1453 461 1517 38
485 1463 518 1518 et
540 1453 700 1532 Mimn2,
719 1455 759 1517 14
780 1454 827 1532 εἰς
849 1448 974 1541 Ἀίδην;
1005 1454 1046 1520 cf.
1072 1454 1182 1539 hymn.
1206 1454 1307 1518 Mero.
1331 1454 1410 1542 572)
1433 1455 1475 1519 ad
1498 1454 1614 1536 locum,

220 1581 317 1645 quem
338 1558 392 1623 ille
415 1557 534 1640 incolit,
559 1566 699 1643 spectat;
724 1557 765 1620 cf.
782 1579 813 1642 p.
832 1557 903 1621 159,
927 1588 970 1604 ’-
993 1559 1124 1637 αἰόλος
1147 1558 1210 1623 Sol.
1229 1558 1312 1638 11,7
1336 1560 1383 1638 είς
1404 1555 1484 1638 ἔπος
1504 1559 1616 1625 αἰόλον

220 1664 279 1748 (so.
295 1662 402 1749 δρᾶτε)
419 1665 559 1747 primum
573 1661 728 1726 translate
744 1660 932 1741 adhibetur3
950 1660 989 1726 cf.
1002 1661 1097 1727 Pind.
1111 1662 1203 1726 Nem.
1221 1662 1304 1727 VIII
1319 1662 1361 1728 25
1377 1664 1474 1751 αἰόλην
1491 1664 1613 1750 ψεύδει.

221 1805 261 1815 -
284 1768 410 1856 αἰχμή.
434 1766 526 1852 Tyrt.
552 1764 602 1847 12,
619 1765 660 1829 36
683 1765 793 1830 verbis
816 1767 932 1853 αἰχμῆς
954 1766 1072 1850 ἀγλαὸν
1093 1764 1183 1848 εδχος
1205 1766 1280 1831 belli
1304 1767 1375 1831 iaus
1399 1766 1616 1851 significatum

220 1872 261 1937 cf.
285 1872 380 1936 Pind.
404 1871 501 1956 Pyth.
525 1871 542 1934 I
562 1870 603 1933 66
626 1868 738 1949 κλέος.
756 1920 764 1935 .
782 1921 789 1935 .
807 1871 931 1955 αἰχμᾶς.
972 1908 1012 1917 -
1046 1871 1255 1956 ἀκρόπολις
1278 1871 1358 1958 (K).
1382 1871 1527 1955 Theogn.
1551 1870 1615 1934 233

219 1977 323 2042 verba
338 1976 514 2062 ἀκρόπολις
529 1974 583 2040 καί
605 1977 723 2059 πύργος
745 1976 777 2038 in
795 1974 931 2039 eandem
955 1976 1146 2039 sententiam
1170 1975 1258 2039 dicta
1281 1985 1365 2057 sunt,
1389 1997 1487 2060 quam
1509 1976 1528 2040 λ
1550 1975 1616 2040 556

220 2086 339 2165 πύργος
361 2079 474 2160 habet;
500 2078 540 2143 cf.
566 2076 644 2142 Call.
672 2080 699 2159 1,
721 2078 763 2143 20
786 2081 895 2163 ὥσπερ
918 2082 976 2165 γάρ
998 2103 1054 2162 μιν
1075 2080 1241 2164 πύργον..
1260 2080 1409 2166 ,δρῶσιν
1434 2118 1476 2125 -
1503 2080 1617 2166 ἄκρος

221 2186 309 2272 apud
337 2185 515 2249 Homerum
541 2183 662 2267 ubique
685 2183 727 2246 ad
754 2205 806 2247 res
836 2193 1004 2247 concretas
1030 2182 1179 2264 refertur,
1207 2204 1271 2247 non
1298 2185 1375 2247 item
1398 2184 1486 2268 apud
1513 2182 1617 2247 Theo-

220 2290 351 2375 gnidcm
381 2289 446 2353 594
474 2285 564 2367 τέλος
593 2290 699 2373 ἄκρον,
730 2288 794 2352 620
824 2288 920 2375 ἄκρην
936 2336 943 2351 .
960 2337 968 2352 .
986 2339 993 2352 .
1009 2285 1134 2374 πενίης,
1165 2288 1256 2372 Tyrt.
1283 2288 1332 2367 12,
1355 2288 1399 2351 43
1430 2291 1541 2375 ἀρετῆς
1568 2287 1619 2366 εἰς

220 2397 317 2482 ἄκρον
333 2389 475 2474 ἱκέσθαι,
500 2414 638 2478 quocum
654 2392 725 2456 loco
742 2391 890 2456 conferas
907 2393 985 2457 Hes.
1003 2391 1065 2477 Op.
1082 2391 1145 2455 289
1162 2412 1231 2477 sqq.
1247 2402 1303 2478 της
1317 2388 1348 2457 δ’
1363 2395 1475 2480 ἀρετῆς
1497 2386 1618 2476 ἱδρῶτα

221 2497 297 2565 θεοί
319 2502 547 2586 προπάροιθεν
569 2493 690 2584 έθηκαν
709 2496 714 2581 1
734 2499 913 2561 ἀθάνατοι·
941 2499 1059 2581 μακρὸς
1081 2496 1116 2562 δὲ
1138 2494 1193 2562 καί
1215 2496 1330 2581 ἄρθιος
1351 2488 1444 2580 οἶμος
1465 2498 1498 2574 ές
1520 2498 1620 2583 αὐτην

223 2602 296 2688 [καὶ
310 2609 423 2691 τρηχὺς
437 2606 474 2667 τὸ
490 2610 636 2687 πρῶτον·
659 2602 739 2687 ἐπὴν
754 2595 784 2666 δ’
799 2604 845 2679 εἰς
861 2599 956 2688 ἄκρον
970 2600 1088 2688 ἵκηται,
1105 2651 1113 2666 .
1130 2650 1138 2665 .
1155 2651 1162 2666 .
1181 2638 1222 2647 -
1242 2604 1446 2685 ἀναγκαῖος
1469 2600 1618 2683 Theogn.

220 2706 283 2771 297
301 2728 347 2793 sq.
371 2704 525 2794 ἀναγκαίη
549 2702 734 2789 δ’έπίμιξις
760 2709 764 2789 Ι
791 2706 906 2792 ἀνδρὸς
927 2707 1073 2771 τοιούτου
1100 2716 1133 2769 et
1161 2705 1240 2769 ibid.
1263 2705 1327 2768 472
1353 2711 1419 2769 πᾶν
1441 2708 1498 2790 γὰρ
1521 2707 1621 2787 ἀναγ-

221 2817 312 2878 καῖον
334 2806 426 2900 χρῆμ’
441 2814 569 2898 ἀνιηρὸν
591 2804 650 2897 tau
671 2812 737 2873 vim
761 2810 958 2893 singularem
979 2808 1093 2887 habet3
1121 2808 1186 2873 illic
1210 2811 1296 2875 enim
1319 2809 1359 2873 de
1383 2807 1621 2873 consuetudine

222 2914 357 2981 molesta
380 2925 413 2979 et
435 2915 575 2996 obtrusa,
607 2914 660 2979 hio
683 2913 723 2977 de
746 2935 791 2996 re,
823 2914 867 2978 ad
889 2935 987 2998 quam
1009 2915 1080 2998 quis
1108 2922 1239 2979 coactus
1262 2913 1460 2998 adgreditur,
1492 2912 1622 2976 dictum

222 3028 280 3083 est.
315 3057 357 3067 -
391 3022 653 3106 ἀναιρεῖσθαι,
678 3019 704 3081 si
727 3019 757 3082 ei
779 3020 863 3083 inest
885 3020 971 3083 notio
994 3018 1218 3101 interficiendi,
1242 3028 1274 3081 et
1296 3018 1339 3082 ab
1362 3017 1496 3081 Homeri
1519 3025 1552 3080 et
1574 3016 1621 3079 ab

222 3123 358 3188 Hesiodi
381 3121 579 3187 carminibus
602 3121 742 3186 alienum
765 3131 823 3198 est,
846 3145 911 3186 non
933 3123 1011 3187 item
1027 3122 1069 3187 ab
1093 3121 1223 3207 elegeis,
1246 3122 1333 3207 quod
1356 3144 1398 3185 ex
1420 3120 1624 3204 Theognidis

222 3252 252 3293 v.
269 3228 353 3292 1126
368 3227 515 3311 adparet,
532 3227 586 3311 qui
602 3236 664 3290 est:
689 3225 724 3305 ὃς
740 3226 777 3313 δη
792 3225 847 3292 καί
869 3234 1048 3314 μνηστῆρας
1067 3224 1207 3292 ἀνείλετο
1230 3225 1314 3316 νηλέι
1330 3231 1436 3313 θυμῷ.
1458 3264 1500 3271 -
1523 3228 1624 3291 ἀπο-

223 3334 242 3399 δ
248 3333 285 3398 ιδ
290 3336 445 3419 ράσκειν
467 3330 612 3415 Theogn.
630 3330 692 3393 927
708 3336 749 3396 τὰ
764 3333 909 3417 χρήματα
925 3326 1020 3395 πάντ’
1035 3328 1195 3417 ἀποδραίη
1211 3352 1307 3395 sensu
1323 3330 1477 3395 translato
1493 3330 1625 3393 dictum

223 3445 280 3518 est,
305 3438 360 3522 qui
375 3458 451 3500 usus
467 3435 509 3500 ab
526 3435 660 3500 Homeri
677 3435 875 3499 carminibus
898 3435 1000 3500 abest.
1025 3474 1068 3481 —
1089 3436 1283 3523 ἄπρηκτος
1304 3434 1448 3518 Theogn.
1475 3433 1560 3498 1075
1569 3455 1622 3519 sq.

221 3543 406 3630 πρήγματος
428 3531 591 3627 ἄπρηκτον
611 3540 840 3622 χαλεπώτατόν
862 3534 932 3604 ἐστι
947 3540 1093 3626 τελεοτην
1113 3540 1117 3604 Ι
1136 3548 1262 3623 γνῶναι,
1286 3541 1376 3619 ἄπιος
1390 3537 1498 3625 μέλλει
1520 3548 1624 3605 τοῦτο

221 3648 301 3724 θεὸς
322 3644 450 3712 τελέσαι
474 3644 632 3709 ‘infectus'
657 3644 827 3729 significat,
851 3666 917 3707 non
939 3652 974 3706 ut
997 3644 1128 3729 reliquis
1150 3645 1228 3709 locis
1250 3643 1450 3730 Theognidis
1474 3653 1507 3707 et
1528 3643 1625 3729 apud

221 3751 401 3815 Homerum
424 3748 524 3835 ‘quod
547 3749 618 3813 fieri
639 3748 775 3834 nequit'.
807 3787 850 3796 —
880 3750 1041 3837 ἄρμενος
1063 3750 1151 3835 apud
1173 3750 1353 3814 Homerum
1376 3759 1409 3814 et
1430 3751 1464 3813 in
1486 3748 1625 3833 hymnis

223 3876 349 3939 semper
376 3854 463 3918 idem
486 3864 535 3917 est
562 3852 648 3938 quod
671 3852 816 3940 ἁρμόζων
845 3851 888 3938 (Σ
908 3853 982 3938 600,
1009 3878 1024 3918 ε
1047 3854 1121 3936 234,
1149 3854 1259 3939 hymn.
1283 3853 1384 3919 Mero.
1410 3854 1473 3917 110
1500 3851 1627 3938 legitur

222 3960 356 4046 ἄρμενον
378 3959 412 4023 ἒν
433 3958 618 4046 παλάμῃσιν
642 3960 689 4043 (ἐν
711 3959 869 4047 παλάμῃ),
891 3982 907 4023 ε
931 3958 995 4023 264
1016 3957 1161 4046 ἐπίκριον
1188 3961 1323 4047 ἄρμενον
1348 3958 1466 4047 αὐτῷ);
1505 3966 1627 4022 contra

328 4256 348 4320 ¹)
367 4256 409 4305 En
428 4255 511 4304 hahes
529 4254 617 4305 locum
638 4260 723 4305 totum
744 4256 805 4320 (654
818 4257 900 4321 sqq.):
931 4252 1000 4307 ἔνθα
1019 4253 1045 4305 δ’
1058 4254 1129 4322 ἐγὼν
1148 4253 1189 4306 ἐπ’
1203 4256 1289 4307 ἄεθλα
1308 4254 1461 4325 δαΐφρονος
1478 4253 1629 4324 Ἀμφιδά-

222 4360 327 4409 μαντος
342 4343 345 4408 Ι
362 4341 488 4393 Χαλκίδα
506 4338 530 4391 τ’
543 4343 718 4411 είοεπέρησα·
737 4346 770 4393 τὰ
789 4342 819 4393 δέ
839 4341 1078 4411 προπεφραδμένα
1096 4344 1183 4394 πολλὰ
1199 4344 1204 4409 Ι
1220 4336 1283 4394 ἄεθλ’
1295 4342 1397 4396 ἔθεσαν
1415 4343 1511 4400 παῖδες
1527 4360 1629 4412 μεγα-

222 4430 339 4498 λήτορες.
376 4430 446 4479 undo
465 4429 568 4480 ἄεθλον
586 4431 626 4479 bis
650 4432 766 4495 positum
789 4432 817 4479 in
842 4431 936 4480 eodem
959 4432 1099 4480 enuntiato
1117 4433 1191 4481 vario
1215 4447 1295 4482 sensu
1317 4434 1478 4484 instructum
1497 4449 1559 4484 esse
1579 4434 1630 4483 ad·

223 4525 305 4583 paret.
347 4523 465 4567 ceterum
489 4522 560 4567 errat
582 4517 733 4581 Buchholz,
761 4535 821 4568 cum
845 4519 879 4568 ad
903 4519 1076 4584 Xenophanis
1098 4519 1187 4568 locum
1211 4520 1322 4569 adnotat
1348 4526 1412 4571 ante
1435 4521 1508 4571 hunc
1530 4508 1632 4572 Ιἆθλον

223 4619 371 4669 numquam
388 4621 436 4669 pro
455 4596 540 4660 ἆθλος
558 4605 623 4669 dici3
642 4620 704 4655 nam
722 4606 834 4656 Hesiodi
853 4612 881 4655 et
898 4606 1052 4656 Mimnermi
1070 4606 1123 4656 loci
1142 4622 1204 4657 eum
1222 4606 1358 4672 fugerunt.
