3392 5067
1516 260 1556 327 13

159 464 282 542 autom,
311 460 429 545 quibus
458 461 648 546 comprobet
675 465 869 528 sententiam
895 463 993 549 illam,
1021 461 1103 527 haec
1118 457 1267 546 profert:
1301 457 1442 543 primum
1464 455 1559 520 Octa·

159 566 246 629 viam
261 564 369 650 aliquo
393 575 468 630 ante
484 567 634 632 Boetium
657 578 802 654 tempore
826 570 972 633 extitisse
989 590 1032 631 ex
1052 588 1088 630 re
1103 567 1238 634 metrica
1259 561 1429 651 probabile
1444 560 1559 640 videri,

160 667 279 733 deinde
301 692 380 735 vero
403 680 478 735 ante
493 672 666 756 Frontonis
689 671 877 759 (100-175
892 695 925 758 p.
946 671 1021 759 Oh.)
1044 679 1185 736 aetatem
1206 691 1272 735 non
1295 668 1438 753 potuisse
1461 664 1560 730 scribi

159 783 192 838 et
214 783 347 859 propter
370 796 418 855 ea,
443 796 525 860 quae
549 778 659 841 Braun
682 788 714 841 et
730 777 833 841 Vater
855 776 1058 863 protulerint,
1083 785 1116 839 et
1137 783 1271 861 propter
1291 774 1432 839 rationes
1454 769 1560 833 metri·

160 900 230 960 cas,
259 900 302 941 ex
330 879 446 964 quibus
473 880 832 966 adpareatOctaviam
858 892 932 968 post
948 867 1135 945 ‘Herculem
1163 877 1323 943 Oetaeum
1351 875 1560 960 compositam

159 1004 239 1047 esse.
272 983 318 1047 ‘ut
339 1006 418 1048 vero
440 984 644 1071 accuratius’,
672 986 717 1051 ita
743 988 851 1071 pergit
877 984 930 1051 ille
953 1009 984 1072 p.
1005 985 1101 1067 XIII,
1126 982 1295 1048 ‘Octaviae
1321 990 1460 1046 aetatem
1483 977 1560 1042 defi-

158 1088 296 1169 niamus,
319 1110 396 1153 nea
411 1110 489 1153 vero
512 1091 607 1154 nimis
629 1090 725 1174 longe
749 1090 936 1155 aberremus
959 1112 1024 1154 non
1047 1111 1207 1169 ueremur,
1231 1088 1257 1150 si
1280 1088 1352 1171 pari
1373 1085 1442 1149 fere
1464 1085 1561 1148 inter·

159 1190 245 1256 vallo
269 1193 337 1256 eius
359 1201 524 1277 auctorem
548 1197 729 1258 seiunctum
753 1218 824 1280 osse
847 1195 987 1259 dicimus
1009 1218 1029 1259 a
1043 1194 1216 1258 Frontonis
1239 1202 1272 1256 et
1293 1192 1399 1255 Boetii
1421 1187 1560 1253 saeculo,

159 1317 268 1360 rerum
291 1298 377 1361 enim
400 1298 433 1361 in
456 1296 518 1363 hac
540 1299 709 1383 tragoedia
731 1308 1020 1365 tractatarum...
1042 1298 1113 1364 fons
1137 1308 1186 1362 est
1214 1296 1386 1383 primarius
1416 1294 1562 1376 Tacitus,

160 1402 251 1463 cuius
267 1400 375 1465 studia
397 1412 569 1488 postquam
592 1403 648 1467 diu
663 1405 793 1469 iacuere
816 1405 1008 1467 resuscitata
1030 1425 1101 1467 esse
1125 1411 1239 1487 quarto
1263 1398 1393 1464 saeculo
1416 1406 1559 1475 auctore,

159 1513 195 1567 ut
218 1504 357 1583 videtur,
382 1506 498 1572 Tacito
527 1505 667 1572 Caesare
683 1507 856 1594 Vopiscus,
872 1508 1104 1592 Hieronymus,
1129 1506 1262 1571 Orosius
1285 1513 1454 1567 testantur,
1483 1488 1561 1586 quid

160 1610 259 1692 igitur
281 1609 425 1695 impedit,
451 1612 623 1696 quominus
650 1611 712 1675 hoe
739 1614 809 1697 ipso
838 1611 967 1676 saeculo
991 1609 1164 1675 Octaviam
1191 1610 1346 1695 scriptam
1369 1628 1440 1671 esse
1467 1606 1561 1671 nobis

160 1713 440 1798 persuadeamus?
496 1716 603 1780 eidem
637 1737 714 1780 vero
748 1716 877 1780 saeculo
911 1714 1053 1800 volgaris
1087 1715 1284 1778 recensionis
1318 1713 1474 1795 originem
1509 1710 1561 1774 de-

161 1817 231 1881 beri
254 1817 458 1884 arbitramur.
483 1870 489 1883 .
512 1870 518 1883 .
542 1871 548 1883 .
588 1820 703 1905 quodsi
726 1819 865 1884 Octavia
887 1818 995 1905 paullo
1018 1829 1093 1883 ante
1117 1818 1315 1882 recensionis
1338 1816 1479 1901 volgaris
1503 1818 1562 1880 ori-

161 1924 269 2004 ginem
294 1925 471 2007 composita
494 1932 552 2005 011,
580 1924 692 2009 quidni
719 1924 808 1989 illam
830 1923 873 1987 ab
901 1926 991 1989 initio
1014 1945 1089 1988 cum
1110 1923 1173 1987 hac
1197 1920 1355 1986 coaluisse
1378 1919 1561 2005 putemus?

161 2026 296 2091 Richter
318 2029 417 2110 igitur
439 2040 476 2092 ut
499 2029 610 2093 Braun
634 2039 745 2094 censet
769 2028 929 2093 Octaviae
953 2030 1154 2113 scriptorem,
1178 2026 1251 2089 dico
1274 2027 1438 2090 hominem
1460 2024 1561 2107 illum,

162 2132 217 2214 qui
239 2154 305 2195 100.
324 2132 354 2193 A
378 2116 528 2217 confecit,
554 2134 698 2198 consulto
721 2142 757 2196 ut
780 2132 930 2198 fraudem
952 2133 1084 2215 faceret,
1107 2131 1192 2196 hano
1215 2130 1361 2195 fabulam
1383 2150 1467 2193 nono
1489 2129 1561 2193 loeo

161 2237 309 2321 posuisse
331 2258 437 2324 neque
461 2240 596 2302 scivisse
617 2237 777 2303 Senecam
799 2248 875 2302 ante
896 2237 1061 2301 Neronem
1083 2257 1271 2321 supremum
1293 2235 1380 2298 diem
1404 2233 1562 2319 obiisse.¹)

164 2340 302 2405 eandem
325 2343 392 2407 fere
415 2351 513 2427 atque
540 2341 593 2408 ille
616 2344 811 2407 sententiam
834 2341 895 2405 Th.
911 2342 984 2405 Birt
1008 2340 1144 2426 protulit
1152 2338 1177 2425 ²)
1205 2361 1310 2423 neque
1337 2349 1446 2402 tamen
1469 2340 1562 2402 novis

162 2448 361 2527 argumentis
385 2446 551 2511 stabilivit.
581 2446 637 2510 sed
662 2468 761 2532 quam
785 2446 903 2509 futtilia
925 2445 1035 2509 hercle
1058 2453 1133 2508 sunt
1156 2466 1195 2508 ea
1217 2452 1419 2527 argumenta,
1444 2441 1561 2527 quibus

162 2548 244 2613 haec
267 2551 374 2635 opinio
401 2552 525 2615 nititur!
572 2549 651 2637 quid
679 2551 773 2627 enirn,
802 2560 838 2614 ut
862 2561 971 2614 cetera
993 2551 1147 2628 omittam,
1176 2570 1234 2611 nos
1258 2548 1352 2631 cogit,
1380 2556 1416 2611 ut
1444 2556 1562 2610 statua·

163 2675 235 2717 mus
258 2653 453 2720 deteriorem
476 2654 563 2719 illam
586 2656 810 2729 recensionem
833 2654 902 2718 IIII
934 2653 1065 2717 demum
1096 2652 1225 2716 saeculo
1254 2651 1436 2715 confectam
1470 2650 1563 2714 esse?

163 2758 250 2843 quod
267 2760 418 2843 equidem
435 2761 511 2841 scio,
535 2757 623 2824 nihil.
655 2780 759 2843 neque
776 2768 959 2843 propterea,
985 2758 1071 2843 quod
1088 2756 1232 2821 Senecae
1255 2754 1438 2842 philosophi
1453 2763 1561 2819 aucto·

162 2864 292 2927 ritatem
309 2885 367 2948 per
383 2864 601 2948 Lactantium,
618 2864 866 2949 Hieronymum,
875 2863 1095 2945 Augustinum
1110 2863 1291 2925 restitutam
1308 2881 1378 2923 esse
1395 2858 1561 2944 constat,³)

162 2968 277 3050 negari
298 2977 405 3051 potest
428 2970 648 3045 recensionem
671 2964 759 3032 illam
781 2970 847 3031 iam
870 2976 944 3030 ante
968 2988 1053 3030 saec.
1075 2965 1144 3029 IIII
1167 2972 1270 3029 ortam
1295 2986 1375 3027 esse.
1417 2976 1562 3027 ceterum

162 3072 228 3135 iam
256 3072 294 3135 B.
319 3070 501 3158 8011111114)
529 3082 618 3135 10010
647 3072 756 3136 docuit
784 3069 959 3134 Octaviam
989 3070 1089 3133 multo
1116 3068 1281 3132 meliorem
1309 3091 1378 3132 esse
1407 3090 1504 3153 quam
1526 3077 1563 3131 ut

157 3196 289 3239 sumere
313 3178 472 3261 possimus
496 3177 581 3240 hanc
597 3176 798 3259 tragoediam
814 3175 857 3239 ab
881 3173 997 3239 stolido
1020 3172 1073 3238 illo
1095 3172 1237 3257 librario,
1262 3173 1317 3257 qui
1339 3174 1562 3237 recensionem

162 3278 415 3343 1101110011-
437 3303 513 3344 nam
537 3279 688 3345 stolidum
711 3280 875 3344 hominem
898 3302 973 3344 eum
996 3278 1094 3342 fuisse
1118 3300 1161 3340 ex
1183 3276 1292 3340 multis
1315 3278 1484 3361 scripturis
1507 3298 1561 3362 pa·

161 3393 210 3447 tet
234 3422 271 3431 -—
303 3386 514 3468 compositam
538 3407 618 3449 esse.
665 3385 811 3448 conferas
836 3380 956 3469 quaeso
980 3383 1091 3447 Vateri
1120 3382 1161 3446 de
1185 3380 1325 3446 Octavia
1352 3381 1561 3466 iudicium⁵):

161 3488 341 3572 ‘tragoedia
363 3491 435 3574 ipsa
456 3489 551 3573 longe
576 3511 729 3575 superare
752 3489 883 3552 videtur
906 3486 1065 3572 quidquid
1092 3485 1334 3569 tragoediarum
1363 3509 1383 3549 a
1406 3487 1561 3550 Romanis

161 3595 320 3677 scriptum
343 3594 410 3658 est'.
456 3615 519 3678 quo
543 3596 576 3657 in
599 3594 729 3669 iudicio,
754 3614 952 3678 quamquam
978 3592 1013 3655 id
1035 3590 1135 3654 nolim
1157 3589 1300 3654 adsensu
1322 3612 1394 3654 meo
1418 3612 1561 3677 compro-

268 3786 289 3850 1)
309 3784 349 3835 Of.
369 3788 426 3835 eius
445 3786 527 3835 verba
545 3787 573 3834 in
592 3802 653 3835 anu.
674 3785 739 3849 phil.
758 3785 910 3835 LXXXXV
924 3787 985 3833 264:
1005 3785 1104 3833 ‘Wenn
1123 3799 1151 3833 01
1169 3789 1237 3832 trotz
1257 3784 1303 3833 der
1322 3782 1562 3849 chronologischeu

161 3874 370 3934 Inconvenienz,
394 3861 505 3921 in'dem
528 3872 588 3922 dem
608 3872 790 3937 Philosophen
813 3871 1082 3936 untergeschobeuen
1100 3870 1201 3919 Werke
1219 3909 1224 3919 .
1244 3908 1248 3919 .
1268 3908 1274 3919 .
1293 3870 1343 3919 auf
1363 3870 1414 3919 deu
1434 3871 1492 3920 Tod
1515 3870 1561 3920 des

161 3958 234 4009 Nero
253 3959 401 4008 hiuweisen
419 3975 452 4008 zu
472 3958 569 4021 lassen,
591 3959 682 4009 hoffen
701 3960 808 4009 mochte
826 3958 952 4008 Glauben
971 3974 1004 4007 zu
1017 3957 1126 4019 finden,
1149 3973 1178 4008 so
1198 3957 1304 4006 mochte
1322 3956 1365 4006 ich
1385 3958 1455 4014 auch
1475 3958 1561 4007 hieriu

163 4047 242 4095 einen
265 4045 351 4110 Beleg
375 4046 417 4095 fiir
441 4046 484 4095 die
507 4047 683 4111 andorweitig
706 4048 889 4095 erwiesene
914 4044 1066 4094 Thatsaohe
1089 4043 1189 4106 finden,
1213 4044 1273 4093 dass
1296 4044 1343 4093 der
1361 4044 1499 4094 Verfasser
1517 4046 1563 4095 der

163 4134 221 4182 Zeit
240 4132 287 4182 des
305 4132 384 4194 Nero,
399 4134 430 4197 ja
448 4134 495 4183 der
513 4133 559 4183 des
578 4134 689 4183 Tacitus
703 4132 849 4198 jedenfalls
867 4132 960 4181 nicht
978 4132 1067 4180 mehr
1085 4131 1169 4181 nahe
1187 4130 1293 4181 stand:
1322 4146 1351 4181 01
1369 4147 1423 4181 war
1441 4132 1498 4182 sich
1516 4132 1563 4182 des

163 4234 217 4268 1011
236 4219 291 4268 ihm
310 4219 518 4269 versehuldeten
533 4220 760 4269 Anachronismus
780 4218 1001 4268 wahrscheiulich
1019 4234 1067 4283 gar
1085 4218 1160 4267 nicht
1178 4218 1253 4267 mehr
1272 4216 1407 4269 bewusst'

250 4290 287 4369 ’1)
306 4307 375 4356 Mus.
394 4306 481 4355 11111.
500 4306 704 4356 1111111111.

267 4394 287 4458 ³)
307 4393 375 4444 Sunt
393 4393 607 4443 Richteriverba
626 4395 779 4459 opinionem
798 4408 874 4442 suam
893 4391 1070 4453 defendentis3
1089 4392 1121 4441 cf.
1137 4393 1177 4441 ed.
1191 4393 1273 4458 praef.
1293 4410 1317 4457 p.
1331 4393 1407 4444 XIII.

266 4481 288 4541 ⁴)
307 4481 376 4530 Anu.
399 4480 464 4546 phil.
490 4480 669 4529 LXXXXVII
690 4482 753 4542 559,
781 4496 834 4545 quo
859 4480 918 4529 loco
943 4479 976 4527 de
1000 4479 1120 4527 Richteri
1145 4484 1172 4528 et
1195 4480 1303 4545 Peiperi
1326 4480 1444 4529 editione
1468 4495 1562 4530 censu-

162 4582 216 4617 ram
237 4570 300 4633 egit.

266 4652 288 4717 ⁵)
307 4654 375 4705 Anu.
395 4654 462 4719 phil.
481 4652 567 4719 suppl.
588 4654 693 4703 XVIIII
705 4656 764 4704 618.
