3392 5067
1459 251 1521 315 193

231 440 419 520 Quaestioni
442 440 502 503 hoc
527 442 631 525 capite
655 443 819 505 institutae
842 440 938 505 finem
964 441 1072 505 facere
1091 463 1156 506 non
1179 463 1319 527 possum,
1343 443 1420 527 quin
1442 465 1520 528 pau·

127 546 173 607 cis
197 542 306 607 verbis
331 544 370 609 de
394 546 528 629 apodosi
552 567 723 630 exponam.
771 544 905 609 Classen
927 546 948 610 l.
971 548 1037 610 iam
1059 569 1157 632 saepe
1181 569 1207 611 c.
1233 569 1288 632 pp.
1311 546 1353 610 88
1363 568 1434 632 sqq.
1466 570 1520 611 eos

127 647 300 713 verborum
322 648 461 713 ambitus
484 658 611 731 tractat,
634 652 667 712 in
691 670 827 733 quorum
849 650 983 734 apodosi
1005 650 1092 735 apud
1108 651 1297 733 Homerum,
1322 672 1521 737 quamquam

127 753 292 817 enuntiata
323 755 476 838 primaria
506 762 538 817 et
568 754 760 817 secundaria
792 754 1043 838 distinguuntur,
1075 764 1131 817 aut
1160 754 1240 817 tales
1271 756 1448 839 particulae
1479 755 1520 818 le-

127 866 256 940 guntur,
283 857 412 942 quibus,
442 880 601 943 quaenam
629 861 709 922 ratio
733 860 816 921 inter
838 868 1010 944 utrumque
1033 861 1271 923 enuntiatorum
1293 880 1396 943 genus
1426 861 1521 922 inter·

128 961 232 1043 cedat,
253 964 436 1026 accuratius
452 962 644 1047 explicatur,
669 972 725 1026 aut
747 962 838 1045 tales,
864 963 980 1049 quibus
1004 965 1169 1028 enuntiata
1192 966 1364 1028 enuntiatis
1387 963 1520 1046 adiungi

128 1076 183 1129 aut
200 1068 328 1150 opponi,
352 1089 416 1143 non
433 1066 584 1151 subiungi
609 1066 721 1149 solent,
747 1066 818 1131 dico
834 1067 1009 1152 particulas
1025 1068 1226 1152 copulativae
1241 1077 1274 1131 et
1289 1068 1520 1131 adversativas.

127 1178 224 1253 atque
259 1171 373 1254 prioris
404 1172 531 1254 generis
562 1194 639 1233 usus
669 1170 758 1256 apud
789 1171 967 1235 Homerum
996 1169 1150 1235 latissime
1181 1181 1282 1257 patet,
1320 1172 1377 1235 sed
1409 1180 1523 1255 postea

127 1275 230 1356 magis
253 1276 420 1359 magisque
435 1275 645 1338 imminuitur.
677 1275 762 1360 quod
786 1298 828 1338 ex
852 1274 970 1358 elegeis
992 1277 1070 1360 ipsis
1094 1276 1213 1359 optime
1238 1277 1449 1359 cognoscitur.
1480 1296 1522 1339 ex

129 1400 247 1462 magna
277 1380 363 1441 enim
396 1379 490 1462 copia
520 1378 767 1462 particularum,
804 1400 887 1463 quae
922 1378 1008 1465 apud
1040 1378 1218 1443 Homerum
1249 1381 1296 1442 sic
1325 1388 1523 1463 usurpantur

129 1480 213 1567 Ιάρα,
245 1484 294 1568 ὀῖρ,
325 1486 373 1567 ῥά,
405 1479 508 1567 ἦτοι,
539 1476 661 1563 ἔπειτα,
692 1476 795 1547 αὐτίκ’
810 1478 933 1562 ἔπειτα,
963 1482 1001 1569 dr}
1023 1484 1106 1563 τότε,
1129 1484 1202 1547 τότε
1226 1483 1275 1572 δή,
1298 1481 1353 1548 καὶ
1375 1483 1447 1547 τότε
1472 1483 1522 1570 dri,

127 1584 182 1651 καὶ
203 1581 407 1667 τότ’ἔπειτα,
432 1586 578 1673 similes),
602 1608 786 1673 perpaucae
810 1596 923 1651 extant
946 1595 1043 1671 atque
1065 1596 1196 1671 praeter
1218 1585 1274 1652 οὖν
1296 1588 1441 1671 Theogn.
1458 1587 1523 1650 664

127 1692 160 1754 in
175 1689 245 1753 loco
269 1689 368 1753 dubio
393 1690 495 1754 solum
517 1690 721 1775 temporales,
746 1691 835 1754 velut
858 1686 970 1756 ἔπειτα
992 1690 1070 1755 ibid.
1089 1690 1166 1773 869,
1189 1696 1336 1770 τουτάκις
1360 1691 1432 1756 844.
1479 1692 1521 1755 al-

126 1796 225 1859 terius
248 1816 334 1876 usus,
359 1804 515 1878 quantum
532 1795 574 1858 ad
595 1795 795 1879 copulativae
818 1795 993 1880 particulas
1016 1797 1166 1880 pertinet,
1189 1794 1313 1858 nullum
1337 1794 1523 1881 exemplum

128 1907 227 1980 extat,
251 1920 293 1961 ex
316 1898 531 1962 adversativis
548 1921 625 1962 vero
648 1903 746 1986 αότάρ
771 1909 803 1962 et
818 1899 909 1980 άλλά,
933 1899 1051 1984 quibus
1074 1901 1203 1982 gravior
1226 1900 1383 1985 oppositio
1406 1898 1524 1982 signifi-

128 2011 229 2084 catur,
244 2024 377 2088 prorsus
399 2002 526 2085 desunt,
544 2000 579 2069 όέ
595 2003 721 2067 duobus
737 2001 815 2066 locis
830 2005 1003 2084 invenitur,
1021 2003 1114 2088 Tyrt.
1134 2002 1183 2084 18,
1200 2002 1242 2066 23
1258 2024 1328 2088 sqq.
1352 2001 1388 2081 ὃς
1410 1997 1440 2069 d'
1455 1999 1524 2068 αὖτ’

127 2108 160 2170 ἐν
175 2110 373 2192 προμάχοισι
388 2111 497 2172 πεσὼν
512 2101 606 2195 φίλον
622 2108 720 2172 ὤλεσε
736 2110 842 2191 θυμόν
862 2106 866 2191 Ι
888 2160 894 2171 .
913 2158 944 2171 ..
966 2106 970 2191 Ι
990 2110 1046 2171 τόν
1069 2102 1098 2173 δ’
1118 2107 1330 2195 ὀλοφύρονται
1351 2109 1409 2189 μὲν
1439 2106 1526 2190 ὁμῶς

129 2209 196 2275 νέοι
217 2211 274 2297 ἠόἑ
296 2209 437 2298 γέροντες
460 2222 492 2275 et
514 2211 658 2295 Theogn.
676 2210 737 2275 357
752 2233 798 2296 sq.
823 2213 867 2291 ὡς
897 2210 934 2278 ὀύ
947 2235 1021 2296 ,περ
1050 2210 1086 2287 ἐξ
1115 2215 1249 2295 ἀγαθῶν
1278 2207 1390 2293 ἔλαβες
1418 2214 1524 2293 κακόν,

131 2316 174 2393 ὣς
204 2315 238 2380 δὲ
268 2314 322 2380 καὶ
353 2312 442 2394 αὖτις
461 2318 466 2399 Ι
485 2317 610 2382 ἐκδῦναι
640 2324 751 2402 πειρῶ,
786 2320 912 2381 θεοῖσιν
941 2316 1159 2399 ἐπευχόμενος.
1206 2316 1260 2400 qui
1288 2314 1351 2378 loci
1374 2317 1419 2379 ita
1442 2312 1524 2379 eom·

131 2419 237 2503 parati
260 2429 343 2501 sunt,
372 2428 408 2483 ut
430 2422 463 2483 in
486 2421 650 2484 enuntiato
679 2418 869 2483 secundario
899 2418 935 2485 ὀέ
959 2420 1139 2493 antecedat,
1169 2419 1255 2504 quod
1278 2440 1342 2482 non
1370 2441 1468 2504 saepe
1491 2419 1528 2483 fit

131 2524 218 2607 apud
246 2523 434 2605 Homerum,
458 2546 612 2609 persaepe
639 2526 673 2587 in
701 2524 833 2587 Hesiodi
857 2523 1054 2587 carminibus
1078 2534 1110 2587 et
1137 2524 1225 2608 apud
1253 2523 1454 2587 Herodotum
1470 2522 1526 2610 (cf.

132 2626 192 2691 Th.
207 2626 368 2713 Gomperz
386 2627 651 2691 ‘Herodoteische
664 2626 809 2692 Studien'
833 2629 867 2690 in
883 2637 944 2691 act.
961 2627 1054 2691 acad.
1071 2627 1168 2690 Vind.
1190 2624 1268 2689 OIII
1290 2648 1344 2710 pp.
1358 2626 1527 2713 52lsqq.),

132 2732 261 2817 semper
282 2734 315 2795 in
339 2733 468 2817 hymnis
491 2732 670 2797 homericis.
718 2742 862 2796 ceterum
885 2730 1203 2795 commemorandum
1226 2739 1273 2793 est
1300 2731 1388 2814 apud
1411 2731 1527 2794 Home-

132 2858 203 2900 rum
226 2858 289 2900 non
313 2846 426 2901 extare
448 2836 565 2921 locum,
597 2858 659 2921 quo
687 2846 761 2922 post
783 2837 892 2918 ὥσπερ
916 2836 1042 2919 legatur
1064 2836 1107 2913 ὣς
1129 2833 1179 2916 dd,
1211 2833 1320 2898 similis
1344 2843 1391 2898 est
1414 2842 1445 2898 Z
1468 2836 1527 2899 146

133 2940 183 3029 οἵη
210 2964 271 3025 περ
298 2940 424 3026 φύλλων
450 2943 547 3029 γενεή,
570 2939 641 3029 τοίη
664 2942 699 3007 di
719 2938 772 3005 aui
793 2941 925 3024 ἀνδρῶν,
949 2938 1059 3002 similis
1086 2940 1182 3002 etiam
1208 2964 1227 3026 η
1257 2937 1317 3001 108
1335 2959 1403 3023 sqq.
1431 2937 1529 3004 όσσον
1607 2991 1610 2996 .

135 3042 273 3132 Φαίηκες
294 3043 370 3129 περὶ
391 3048 522 3109 πάντων
547 3043 648 3130 ἰ’ὀριες
670 3044 791 3130 ἀνδρῶν
810 3044 815 3129 Ι
834 3053 893 3131 νῆά
915 3047 999 3131 θονΙν
1028 3042 1076 3108 ἐνὶ
1097 3045 1205 3132 πόντῳ
1227 3041 1403 3126 ἐλαυνέμεν,
1428 3044 1471 3121 ὣς
1493 3045 1528 3110 di

132 3154 273 3233 γυναῖκες
292 3151 297 3232 Ι
317 3142 406 3213 ἱστὸν
427 3157 607 3235 τεχνῆσσαι.

236 3252 405 3316 Eiusmodi
427 3254 525 3335 igitur
549 3255 801 3316 constructiones
824 3261 860 3315 ut
876 3250 1037 3316 obsoletas
1052 3261 1167 3336 poetae
1184 3252 1319 3336 elegiaci
1335 3253 1528 3334 vitaverunt,

133 3377 329 3441 quamquam
351 3378 414 3420 non
431 3357 548 3420 desunt
571 3356 643 3438 loci,
669 3356 786 3443 quibus
809 3357 937 3420 occasio
960 3365 1029 3420 erat
1052 3355 1231 3441 particulae
1255 3354 1292 3422 όέ
1314 3355 1527 3438 adhibendae,

132 3461 222 3524 velut
244 3460 335 3545 Tyrt.
354 3461 403 3541 10,
424 3461 460 3523 11
475 3483 544 3546 sqq.
569 3462 599 3525 εἰ
619 3457 648 3528 d'
665 3465 765 3540 ούτως
788 3462 902 3544 ὀνόρός
923 3484 976 3526 τοι
999 3458 1161 3545 ἀλωμένου
1184 3456 1303 3544 οὐδεμί’
1320 3461 1384 3547 ὤρη
1404 3461 1409 3545 Ι
1428 3458 1527 3544 γίγνε-

133 3672 183 3719 458
197 3686 263 3735 sqq,
286 3672 346 3733 576,
363 3670 423 3731 856,
440 3672 500 3729 970,
517 3671 570 3720 huc
583 3673 632 3719 417
646 3687 693 3736 sq,
715 3672 765 3719 449
779 3686 851 3736 sqq,
869 3672 929 3731 568,
950 3671 1016 3719 1105
1031 3686 1080 3734 εφη
1108 3669 1175 3720 adde
1194 3671 1245 3719 499
1258 3686 1306 3735 sq,
1331 3670 1379 3719 ubi
1397 3670 1529 3735 particula

135 3759 316 3822 comparativa
334 3773 388 3806 non
406 3758 526 3807 adhibita
545 3760 685 3807 enuntiata
703 3760 778 3807 iuxta
800 3764 945 3822 ponuntur.
976 3761 1115 3821 praeterea
1133 3758 1236 3805 omissis
1258 3757 1291 3805 iis
1313 3756 1387 3818 locis,
1407 3759 1453 3821 qui
1475 3760 1528 3807 iarn

134 3860 213 3909 supra
233 3846 432 3894 commemorati
448 3850 518 3905 sunt,
541 3861 601 3893 cum
620 3844 680 3894 aliis
699 3844 777 3895 rebus
797 3845 959 3910 comparatio
978 3842 1009 3892 fit
1021 3842 1088 3893 Gall.
1104 3845 1126 3905 1,
1140 3845 1173 3892 20
1192 3842 1280 3909 ὥσπερ
1293 3847 1346 3911 γάρ
1358 3860 1410 3909 μιν
1422 3842 1529 3911 πύργον

135 3970 140 3979 .
155 3970 160 3979 .
175 3933 275 3999 ὁρῶσιν
294 3930 321 3994 (λ
333 3934 383 3981 556
397 3934 469 3986 τοῖος
488 3931 541 3999 γάρ
561 3945 630 3999 σφιν
648 3930 751 3999 πύργος
771 3930 899 3995 ἀπώλεο),
918 3931 1010 3979 Mimn.
1025 3931 1050 3992 5,
1061 3932 1076 3978 4
1089 3946 1127 3994 sq.
1142 3929 1259 3994 (repetiti
1269 3930 1387 3994 Tlreogn.
1402 3932 1467 3979 1090
1478 3930 1529 3996 sq.)

135 4016 327 4085 ὀλιγοχρόνιον
346 4021 471 4084 γίγνεται
491 4017 580 4086 ὥσπερ
599 4019 667 4086 όναρ
684 4018 688 4082 Ι
703 4020 753 4083 ύΙβη
777 4017 802 4083 (λ
821 4020 871 4067 907
890 4022 950 4085 σκιῇ
973 4017 1110 4079 εἴκελονῆ
1132 4017 1179 4065 καὶ
1197 4016 1313 4084 ὀνείρῳ),
1340 4017 1459 4083 Theogn.
1480 4020 1530 4068 985

134 4096 204 4169 αἶψα
225 4105 278 4171 γὰρ
297 4103 363 4153 ὥστε
383 4104 474 4169 νόημα
493 4106 657 4173 παρέρχεται
675 4104 777 4171 ἀγλαὸς
795 4105 844 4168 ἥβη
870 4104 897 4168 (η
915 4106 949 4152 36
968 4105 1002 4158 ὡς
1021 4104 1044 4153 εἰ
1063 4103 1163 4171 πτερὸν
1181 4101 1209 4166 ἠὲ
1229 4102 1341 4168 νόησα),
1364 4103 1417 4153 Sol.
1438 4106 1479 4166 13,
1498 4107 1530 4153 14

135 4191 203 4257 άρχὴ
221 4186 247 4239 δ’
260 4188 288 4250 ἐξ
307 4191 401 4257 ὀλίγου
420 4194 547 4258 γίγνεται
565 4191 631 4242 ὥστε
651 4190 743 4259 πυρός,
763 4192 882 4255 Theogn.
898 4192 964 4239 1360
984 4190 1072 4258 ὥσπερ
1091 4190 1247 4255 κληματίνῳ
1260 4191 1342 4254 χεῖρα
1362 4190 1428 4258 πυρὶ
1445 4205 1530 4258 προσ-

135 4280 226 4343 άγειν;
250 4291 310 4325 cum
329 4278 490 4327 animalibus
508 4280 583 4342 Tyrt.
597 4281 648 4339 6,1
669 4278 758 4346 ὥσπερ
778 4279 839 4328 dves
857 4279 989 4343 μεγάλοις
1007 4277 1106 4343 άχθεσι
1123 4276 1279 4345 τειρόμενοι
1299 4278 1341 4340 (ef.
1356 4282 1379 4325 P
1397 4279 1530 4343 742sqq.),

135 4364 256 4428 Theogn.
276 4364 308 4413 56
332 4362 381 4423 ἔξω
405 4362 502 4415 ὀ’ὥστ’
519 4362 620 4431 ἔλαφοι
642 4362 717 4429 τῆσδ’
736 4365 869 4431 ἐνέμοντο
893 4365 996 4425 πόλεος,
1023 4366 1071 4413 126
1096 4365 1161 4431 πρὶν
1179 4367 1336 4432 πειρηθείης
1354 4362 1443 4431 ὥσπερ
1462 4362 1530 4413 ύπο-

135 4449 239 4516 ζυγίου,
269 4452 334 4499 1097
354 4448 533 4519 πτερύγεσσιν
553 4451 702 4520 ἐπαίρομαι
725 4452 790 4503 ὥστε
815 4452 952 4515 πετεινόν;
981 4467 1041 4500 cum
1068 4451 1220 4501 hominibus
1243 4453 1294 4499 254
1322 4450 1411 4517 ὥσπερ
1429 4453 1530 4519 μικρὸν

135 4535 222 4587 παῖόα
242 4536 334 4604 λόγοις
355 4535 386 4604 μ’
405 4539 516 4604 άπατᾷς,
542 4540 593 4587 978
611 4539 657 4588 καλ
679 4536 821 4605 στυγέουό
841 4539 931 4607 ὥσπερ
954 4538 1075 4604 πτωχόν,
1102 4539 1152 4587 485
1164 4555 1203 4604 sq.
1222 4538 1262 4603 μή
1280 4551 1310 4588 σε
1331 4540 1438 4599 βιάσθω
1459 4538 1463 4601 Ι
1480 4556 1531 4604 γα-

135 4625 201 4691 στὴρ
219 4623 286 4675 ὥστε
302 4626 386 4675 κακὸν
404 4626 499 4693 λάτριν
518 4624 679 4693 ἐφημέριον,
700 4626 753 4676 Sol.
773 4628 815 4688 34,
834 4627 848 4674 2
869 4626 950 4684 λοξὸν
968 4664 973 4674 ,
994 4662 1000 4674 .
1020 4628 1120 4692 ὁρῶσιν
1138 4623 1238 4680 πάντες
1255 4623 1322 4675 ὥστε
1341 4621 1422 4687 όήιαι.

187 4716 355 4759 Dissertationes
369 4718 444 4768 philol.
455 4718 546 4760 Vindob.
560 4718 599 4759 111.
614 4725 633 4759 1.
1345 4712 1376 4759 13
