3392 5067
162 257 225 321 182

159 450 309 530 inveniri,
333 450 389 515 sed
406 472 535 536 semper
557 445 778 516 indicativum
793 453 974 536 praesentis
989 458 1045 515 aut
1068 452 1295 536 imperativum
1311 449 1556 537 (Theogn285)

160 564 216 618 aut
242 555 397 619 aoristum
419 552 645 639 gnomicum.¹)
674 558 764 620 cuius
788 557 835 619 rei
860 578 958 619 causa
980 554 1062 618 haee
1085 564 1143 636 est,
1167 555 1255 641 quod
1279 559 1456 621 sententiae
1484 556 1557 621 illae

160 659 329 743 generales
356 668 439 723 sunt.
482 659 569 724 idem
592 660 634 723 de
660 660 821 745 plerisque
848 658 927 723 locis
950 659 1048 741 valet,
1077 658 1194 745 quibus
1217 661 1264 747 ἤν,
1293 682 1351 745 pro
1376 684 1439 747 qua
1462 663 1557 747 parti-

161 763 233 828 cula
260 784 365 848 neque
391 764 448 828 ἐάν
473 785 580 849 neque
602 765 633 828 εἰ
658 764 697 827 d'v
719 786 824 848 neque
851 762 885 829 εἴ
908 788 961 828 κεν
987 785 1142 849 umquam
1171 764 1291 827 tradita
1319 775 1402 846 sunt,
1430 765 1557 849 legitur,

160 867 262 932 veluti
289 866 352 931 Sol.
379 867 428 949 12,
454 868 486 947 1,
522 866 666 951 Theogn.
692 867 764 950 211,
788 868 862 933 697.
908 866 1034 932 duobus
1067 868 1145 932 locis
1179 868 1357 953 particulae
1387 870 1417 933 εἰ
1443 868 1501 954 μέν
1527 880 1559 933 et

159 972 197 1057 ἢν
220 969 256 1038 δέ
281 974 365 1035 inter
392 993 426 1035 se
454 973 661 1057 respondent,
689 971 835 1055 Theogn.
861 970 922 1035 857
933 992 1002 1057 sqq.
1029 982 1093 1037 τῶν
1115 970 1150 1037 δὲ
1177 970 1279 1060 φίλων
1301 974 1331 1038 εἰ
1351 971 1409 1058 μέν
1430 997 1480 1053 τις
1502 972 1560 1060 δρᾷ

160 1072 201 1158 μέ
222 1099 255 1139 τι
278 1076 383 1140 δειλὸν
404 1070 526 1157 έχοντα,
551 1075 556 1161 Ι
580 1070 684 1157 αὐχέν’
703 1074 914 1163 ἀποστρέψας
936 1070 1004 1143 οὐδ’
1019 1078 1133 1162 ἐσορᾶν
1155 1075 1279 1143 ἐθέλει·
1301 1076 1305 1162 Ι
1329 1078 1366 1163 ἢν
1390 1075 1425 1144 δέ
1446 1076 1479 1143 τί
1505 1076 1560 1163 μοι’

160 1184 269 1244 ποθεν
294 1178 427 1260 ἐσθλόν,
455 1178 477 1244 d
502 1184 643 1266 πασράκι
672 1178 791 1265 γίνεται
821 1179 921 1267 ἀνδρί,
960 1182 964 1267 Ι
1001 1181 1140 1259 πολλοὺς
1169 1183 1361 1265 ἀσπασμοὺς
1390 1181 1444 1247 καὶ
1466 1182 1560 1271 φιλό-

160 1308 258 1370 σητας
279 1279 351 1367 έχω,
382 1295 415 1349 et
443 1284 506 1349 929
523 1308 570 1371 sq.
594 1285 625 1350 εἰ
654 1288 711 1369 μὲν
740 1288 798 1371 γὰρ
828 1287 987 1367 πλουτεῖς,
1020 1284 1138 1351 πολλοὶ
1161 1284 1259 1373 φίλοι,
1291 1286 1328 1371 ἢν
1351 1287 1386 1351 δὲ
1413 1284 1558 1375 adaperui

162 1396 290 1472 παῦροι,
318 1384 449 1455 κούκέο’
469 1390 555 1473 ὁμῶς
581 1393 676 1470 αὐτὸς
702 1393 779 1480 ἀνὴρ
807 1390 972 1477 epactas)
1016 1412 1111 1475 porro
1134 1391 1367 1479 ἢνσε-δΙντε,
1399 1390 1485 1475 quod
1518 1390 1561 1454 ab

161 1491 296 1557 Homeri
324 1494 520 1559 carminibus
550 1494 692 1560 alienum
722 1503 781 1579 est,
809 1493 954 1578 Theogn.
980 1494 1042 1557 379
1074 1495 1246 1574 invenitur,
1277 1495 1315 1583 ἢν
1330 1492 1332 1500 ’
1344 1492 1496 1581 μέν-ἢκ
1526 1492 1563 1559 δέ

160 1595 240 1661 ibid.
267 1598 359 1663 1355.

265 1719 335 1783 Iam
369 1720 483 1805 paucis
511 1720 621 1784 verbis
655 1743 695 1784 ea
729 1723 896 1785 enuntiata
931 1719 1166 1785 condicionalis
1199 1720 1448 1805 perstringenda
1479 1728 1562 1801 sunt,

161 1823 220 1888 ubi
248 1825 279 1889 εἰ
301 1825 343 1888 ad
366 1824 632 1890 indicativum
663 1824 800 1889 accedit.
847 1846 886 1889 ac
909 1826 1049 1910 primum
1074 1825 1216 1909 quidem,
1248 1834 1283 1889 ut
1304 1824 1346 1889 ab
1370 1818 1409 1889 iis
1438 1824 1564 1888 initium

162 1949 298 2010 sumam,
324 1938 406 2014 quae
428 1930 495 1992 vim
519 1928 640 1993 realem
668 1929 800 2010 habent,
828 1932 862 1993 in
889 1931 1012 2015 protasi
1040 1951 1168 2015 semper
1195 1918 1264 1994 fere
1292 1938 1341 1993 est
1367 1930 1564 1994 indicativus

161 2034 341 2120 praesentis
365 2044 422 2097 aut
444 2034 552 2098 futuri.
581 2035 691 2097 coristi
705 2034 818 2098 utendi
842 2034 941 2098 semel
964 2036 1089 2099 occasio
1114 2033 1190 2097 data
1213 2042 1291 2115 erat,
1315 2033 1380 2099 Sol.
1397 2034 1562 2119 32,1sqq.

163 2137 320 2228 (tetram.)
348 2140 378 2204 εἰ
401 2136 436 2204 δέ
458 2147 513 2227 γῆς
534 2137 713 2226 ἐφεισάμην
733 2138 739 2223 Ι
757 2138 923 2225 πατρίδος,
946 2190 953 2203 .
976 2190 982 2203 .
1006 2187 1024 2219 .,
1046 2140 1050 2222 Ι
1074 2138 1165 2203 οὐδέν
1192 2139 1350 2224 αἰδεῦμαι,
1386 2161 1449 2225 quo
1482 2132 1564 2224 loco,

162 2254 197 2309 ut
219 2267 251 2329 p.
271 2243 332 2306 179
357 2253 644 2308 commemoratum
668 2253 726 2327 est,
750 2245 780 2308 εἰ
801 2266 903 2329 prope
926 2243 969 2308 ad
994 2244 1233 2308 coniunctiones
1258 2242 1403 2307 causales
1426 2242 1564 2324 accedit,

163 2349 300 2434 perfecti
316 2348 379 2413 Sol.
399 2347 450 2429 11,
470 2348 483 2408 1
505 2368 551 2433 sq.
568 2349 598 2413 εἰ
614 2349 649 2414 δὲ
664 2351 856 2414 πεπόνθατε
871 2350 967 2433 λυγρὰ
983 2399 990 2413 .
1009 2400 1015 2413 .
1034 2399 1051 2425 .,
1069 2348 1073 2433 Ι
1088 2351 1132 2438 μή
1147 2372 1179 2413 ιι
1196 2352 1287 2430 δεοῖς
1308 2350 1429 2414 τούτων
1451 2353 1567 2432 μοῖραν

163 2450 375 2540 ἐπαμφέρετε,
405 2452 445 2516 de
470 2474 534 2537 quo
561 2451 630 2516 loco
658 2453 745 2516 idem
768 2452 864 2516 valet.
912 2452 997 2538 quod
1029 2461 1137 2516 autem
1168 2452 1209 2516 ad
1237 2474 1276 2515 ea
1304 2454 1469 2516 enuntiata
1495 2473 1566 2536 per-

164 2560 253 2638 tinet,
285 2555 341 2620 ubi
372 2557 567 2621 indicativus
596 2560 775 2641 praesentis
806 2558 934 2641 legitur,
965 2558 1045 2622 nihil
1075 2557 1142 2621 fere
1173 2555 1382 2622 memorabile
1413 2564 1471 2639 est,
1505 2558 1567 2622 nisi

165 2662 251 2746 quod
274 2660 340 2726 Sol.
366 2661 416 2744 13,
436 2660 477 2723 41
504 2661 620 2747 copula
642 2659 731 2727 ἐστίν
755 2661 936 2747 supplenda
959 2672 1016 2726 est.
1061 2670 1186 2725 restant
1207 2662 1306 2745 igitur
1329 2683 1367 2723 ea
1391 2663 1566 2741 enuntiata,

165 2768 198 2830 in
230 2765 347 2851 quibus
383 2766 528 2830 futurum
563 2775 666 2848 extat,
703 2766 767 2832 Sol.
798 2766 851 2849 20,
881 2768 909 2849 1,
941 2766 1084 2851 Theogn.
1118 2765 1178 2829 871
1193 2788 1250 2851 sq,
1284 2765 1377 2848 1280,
1410 2765 1494 2829 1332
1510 2787 1567 2850 sq,

166 2869 283 2956 quibus
311 2869 390 2934 locis
418 2880 547 2955 tempus
574 2872 718 2936 futurum
744 2872 787 2935 ad
815 2893 876 2955 res,
905 2894 984 2957 quas
1007 2873 1078 2956 quis
1102 2881 1190 2935 certo
1213 2870 1282 2935 fore
1299 2869 1448 2954 confidit,
1473 2871 1567 2953 signi-

166 2974 313 3038 ficandas
336 2972 518 3039 adhibitum
542 2984 600 3038 est.
645 2984 789 3040 ceterum
813 2998 888 3040 cum
910 2975 1055 3059 Theogn.
1078 2998 1131 3039 vv.
1149 2974 1212 3037 869
1229 2996 1299 3059 sqq.
1323 2970 1357 3040 έν
1375 2998 1432 3058 μοι
1454 2970 1568 3040 ἔπειτα

167 3077 264 3144 πέσοι
286 3077 384 3162 μέγας
399 3083 530 3165 οὐρανὸς
554 3130 622 3163 ...,
643 3081 647 3165 Ι
672 3082 702 3145 εἰ
723 3086 766 3169 μὴ
789 3081 851 3164 ἐγὼ
873 3087 977 3146 τοῖσιν
999 3078 1056 3165 μέν
1078 3078 1244 3165 ἐπαρκέσω
1267 3080 1302 3144 o‘t'
1322 3102 1360 3163 με
1382 3079 1536 3165 φιλεῦοικ,
1561 3079 1566 3157 Ι

167 3189 236 3261 τοῖς
258 3179 287 3249 δ’
299 3184 432 3267 ἐχθροῖς
453 3182 524 3272 ἀνίη
546 3182 602 3250 καὶ
623 3184 705 3270 μέγα
727 3179 810 3273 πῆμ’
829 3181 954 3269 έσομαι,
985 3206 1069 3269 quae
1099 3183 1201 3247 verba
1235 3185 1303 3247 eius
1333 3192 1417 3263 sunt,
1449 3184 1503 3267 qui
1533 3206 1568 3247 se

168 3287 320 3368 devovet,
345 3288 485 3352 conferri
509 3298 644 3374 possunt
666 3294 696 3352 B
718 3312 772 3352 vv.
794 3289 858 3353 259
869 3310 937 3373 sqq.
961 3282 1071 3377 μηκέτ’
1089 3282 1191 3353 ἔπειτ’
1211 3282 1346 3375 Ὀδυσῆι
1367 3290 1446 3373 κάρη
1469 3289 1569 3372 ὤμοι-

168 3413 220 3457 σιν
236 3389 341 3479 έπεέη,
362 3391 366 3476 Ι
386 3388 462 3479 μηδ’
478 3388 526 3458 έσι
543 3394 751 3482 Τρλρμάχοιο
770 3399 876 3479 πατὴρ
895 3392 1082 3479 κεκλημένος
1102 3391 1178 3478 εἴην,
1199 3392 1203 3476 Ι
1223 3391 1253 3457 εἰ
1268 3397 1310 3479 μὴ
1330 3392 1391 3475 ἐγώ
1406 3415 1442 3457 σε
1461 3392 1570 3475 λαβὼν

169 3500 235 3562 ἀπδ
258 3498 317 3581 μέν
339 3493 420 3585 φίλα
441 3496 558 3583 εἵματα
580 3499 675 3580 δύσω,
698 3548 704 3562 .
724 3550 730 3562 .
749 3546 768 3579 .,
789 3496 793 3582 Ι
813 3500 910 3563 αὐτὸν
934 3496 969 3562 δέ
991 3494 1142 3561 κλαίοντα
1165 3500 1250 3574 θοὰς
1271 3490 1327 3559 tat
1348 3506 1423 3583 νῆας
1444 3498 1568 3584 ἀφήσω.

168 3600 454 3687 apodosisgvariae
483 3610 558 3666 sunt
585 3601 717 3665 formae.
764 3602 860 3665 modo
889 3604 975 3665 enim
1006 3601 1201 3665 indicativus
1231 3602 1411 3685 praesentis
1441 3600 1568 3685 legitur,

168 3706 264 3770 modo
286 3708 507 3791 imperativus,
532 3706 678 3790 Theogn.
703 3705 766 3768 860
789 3715 822 3770 et
842 3704 905 3769 958
930 3707 1102 3790 optativus,
1127 3706 1181 3788 qui
1205 3713 1253 3767 est
1276 3704 1416 3789 optantis
1438 3703 1569 3789 aliquid,

168 3810 364 3875 indicativus
387 3811 487 3874 luturi
502 3809 552 3874 bis
568 3819 643 3873 ante
659 3810 762 3874 verba
776 3805 845 3875 οὐδ’
861 3811 892 3874 εἰ
914 3809 1074 3897 (Theogn.
1095 3808 1178 3873 1023
1193 3830 1239 3893 sq.
1261 3816 1292 3871 et
1316 3807 1423 3889 1328).
1447 3818 1571 3872 restant

170 3916 337 3980 enuntiata
367 3914 499 3979 irrealia
532 3912 596 3979 Sol.
630 3914 687 3999 37,
721 3915 759 3977 11
788 3936 857 4000 sqq.
887 3914 1010 4000 (trin),
1050 3913 1195 3997 Theogn.
1220 3912 1284 3976 432
1308 3934 1387 3997 sqq,
1422 3912 1486 3976 435
1513 3935 1570 3997 sq,

169 4020 233 4083 453
250 4040 329 4104 sqq,
355 4019 419 4084 905
435 4041 517 4105 sqq,
541 4019 626 4083 adde
650 4018 711 4082 667
729 4041 777 4104 sq.
801 4021 831 4084 εἰ
848 4068 855 4082 .
873 4070 880 4083 .
897 4015 1016 4104 έχοιμι,
1038 4022 1041 4101 Ι
1063 4022 1120 4085 οὐκ
1141 4019 1180 4082 δν
1201 4019 1352 4106 ἀνιώμην.

171 4244 377 4253 ———

277 4392 296 4456 ¹)
317 4392 437 4456 Theogn.
459 4392 508 4439 123
527 4391 641 4440 aoristus
664 4394 760 4454 ποίησε
784 4406 839 4439 non
861 4394 901 4438 est
924 4389 1073 4453 gnomicus,
1097 4387 1142 4436 sed
1161 4386 1243 4436 verba
1266 4386 1346 4436 τοῦτο
1364 4387 1429 4441 θεὸς
1447 4383 1573 4448 κιβδηλό-

172 4496 255 4530 τατον
273 4483 368 4542 ποίησε
388 4478 458 4527 idom
476 4476 706 4543 ferejsignifioant
724 4483 807 4540 atque
827 4476 909 4525 τοῦτο
928 4472 1124 4539 κιβδηλότατόν
1143 4472 1224 4534 ἐστιν,
1244 4472 1259 4521 ὃ
1278 4470 1411 4537 ἐποίησεν.

278 4566 299 4630 ²)
317 4571 346 4616 A
357 4566 390 4629 ἢν
404 4603 410 4615 .
424 4604 430 4613 .
445 4602 450 4614 .
464 4565 580 4633 πλουτῇς
598 4564 715 4626 exhibet,
734 4563 780 4613 sed
801 4569 875 4612 recte
894 4562 984 4627 Bergk
1001 4560 1164 4626 reliquorum
1184 4560 1304 4610 codicum
1323 4562 1480 4626 scripturam
1499 4574 1573 4625 prae-

174 4652 245 4716 tulit,
264 4668 324 4702 cum
343 4652 453 4702 dubium
472 4668 526 4702 non
544 4652 587 4715 sit,
606 4652 672 4717 quin
691 4665 723 4700 ea
740 4650 829 4700 lectio·
845 4666 879 4700 ox
898 4649 1108 4715 interpolatione
1127 4654 1185 4697 orta
1203 4648 1244 4697 sit.
