3392 5067
1473 178 1533 244 135

133 366 420 451 ‘Beobachtungen
437 367 518 433 iiber
535 370 598 432 den
614 369 839 432 homerischen
857 368 1160 454 Sprachgebrauch'
1182 393 1235 455 pp.
1252 372 1294 433 46
1305 372 1377 456 sq.)‚
1395 370 1532 435 verbum

131 472 282 556 ὑβριστής
306 481 342 534 ut
368 471 607 537 substantivum
632 475 678 536 ita
705 474 903 537 adiectivum
927 484 985 553 est,
1015 474 1101 559 quod
1130 474 1225 537 facile
1249 498 1290 537 ex
1313 478 1532 560 comparativo

132 575 354 660 ὑβριστότερος
376 576 544 659 colligitur.
580 576 666 641 locos
688 600 764 642 vero
788 579 878 661 tales,
903 579 1014 664 quales
1036 589 1110 642 sunt
1129 578 1302 663 γέροντι.
1316 580 1395 644 πόάι
1420 580 1530 665 Eurip.

132 676 238 741 Orest.
255 678 329 759 456,
352 681 504 764 τύραννον
526 680 634 747 ἑστίαν
656 682 812 745 Androm.
834 684 864 764 3,
888 682 1042 771 παρθένῳ
1066 681 1134 767 χερί
1160 684 1282 747 Phoen.
1307 684 1379 764 838,
1408 683 1533 771 οἰκέτην

130 780 204 862 βίον
226 782 294 846 Ion.
318 784 410 868 1373,
431 783 554 863 νεανίας
568 787 679 870 λόγους
699 786 822 852 Alcest.
847 787 921 871 679,
946 810 1009 850 non
1034 787 1135 850 solum
1159 788 1245 872 apud
1262 789 1448 865 Homerum,
1474 790 1531 853 sed

133 890 230 951 etiam
253 890 285 950 in
310 887 429 972 elegeis
453 889 573 954 frustra
597 913 743 976 quaeras.

236 993 282 1057 Ut
308 995 372 1057 iam
400 994 440 1057 de
471 994 715 1078 adpositione
743 1018 848 1081 pauca
876 997 1004 1077 addam,
1036 999 1216 1085 ἀμφότερον
1245 998 1438 1083 (ἀμφότερα)
1468 1020 1535 1063 nou

131 1096 234 1160 solum
257 1099 345 1182 apud
368 1108 491 1183 poetas,
516 1099 573 1162 sed
598 1102 694 1163 etiam
716 1103 748 1162 in
772 1123 868 1185 prosa
892 1102 1034 1164 oratione
1059 1103 1229 1165 enuntiatis
1254 1102 1412 1185 bipertitis
1435 1102 1531 1186 adpo-

132 1202 255 1264 sitionis
284 1203 387 1267 instar
416 1204 606 1288 plerumque
635 1207 808 1289 praemitti,
839 1207 944 1269 rarius
975 1207 1124 1291 postponi
1155 1214 1287 1269 constat.
1335 1229 1399 1290 quo
1431 1206 1531 1270 verbo

132 1308 230 1370 etiam
256 1307 417 1371 Homerus
445 1292 555 1388 utitur,
584 1308 641 1371 sed
669 1311 726 1391 ita,
755 1320 790 1372 ut
820 1331 925 1394 neque
954 1332 1105 1394 umquam
1129 1312 1294 1396 ἀμφότερα
1318 1310 1406 1373 dicat
1428 1332 1532 1393 neque

131 1412 365 1495 adpositionem
393 1416 593 1476 enuntiatum
621 1424 808 1497 sequentem
836 1414 947 1494 faciat3
981 1414 1021 1477 cf.
1045 1413 1159 1476 Hartel
1188 1413 1207 1475 l.
1225 1435 1251 1476 c.
1274 1437 1327 1498 pp.
1352 1414 1391 1476 15
1401 1436 1457 1497 sq,
1484 1414 1533 1476 La

130 1515 243 1579 Roche
265 1517 361 1580 Hom.
387 1516 478 1581 Stud.
504 1521 522 1598 ἕ
545 1517 596 1581 42.
643 1518 728 1601 quod
759 1540 836 1581 vero
872 1519 912 1581 de
942 1518 1020 1580 locis
1051 1519 1231 1599 homericis,
1262 1518 1348 1581 idem
1376 1519 1463 1582 valet
1490 1517 1531 1581 de

130 1622 169 1682 iis
197 1620 371 1705 exemplis,
401 1642 484 1706 quae
512 1622 598 1706 apud
630 1624 832 1705 posteriores·
851 1632 964 1708 poetas
995 1624 1104 1706 epicos
1135 1630 1261 1702 extant,
1293 1622 1399 1707 Apoll.
1427 1622 1530 1685 Rhod.

130 1725 181 1788 III
204 1723 278 1804 987,
301 1725 370 1788 IIII
395 1725 488 1805 1652,
518 1726 628 1806 Quint.
647 1725 775 1811 Smyrn.
800 1727 832 1789 X
858 1726 930 1807 281,
959 1735 991 1789 et
1015 1726 1055 1789 de
1078 1725 1173 1790 Pind.
1192 1724 1242 1789 Ol.
1260 1726 1307 1789 VI
1332 1726 1380 1788 17.
1426 1747 1532 1809 neque

130 1832 157 1891 is
185 1852 262 1892 usus
285 1853 305 1893 a
328 1830 526 1912 Theognidis
554 1829 672 1913 elegeis
700 1831 807 1912 abest3
840 1831 903 1893 duo
932 1833 1015 1894 enim
1044 1842 1118 1894 sunt
1147 1829 1222 1913 loci,
1252 1831 1368 1914 quibus
1397 1829 1470 1893 libri
1498 1830 1532 1892 id

130 1934 269 1998 verbum
297 1935 440 2018 tradunt,
471 1936 534 1998 608
563 1944 594 1998 et
617 1935 689 2012 980,
719 1944 751 1997 et
777 1947 947 2019 praeterea
970 1935 1084 1998 Hartel
1112 1936 1131 1999 l.
1155 1958 1181 1999 c.
1206 1935 1279 2017 650,
1307 1934 1363 1999 ubi
1393 1936 1532 1999 traditm·

129 2046 223 2122 σῶμα
253 2044 474 2120 καταισχύνεις
502 2038 557 2105 καί
584 2043 657 2105 νόον
685 2038 845 2127 ἡμέτερον,
878 2038 1019 2102 scribere
1052 2039 1122 2102 vult
1151 2041 1339 2127 ἀμφότερον.
1394 2039 1451 2101 sed
1480 2038 1531 2103 his

130 2142 280 2206 omnibus
315 2143 394 2207 locis
429 2147 629 2207 enuntiatum
663 2144 855 2228 adpositioni
889 2143 1055 2229 praecedit
1089 2144 1234 2229 (αἰσχρὸν
1268 2144 1306 2231 δὴ
1339 2141 1449 2228 κίρόος
1477 2142 1532 2208 καί

129 2250 227 2311 κακόν
253 2250 434 2335 ἀμφότερον
461 2248 524 2311 608
556 2257 587 2310 et
617 2247 724 2330 χερσίν
753 2274 787 2313 τε
818 2250 967 2314 σπεύδειν
997 2243 1134 2336 χρήμασί
1153 2244 1183 2312 τ’
1199 2250 1365 2335 ἀμφότερα
1394 2246 1471 2332 980)
1501 2256 1531 2310 et

129 2350 230 2414 altero
258 2351 328 2415 loco
356 2352 488 2436 pluralis
512 2353 640 2436 legitur,
668 2363 704 2416 ut
726 2353 820 2416 Dem.
842 2353 960 2417 XVIII
978 2354 1036 2415 171
1062 2354 1092 2418 εἰ
1109 2354 1143 2418 ὑὲ
1162 2359 1236 2431 τοὺς
1250 2354 1416 2438 ἀμφότερα
1430 2359 1530 2417 ταῦτα

129 2454 185 2520 καί
206 2458 312 2534 τόνους
333 2465 372 2543 τῇ
394 2458 488 2522 πόλει
510 2457 564 2522 καί
586 2456 767 2536 πλουσίους.

234 2560 335 2625 Porro
366 2572 401 2625 ut
435 2584 533 2646 saepe
563 2562 651 2646 apud
681 2562 860 2626 Homerum
895 2561 947 2645 (cf.
979 2561 1028 2624 La
1058 2560 1169 2625 Reche
1199 2563 1231 2623 in
1263 2561 1386 2646 ephem.
1418 2581 1529 2643 gymn.

130 2663 240 2727 Austr.
268 2664 348 2726 1871
373 2689 405 2751 p.
427 2665 504 2751 758)
528 2670 573 2729 ita
597 2668 694 2730 etiam
716 2668 749 2729 in
774 2667 893 2749 elegeis
916 2688 1068 2729 numerus
1092 2665 1263 2747 singularis
1286 2666 1375 2727 vocis
1398 2662 1530 2741 ἕκαστος

130 2768 339 2853 adpositionis
368 2769 436 2833 loco
464 2769 623 2855 pluralem
651 2771 787 2833 formam
815 2772 952 2833 nominis
976 2769 1110 2833 alicuius
1134 2771 1292 2853 sequitur5
1322 2768 1363 2830 cf.
1382 2767 1528 2851 Theogn.

129 2873 194 2936 375
221 2877 404 2960 ἀνθρώπων
432 2869 462 2939 d'
477 2872 512 2938 εὑ
539 2868 640 2940 οἶσθα
668 2878 740 2939 νόον
765 2873 819 2938 καί
847 2877 952 2957 θυμόν
981 2874 1115 2937 ἑκάστου
1144 2883 1175 2935 et
1203 2872 1264 2935 967
1293 2873 1414 2937 τούτων
1437 2872 1464 2936 d’
1478 2871 1530 2935 ἐκ·

129 2975 237 3064 φαίνει
261 2983 391 3056 πάντως
417 2981 527 3064 χρόνος
554 2977 638 3065 ἦθος
664 2979 806 3043 ἑκάστου.
854 3000 929 3041 nam
959 2980 1018 3040 etsi
1046 2979 1116 3053 sint,
1147 2978 1201 3060 qui
1225 2975 1288 3039 Sol.
1314 2976 1362 3051 11,
1385 2974 1405 3038 5
1428 2974 1530 3039 verba

128 3080 232 3166 ὑμέων
256 3076 285 3147 ό)
300 3071 346 3160 εἷς
372 3082 429 3167 μὲν
457 3081 591 3161 ἕκαστος
617 3084 783 3161 ἀλώπεκος
807 3081 911 3164 ἰ’χνεσι
938 3080 1042 3163 βαίνει
1071 3083 1173 3144 secuti
1196 3081 1383 3163 genetivum
1406 3103 1425 3142 a
1447 3101 1529 3142 voce

129 3186 265 3250 ἑκάστου
293 3187 436 3270 pendere
458 3196 582 3271 putent,
612 3197 729 3268 tamen,
759 3209 833 3249 cum
856 3188 927 3270 ipsa
950 3185 1126 3267 collocatio,
1151 3208 1191 3247 ne
1214 3183 1247 3247 id
1271 3206 1445 3263 sumamus,
1470 3183 1530 3246 dis·

131 3290 277 3372 suadeat,
301 3303 337 3353 ut
359 3290 411 3354 illo
432 3292 526 3354 modo
547 3292 653 3355 locum
675 3291 885 3375 explicemus,
909 3292 1035 3353 animus
1055 3288 1196 3364 inclinat,
1222 3310 1417 3372 quamquam
1438 3308 1531 3369 gene·

130 3397 188 3458 tivi
212 3395 300 3481 apud
316 3396 494 3460 Homerum
517 3396 640 3459 nullum
664 3395 850 3480 exemplum
873 3395 1043 3458 invenitur.
1088 3405 1120 3456 at
1143 3402 1273 3477 praeter
1296 3392 1531 3454 nominativum

131 3509 221 3563 extat
243 3502 459 3581 accusativus,
487 3501 576 3563 velut
598 3506 635 3565 H
654 3500 718 3564 215
743 3506 856 3585 Τρῶας
884 3497 919 3564 δὲ
945 3501 1062 3582 τρόμος
1084 3498 1173 3575 αἰνός
1195 3497 1341 3583 ὑπήλυθε
1364 3501 1435 3577 γυῖα
1458 3493 1531 3558 ἑκα-

130 3627 215 3685 στον,
240 3613 272 3666 et
292 3604 431 3682 dativus,
456 3605 544 3668 velut
559 3608 587 3669 E
604 3605 717 3690 195sq.
734 3611 823 3689 παρά
844 3602 879 3669 δέ
899 3626 975 3691 σφιν
995 3602 1117 3687 ἑκάστῳ
1139 3598 1260 3683 δίζυγες
1278 3599 1378 3663 ἵπποι
1392 3598 1395 3683 Ι
1409 3598 1530 3662 ἑστᾶσι.

131 3708 279 3772 ultimum
306 3708 413 3773 locum
440 3711 467 3773 si
491 3732 564 3772 cum
585 3709 709 3773 Solonis
730 3731 827 3771 versu
847 3708 941 3771 modo
963 3710 1060 3771 citato
1082 3705 1286 3785 conferimus,
1311 3704 1398 3787 apud
1415 3704 1532 3765 Home·

129 3836 202 3877 rum
223 3812 418 3878 vocabulum
440 3813 583 3899 ἕκαστος,
606 3816 731 3878 etiamsi
754 3823 927 3896 utrumque
951 3833 1067 3876 nomen
1087 3810 1189 3873 verbo
1212 3807 1378 3893 praecedit
1401 3816 1433 3869 et
1456 3806 1531 3870 alte·

129 3940 202 3982 rum
232 3919 274 3983 ab
306 3917 406 3983 altero
438 3920 609 4003 excipitur,
640 3919 851 4002 adpositionis
887 3919 989 3982 instar
1016 3916 1165 4002 usurpari
1194 3913 1331 3994 videtur,
1363 3934 1426 3973 non
1455 3913 1531 3973 item

130 4024 164 4084 in
187 4023 315 4106 elegeis.

678 4154 742 4209 111.
766 4154 815 4207 De
839 4154 984 4209 casibus.

643 4302 676 4386 a)
702 4302 759 4364 De
782 4304 1019 4367 accusativo.

235 4440 275 4503 In
310 4442 488 4506 accusativi
519 4463 581 4504 usu
608 4441 770 4503 Homerus
804 4450 836 4505 et
864 4444 1058 4527 posteriores
1092 4441 1265 4523 scriptores
1298 4434 1440 4497 maxime
1470 4427 1532 4491 hoc

132 4544 330 4629 discrepant,
369 4545 455 4630 quod
486 4545 547 4613 illis
578 4545 665 4626 locis,
700 4545 818 4638 quibus
845 4545 878 4619 hi
907 4544 1201 4639 praepositionibus
1228 4547 1371 4620 utuntur,
1395 4536 1448 4601 ille
1479 4541 1534 4599 aut
