3392 5067
1421 237 1484 302 283

90 430 189 512 possit
216 438 257 510 et,
288 431 314 491 si
343 427 475 491 codices
498 427 612 491 litteris
635 427 826 493 minusculis
854 431 991 514 scriptos
1019 432 1184 516 respicias„
1218 430 1259 493 ad
1290 430 1483 513 scripturam

90 535 241 598 traditam
275 534 422 618 proxime
451 533 599 610 accedat,
630 535 739 597 nescio
762 557 804 598 an
826 534 860 597 id
882 533 1135 619 praeferendum
1164 536 1204 597 sit
1228 534 1337 598 Wielii
1360 535 1484 597 coniec-

90 649 180 702 turae
197 637 312 701 Abelio
329 637 497 722 probatae:
522 638 624 720 δόμον
639 689 646 703 .
664 689 671 702 .
690 690 697 704 .
714 640 808 721 ἁγνόν
823 637 879 722 (cf.
894 637 1013 702 Aesch.
1027 637 1116 724 Sept.
1133 638 1197 702 260
1220 641 1326 722 ἁγνοῖς
1345 638 1481 726 δόμοις).

192 742 389 806 Pronomina
411 743 593 825 possessiva
615 741 710 807 modo
734 743 942 826 praecedere,
965 742 1060 808 modo
1083 745 1172 827 sequi
1188 765 1227 806 ac
1242 763 1484 826 nonnumquam

92 848 360 932 praepositionem
383 845 585 909 intercedere
608 846 694 909 inter
715 869 891 931 pronomen
916 855 947 909 et
964 847 1202 911 substantivum
1223 843 1336 930 (1003;
1361 845 1401 908 cf.
1419 845 1483 930 Ap.

90 952 122 1015 ΙΙ
145 951 222 1038 786)
254 949 306 1013 vol
336 950 431 1035 plura
458 949 561 1014 verba
584 949 677 1036 (822;
709 950 788 1017 oto
810 949 889 1036 387)
920 953 976 1015 vix
1004 961 1052 1014 est
1076 951 1161 1036 quod
1185 972 1342 1013 moneam.
1388 949 1485 1034 paulo

90 1055 329 1121 memorabilius
353 1062 402 1118 est
425 1053 564 1118 formam
586 1054 760 1119 iambicam
784 1057 980 1139 pronominis
1002 1055 1080 1140 ἐμός
1103 1054 1304 1122 substantivo
1328 1055 1484 1139 postposi-

90 1172 156 1224 tam
186 1161 218 1224 in
250 1161 362 1244 quinta
391 1160 464 1241 arsi,
495 1159 552 1222 ubi
584 1158 683 1224 semel
706 1158 804 1224 talem
827 1159 962 1225 formam
990 1161 1021 1222 in
1044 1159 1177 1223 Homeri
1202 1158 1397 1222 carminibus
1421 1158 1485 1240 legi

91 1266 127 1329 B.
152 1263 306 1330 Gisekius
338 1265 526 1330 observavit
556 1263 704 1351 (Homer.
728 1264 928 1349 Forschung.
953 1287 984 1349 p.
1008 1264 1060 1347 27,
1092 1263 1205 1350 834),
1241 1286 1305 1327 non
1335 1263 1483 1326 inveniri.

90 1372 166 1434 item
197 1371 394 1454 pronominis
424 1370 486 1455 ἐγώ
516 1370 640 1434 formae
670 1369 841 1446 iambicae,
873 1392 956 1454 quae
986 1371 1019 1433 in
1051 1371 1173 1455 quinta,
1205 1378 1261 1431 ant
1292 1368 1484 1450 trochaicae,

91 1476 230 1559 quaein
254 1481 368 1558 quarta
391 1475 456 1538 arsi
478 1495 630 1558 perraras
654 1484 728 1538 sunt
750 1474 838 1559 apud
862 1472 1041 1538 Homerum
1065 1473 1173 1560 (nul
1196 1470 1299 1558 3411),
1326 1473 1359 1535 in
1383 1471 1485 1554 Argo-

90 1579 228 1643 nauticis
250 1577 299 1640 his
323 1577 402 1641 locis
424 1600 489 1642 non
512 1577 672 1662 leguntur.

396 1829 456 1886 Π.
480 1831 529 1885 De
551 1829 809 1897 pronominibus
831 1829 951 1886 tertiae
972 1844 1145 1898 personae.
1155 1823 1179 1906 ¹)

195 1993 291 2075 Quod
312 1997 498 2079 Bragmano
522 1995 667 2082 plerique
690 1995 890 2078 obiecerunt,
915 1998 969 2082 qui
990 1995 1030 2060 de
1050 1995 1159 2061 libello
1179 1994 1221 2059 ab
1243 2017 1280 2059 eo
1303 1995 1485 2078 conscripto

91 2097 245 2163 iudicium
269 2098 460 2186 fecerunn),
492 2101 641 2186 cupidius
665 2122 739 2165 eum
766 2100 935 2165 codicibus
958 2102 1066 2164 invitis
1090 2122 1183 2164 usum
1206 2099 1392 2163 liberiorem
1415 2120 1485 2181 pro-

91 2203 228 2267 nominis
257 2205 370 2268 tertiae
397 2226 555 2290 personae
582 2206 615 2267 in
641 2213 755 2290 poetas
777 2204 933 2287 intulisse,
961 2206 995 2268 in
1017 2205 1205 2269 Hermanno
1229 2225 1357 2288 quoque
1380 2223 1485 2285 repre·

90 2307 189 2370 hendi
208 2310 335 2393 poterit,
358 2310 414 2394 qui
435 2308 751 2405 duodeseptuaginta
766 2309 1059 2393 Argonauticorum
1078 2308 1168 2389 locis,
1192 2307 1248 2372 ubi
1267 2301 1300 2373 oi
1320 2305 1486 2370 codicibus

91 2410 239 2496 traditur,
270 2413 476 2497 septuaginta
498 2412 567 2476 fere
591 2415 777 2478 coniectura
800 2415 986 2478 immutatos
1009 2412 1144 2476 addidit.
1190 2433 1266 2475 nam
1294 2411 1380 2496 quod
1403 2411 1486 2472 inter

92 2513 132 2577 68
156 2514 227 2579 illos
249 2515 337 2580 locos
361 2515 403 2581 20
426 2527 510 2602 sunt,
534 2516 651 2602 quibus
674 2517 747 2581 libri
771 2517 848 2581 dett.
874 2518 926 2581 vel
950 2518 987 2606 δή
1012 2517 1064 2580 vel
1086 2517 1147 2602 dou
1170 2516 1222 2580 vel
1244 2519 1302 2601 γάρ
1325 2514 1378 2578 vel
1397 2513 1486 2578 aliud

92 2620 169 2704 quid
196 2641 255 2706 pro
283 2614 316 2686 οἱ
342 2620 544 2704 exhibend),
575 2621 651 2685 inde
678 2624 747 2685 veri
775 2621 879 2685 simile
907 2643 979 2685 meo
1007 2620 1138 2707 quidem
1165 2619 1284 2683 iudicio
1307 2641 1370 2682 non
1393 2618 1429 2681 fit
1452 2619 1486 2680 in

91 2723 177 2788 mell.
201 2723 272 2788 aliis
299 2724 378 2788 locis
405 2719 439 2790 oi
461 2724 680 2790 oblitteratum
705 2747 783 2790 esse.
829 2728 927 2789 immo
952 2747 1025 2789 cum
1048 2725 1134 2788 mell.
1159 2718 1191 2790 oi
1217 2723 1358 2787 fideliter
1380 2743 1486 2785 serva-

91 2829 166 2909 rint,
193 2827 251 2893 ubi
274 2838 434 2894 mutatum
455 2838 506 2892 est
527 2831 560 2893 in
585 2828 674 2906 dett,
702 2830 736 2893 id
759 2832 864 2914 ipsum
888 2852 945 2894 nos
969 2829 1098 2894 docebit
1122 2850 1281 2892 summam
1305 2828 1486 2891 cautionem

91 2933 239 2998 adhiberi
273 2943 421 3020 oportere
453 2936 487 2999 in
516 2937 704 3020 pronomine
738 2934 791 3000 illo
827 2944 939 2999 contra
973 2934 1120 2998 codicum
1154 2931 1239 2997 mell.
1264 2932 1486 2996 auctoritatem

90 3038 287 3123 reponendo.

195 3142 261 3208 Sed
288 3153 463 3229 antequam
490 3144 531 3208 de
558 3144 738 3208 Hermanni
766 3145 968 3224 coniecturis,
1002 3165 1081 3228 quas
1109 3142 1316 3226 Bragmanus
1346 3148 1486 3203 mactare

91 3245 193 3312 noluit
216 3248 272 3334 (cf.
288 3249 404 3341 p.·36),
435 3250 538 3314 verba
560 3249 649 3331 fiant,
681 3248 859 3314 notandum
888 3257 936 3312 est
963 3248 1085 3313 formae
1113 3241 1145 3314 oi
1172 3246 1214 3311 ad
1236 3245 1394 3330 pluralem
1417 3245 1486 3307 sive

197 3493 217 3556 ¹)
237 3493 277 3544 cf.
296 3495 327 3543 F.
340 3493 492 3556 Miklosich,
516 3495 607 3544 Usber
629 3493 654 3542 d.
671 3494 761 3544 reflex.
785 3492 927 3543 Gabrauch
946 3492 970 3542 d.
988 3493 1153 3542 Pronomens
1172 3479 1205 3541 οὗ
1224 3495 1283 3553 etc,
1306 3490 1442 3542 Sita-Ber.
1462 3490 1485 3540 d.

91 3581 203 3629 Wiener
220 3580 314 3643 Akad,
333 3580 477 3632 Phil-hist.
495 3579 566 3631 cti
591 3578 691 3644 (1848),
713 3596 738 3644 p.
759 3581 902 3641 119-127,
926 3580 1021 3643 Beyer,
1044 3579 1085 3628 De
1110 3580 1220 3628 notione
1245 3582 1349 3627 mutata
1366 3591 1486 3642 pronum.

91 3666 106 3716 ἓ
123 3667 180 3734 opt
196 3671 265 3734 σφίν
284 3672 334 3716 cet.
347 3682 435 3732 progr.
448 3666 609 3716 Neostottin.
624 3668 699 3726 1871,
718 3666 747 3716 C.
761 3667 907 3732 Bragman,
926 3666 978 3716 Ein
991 3666 1116 3716 Problsm
1136 3664 1159 3714 d.
1174 3665 1274 3714 homer.
1287 3663 1441 3713 Textkritik
1459 3679 1486 3712 u.

91 3754 116 3803 d.
136 3754 279 3820 vergleich.
299 3753 479 3819 Sprachwiss,
497 3754 606 3819 Lipsiae
628 3755 701 3816 1876,
720 3755 739 3802 Ι.
758 3753 890 3818 Rappold,
908 3754 965 3802 Das
982 3753 1252 3817 Reflexivpronomen
1270 3751 1314 3800 bei
1331 3750 1487 3816 Aeschylos,

92 3840 250 3906 Sophokles,
269 3840 419 3907 Euripides.
438 3856 524 3906 progr.
539 3839 701 3906 Klagent'urt
722 3841 794 3889 1873.

197 3926 219 3992 ²)
237 3927 354 3976 Nomina
372 3943 464 3977 eorum
483 3927 598 3976 collecta
616 3927 738 3976 invenies
756 3927 784 3975 in
803 3926 943 3976 Hnebneri
961 3925 1029 3976 libro
1049 3943 1068 3976 s.
1082 3943 1104 3976 c.
1118 3942 1143 3991 p.
1157 3928 1198 3986 47,
1217 3926 1264 3975 ubi
1281 3924 1399 3974 Hartelii
1422 3941 1488 3974 cen-

92 4027 180 4061 suram
205 4013 249 4077 (cf.
267 4014 335 4062 Ann.
353 4030 444 4079 gymn.
468 4014 555 4063 Austr.
575 4015 649 4075 1876,
672 4031 696 4077 p.
716 4015 765 4062 735
782 4013 832 4078 sq.)
857 4015 981 4062 omissam
1005 4027 1063 4062 esse
1086 4028 1118 4062 eo
1141 4013 1227 4078 magis
1250 4013 1338 4074 miror,
1361 4012 1432 4077 quod
1456 4027 1488 4060 ea

91 4099 204 4148 affertur
221 4115 237 4148 a
255 4100 414 4165 Bambergio
434 4102 471 4149 ibi
490 4102 571 4150 citato
591 4099 635 4164 (cf.
649 4100 716 4166 Eph.
731 4116 822 4165 gymn.
840 4099 928 4149 Berol.
951 4101 1026 4160 1877,
1044 4116 1069 4164 p.
1084 4099 1153 4164 359).

197 4185 217 4249 ³)
235 4185 278 4234 En
297 4187 378 4236 habes
397 4202 442 4237 eos
460 4188 534 4236 locos
551 4189 590 4236 ita
609 4187 763 4252 descriptos,
782 4193 812 4235 ut
830 4188 927 4251 viginti
945 4185 986 4234 illi
1005 4187 1138 4236 asteriscis
1156 4186 1268 4236 adiectis
1287 4191 1425 4235 notentur:
1445 4187 1487 4247 56,

92 4274 135 4334 58,
149 4275 190 4335 67,
205 4274 262 4334 173,
276 4275 335 4333 226,
348 4275 408 4336 231,
421 4276 480 4335 245,
494 4276 553 4336 249,
567 4276 626 4336 253,
639 4275 699 4335 261,
712 4275 771 4336 270,
785 4275 845 4335 271,
859 4276 917 4335 275,
930 4271 1006 4335 1283,
1020 4272 1097 4334 1291,
1110 4275 1168 4336 296,
1182 4275 1241 4334 298,
1261 4275 1319 4335 299,
1333 4273 1409 4334 2394,
1428 4274 1487 4332 495,

92 4362 152 4422 503,
161 4359 238 4420 2530,
248 4361 308 4421 533,
319 4360 394 4422 l53⁴1,
404 4362 465 4421 546,
475 4362 534 4422 578,
544 4362 603 4422 589,
617 4363 666 4410 656
681 4361 751 4424 (bis),
764 4357 840 4422 *sta
854 4362 912 4421 684,
926 4361 985 4422 693,
999 4362 1056 4422 731,
1069 4362 1147 4421 1734,
1159 4358 1234 4424 *761,
1247 4358 1323 4421 2773,
1337 4359 1413 4420 1775,
1429 4359 1487 4420 788,

92 4448 152 4509 807,
166 4449 226 4508 813,
239 4449 298 4509 818,
311 4446 388 4510 1836,
400 4446 477 4509 1838,
490 4449 549 4509 868,
563 4447 639 4509 1839,
652 4449 712 4509 926,
725 4449 784 4509 936,
796 4444 890 4509 11026,
904 4446 998 4509 11028,
1011 4447 1105 4510 troas,
1118 4445 1211 4509 11102,
1228 4449 1302 4509 1136,
1318 4447 1392 4509 1141,
1414 4446 1487 4508 1181,

95 4535 170 4594 1209,
184 4532 491 4597 *1201‚*1209,*1256,
506 4535 580 4595 1264,
597 4535 669 4596 1272,
682 4535 756 4594 1277,
771 4535 844 4595 1309,
858 4534 1018 4596 1311,1331,
1032 4535 1277 4594 1333,1352,1360.
1297 4531 1488 4583 01Η111111111111

91 4619 110 4668 l.
124 4635 146 4670 c.
159 4637 184 4684 p.
200 4622 230 4669 19
249 4620 309 4669 adn.
324 4622 365 4671 21.
