<?xml version="1.0" encoding="UTF-8"?>
<!DOCTYPE html PUBLIC "-//W3C//DTD XHTML 1.0 Transitional//EN"
    "http://www.w3.org/TR/xhtml1/DTD/xhtml1-transitional.dtd">
<html xmlns="http://www.w3.org/1999/xhtml" xml:lang="en" lang="en">
 <head>
  <title>
</title>
<meta http-equiv="Content-Type" content="text/html;charset=utf-8" />
  <meta name='ocr-system' content='tesseract 3.04.00' />
  <meta name='ocr-capabilities' content='ocr_page ocr_carea ocr_par ocr_line ocrx_word'/>
</head>
<body>
  <div class='ocr_page' id='page_1' title='image "./dissertationesp04wiengoog_0118.png"; bbox 0 0 3392 5067; ppageno 0'>
   <div class='ocr_carea' id='block_1_1' title="bbox 1439 236 1497 301">
    <p class='ocr_par' dir='ltr' id='par_1_1' title="bbox 1439 236 1497 301">
     <span class='ocr_line' id='line_1_1' title="bbox 1439 236 1497 301; baseline 0 -1"><span class='ocrx_word' id='word_1_1' title='bbox 1439 236 1497 301; x_wconf 76' lang='lat'><strong>107</strong></span> 
     </span>
    </p>
   </div>
   <div class='ocr_carea' id='block_1_2' title="bbox 91 425 1501 1559">
    <p class='ocr_par' dir='ltr' id='par_1_2' title="bbox 91 425 1501 1559">
     <span class='ocr_line' id='line_1_2' title="bbox 96 425 1496 517; baseline 0.001 -26"><span class='ocrx_word' id='word_1_2' title='bbox 96 450 289 514; x_wconf 82' lang='lat' dir='ltr'><strong>progressus</strong></span> <span class='ocrx_word' id='word_1_3' title='bbox 311 427 527 515; x_wconf 78' lang='lat' dir='ltr'><strong>Baehrensz1)</strong></span> <span class='ocrx_word' id='word_1_4' title='bbox 548 426 580 515; x_wconf 90' lang='lat' dir='ltr'><strong>f.</strong></span> <span class='ocrx_word' id='word_1_5' title='bbox 605 440 633 493; x_wconf 83' lang='lat' dir='ltr'><strong>et</strong></span> <span class='ocrx_word' id='word_1_6' title='bbox 655 428 763 493; x_wconf 76' lang='lat' dir='ltr'><strong>stabile</strong></span> <span class='ocrx_word' id='word_1_7' title='bbox 784 438 903 492; x_wconf 78' lang='lat' dir='ltr'><strong>atamen</strong></span> <span class='ocrx_word' id='word_1_8' title='bbox 927 428 1062 491; x_wconf 76' lang='lat' dir='ltr'><strong>Pur-cac:</strong></span> <span class='ocrx_word' id='word_1_9' title='bbox 1083 427 1086 513; x_wconf 74' lang='lat' dir='ltr'><strong>l</strong></span> <span class='ocrx_word' id='word_1_10' title='bbox 1106 452 1131 491; x_wconf 90' lang='lat' dir='ltr'><strong>c.</strong></span> <span class='ocrx_word' id='word_1_11' title='bbox 1155 452 1182 490; x_wconf 87' lang='lat' dir='ltr'><strong>v.</strong></span> <span class='ocrx_word' id='word_1_12' title='bbox 1206 425 1340 493; x_wconf 79' lang='lat' dir='ltr'><strong>uolueris</strong></span> <span class='ocrx_word' id='word_1_13' title='bbox 1363 431 1468 494; x_wconf 79' lang='lat' dir='ltr'><strong>varios</strong></span> <span class='ocrx_word' id='word_1_14' title='bbox 1493 430 1496 517; x_wconf 76' lang='lat' dir='ltr'><strong>l</strong></span> 
     </span>
     <span class='ocr_line' id='line_1_3' title="bbox 96 520 1500 619; baseline 0.003 -25"><span class='ocrx_word' id='word_1_15' title='bbox 96 555 119 594; x_wconf 80' lang='lat' dir='ltr'><strong>s.</strong></span> <span class='ocrx_word' id='word_1_16' title='bbox 142 556 174 594; x_wconf 84' lang='lat' dir='ltr'><strong>a.</strong></span> <span class='ocrx_word' id='word_1_17' title='bbox 195 555 234 595; x_wconf 87' lang='lat' dir='ltr'><strong>m.</strong></span> <span class='ocrx_word' id='word_1_18' title='bbox 256 532 330 597; x_wconf 79' lang='lat' dir='ltr'><strong>dies.</strong></span> <span class='ocrx_word' id='word_1_19' title='bbox 370 532 504 597; x_wconf 80' lang='lat' dir='ltr'><strong>Richter</strong></span> <span class='ocrx_word' id='word_1_20' title='bbox 526 555 605 597; x_wconf 86' lang='lat' dir='ltr'><strong>vero</strong></span> <span class='ocrx_word' id='word_1_21' title='bbox 626 542 699 619; x_wconf 89' lang='lat' dir='ltr'><strong>post</strong></span> <span class='ocrx_word' id='word_1_22' title='bbox 720 532 829 597; x_wconf 79' lang='lat' dir='ltr'><strong>stabile</strong></span> <span class='ocrx_word' id='word_1_23' title='bbox 852 540 1087 597; x_wconf 90' lang='lat' dir='ltr'><strong>monometrum</strong></span> <span class='ocrx_word' id='word_1_24' title='bbox 1109 520 1310 597; x_wconf 64' lang='lat' dir='ltr'><strong>intercidisse</strong></span> <span class='ocrx_word' id='word_1_25' title='bbox 1334 536 1445 599; x_wconf 77' lang='lat' dir='ltr'><strong>statuit</strong></span> <span class='ocrx_word' id='word_1_26' title='bbox 1468 545 1500 599; x_wconf 88' lang='lat' dir='ltr'><strong>et</strong></span> 
     </span>
     <span class='ocr_line' id='line_1_4' title="bbox 91 637 1498 723; baseline 0.004 -25"><span class='ocrx_word' id='word_1_27' title='bbox 91 659 156 723; x_wconf 84' lang='lat' dir='ltr'><strong>pro</strong></span> <span class='ocrx_word' id='word_1_28' title='bbox 187 658 282 722; x_wconf 78' lang='lat' dir='ltr'><strong>quam</strong></span> <span class='ocrx_word' id='word_1_29' title='bbox 311 658 401 699; x_wconf 72' lang='lat' dir='ltr'><strong>costas</strong></span> <span class='ocrx_word' id='word_1_30' title='bbox 430 660 457 699; x_wconf 85' lang='lat' dir='ltr'><strong>o.</strong></span> <span class='ocrx_word' id='word_1_31' title='bbox 487 637 592 700; x_wconf 81' lang='lat' dir='ltr'><strong>varios</strong></span> <span class='ocrx_word' id='word_1_32' title='bbox 622 638 793 722; x_wconf 77' lang='lat' dir='ltr'><strong>scripsit.²)</strong></span> <span class='ocrx_word' id='word_1_33' title='bbox 835 637 904 702; x_wconf 88' lang='lat' dir='ltr'><strong>Leo</strong></span> <span class='ocrx_word' id='word_1_34' title='bbox 940 637 1079 722; x_wconf 88' lang='lat' dir='ltr'><strong>denique</strong></span> <span class='ocrx_word' id='word_1_35' title='bbox 1114 647 1188 722; x_wconf 90' lang='lat' dir='ltr'><strong>post</strong></span> <span class='ocrx_word' id='word_1_36' title='bbox 1221 637 1329 702; x_wconf 79' lang='lat' dir='ltr'><strong>stabile</strong></span> <span class='ocrx_word' id='word_1_37' title='bbox 1344 713 1345 717; x_wconf 7' lang='grc' dir='ltr'>η</span> <span class='ocrx_word' id='word_1_38' title='bbox 1362 638 1498 703; x_wconf 86' lang='lat' dir='ltr'><strong>lacunae</strong></span> 
     </span>
     <span class='ocr_line' id='line_1_5' title="bbox 98 741 1500 831; baseline 0.001 -26"><span class='ocrx_word' id='word_1_39' title='bbox 98 745 228 827; x_wconf 83' lang='lat' dir='ltr'><strong>signum</strong></span> <span class='ocrx_word' id='word_1_40' title='bbox 258 744 363 828; x_wconf 87' lang='lat' dir='ltr'><strong>posuit</strong></span> <span class='ocrx_word' id='word_1_41' title='bbox 393 753 426 807; x_wconf 89' lang='lat' dir='ltr'><strong>et</strong></span> <span class='ocrx_word' id='word_1_42' title='bbox 455 744 537 808; x_wconf 90' lang='lat' dir='ltr'><strong>haec</strong></span> <span class='ocrx_word' id='word_1_43' title='bbox 567 744 635 807; x_wconf 88' lang='lat' dir='ltr'><strong>fere</strong></span> <span class='ocrx_word' id='word_1_44' title='bbox 664 743 825 807; x_wconf 81' lang='lat' dir='ltr'><strong>excidisse</strong></span> <span class='ocrx_word' id='word_1_45' title='bbox 857 744 1006 828; x_wconf 83' lang='lat' dir='ltr'><strong>opinatus</strong></span> <span class='ocrx_word' id='word_1_46' title='bbox 1034 752 1096 806; x_wconf 89' lang='lat' dir='ltr'><strong>est:</strong></span> <span class='ocrx_word' id='word_1_47' title='bbox 1122 741 1290 831; x_wconf 79' lang='lat' dir='ltr'><strong>(stabilem)</strong></span> <span class='ocrx_word' id='word_1_48' title='bbox 1312 765 1369 827; x_wconf 79' lang='lat' dir='ltr'><strong>per</strong></span> <span class='ocrx_word' id='word_1_49' title='bbox 1391 755 1500 807; x_wconf 79' lang='lat' dir='ltr'><strong>cuncto</strong></span> 
     </span>
     <span class='ocr_line' id='line_1_6' title="bbox 98 846 1499 934; baseline 0.002 -25"><span class='ocrx_word' id='word_1_50' title='bbox 98 848 190 909; x_wconf 73' lang='lat' dir='ltr'><strong>datm</strong></span> <span class='ocrx_word' id='word_1_51' title='bbox 212 857 352 932; x_wconf 76' lang='lat' dir='ltr'><strong>ternpore</strong></span> <span class='ocrx_word' id='word_1_52' title='bbox 374 848 455 911; x_wconf 81' lang='lat' dir='ltr'><strong>vitoe</strong></span> <span class='ocrx_word' id='word_1_53' title='bbox 480 846 550 932; x_wconf 48' lang='lat' dir='ltr'><strong>&amp;aar</strong></span> <span class='ocrx_word' id='word_1_54' title='bbox 571 869 648 931; x_wconf 76' lang='lat' dir='ltr'><strong>quac</strong></span> <span class='ocrx_word' id='word_1_55' title='bbox 663 895 671 908; x_wconf 93' lang='lat'><strong>.</strong></span> <span class='ocrx_word' id='word_1_56' title='bbox 687 848 721 934; x_wconf 85' lang='lat'><strong>..)</strong></span> <span class='ocrx_word' id='word_1_57' title='bbox 747 848 803 911; x_wconf 83' lang='lat' dir='ltr'><strong>scd</strong></span> <span class='ocrx_word' id='word_1_58' title='bbox 828 870 886 913; x_wconf 92' lang='lat' dir='ltr'><strong>cur</strong></span> <span class='ocrx_word' id='word_1_59' title='bbox 908 846 1024 911; x_wconf 84' lang='lat' dir='ltr'><strong>lacuna</strong></span> <span class='ocrx_word' id='word_1_60' title='bbox 1048 846 1221 931; x_wconf 85' lang='lat' dir='ltr'><strong>statuenda</strong></span> <span class='ocrx_word' id='word_1_61' title='bbox 1244 848 1295 929; x_wconf 88' lang='lat' dir='ltr'><strong>sit,</strong></span> <span class='ocrx_word' id='word_1_62' title='bbox 1323 870 1387 911; x_wconf 90' lang='lat' dir='ltr'><strong>non</strong></span> <span class='ocrx_word' id='word_1_63' title='bbox 1410 848 1499 913; x_wconf 86' lang='lat' dir='ltr'><strong>intel-</strong></span> 
     </span>
     <span class='ocr_line' id='line_1_7' title="bbox 98 950 1500 1037; baseline 0 -22"><span class='ocrx_word' id='word_1_64' title='bbox 98 951 188 1035; x_wconf 85' lang='lat' dir='ltr'><strong>lego3</strong></span> <span class='ocrx_word' id='word_1_65' title='bbox 215 974 290 1016; x_wconf 89' lang='lat' dir='ltr'><strong>nam</strong></span> <span class='ocrx_word' id='word_1_66' title='bbox 313 954 339 1015; x_wconf 92' lang='lat' dir='ltr'><strong>si</strong></span> <span class='ocrx_word' id='word_1_67' title='bbox 361 974 393 1014; x_wconf 86' lang='lat' dir='ltr'><strong>v.</strong></span> <span class='ocrx_word' id='word_1_68' title='bbox 418 950 482 1016; x_wconf 75' lang='lat'><strong>925</strong></span> <span class='ocrx_word' id='word_1_69' title='bbox 503 953 662 1037; x_wconf 76' lang='lat' dir='ltr'><strong>quicquam</strong></span> <span class='ocrx_word' id='word_1_70' title='bbox 689 952 869 1034; x_wconf 84' lang='lat' dir='ltr'><strong>scribimus,</strong></span> <span class='ocrx_word' id='word_1_71' title='bbox 899 952 985 1037; x_wconf 89' lang='lat' dir='ltr'><strong>quod</strong></span> <span class='ocrx_word' id='word_1_72' title='bbox 1012 952 1046 1014; x_wconf 91' lang='lat' dir='ltr'><strong>in</strong></span> <span class='ocrx_word' id='word_1_73' title='bbox 1068 950 1228 1016; x_wconf 87' lang='lat' dir='ltr'><strong>nonnullis</strong></span> <span class='ocrx_word' id='word_1_74' title='bbox 1253 951 1419 1017; x_wconf 87' lang='lat' dir='ltr'><strong>codicibus</strong></span> <span class='ocrx_word' id='word_1_75' title='bbox 1447 950 1500 1015; x_wconf 75' lang='lat' dir='ltr'><strong>ex&#39;·</strong></span> 
     </span>
     <span class='ocr_line' id='line_1_8' title="bbox 98 1056 1501 1141; baseline 0 -22"><span class='ocrx_word' id='word_1_76' title='bbox 98 1066 162 1138; x_wconf 85' lang='lat' dir='ltr'><strong>tat,</strong></span> <span class='ocrx_word' id='word_1_77' title='bbox 207 1056 286 1120; x_wconf 90' lang='lat' dir='ltr'><strong>nihil</strong></span> <span class='ocrx_word' id='word_1_78' title='bbox 331 1056 544 1121; x_wconf 85' lang='lat' dir='ltr'><strong>desideratur.</strong></span> <span class='ocrx_word' id='word_1_79' title='bbox 594 1066 737 1120; x_wconf 88' lang='lat' dir='ltr'><strong>ceterum</strong></span> <span class='ocrx_word' id='word_1_80' title='bbox 778 1056 913 1120; x_wconf 88' lang='lat' dir='ltr'><strong>Richter</strong></span> <span class='ocrx_word' id='word_1_81' title='bbox 956 1066 1126 1141; x_wconf 86' lang='lat' dir='ltr'><strong>propterea</strong></span> <span class='ocrx_word' id='word_1_82' title='bbox 1164 1056 1314 1121; x_wconf 85' lang='lat' dir='ltr'><strong>lacunam</strong></span> <span class='ocrx_word' id='word_1_83' title='bbox 1353 1058 1501 1120; x_wconf 89' lang='lat' dir='ltr'><strong>statuisse</strong></span> 
     </span>
     <span class='ocr_line' id='line_1_9' title="bbox 100 1160 1500 1245; baseline 0.002 -24"><span class='ocrx_word' id='word_1_84' title='bbox 100 1160 239 1241; x_wconf 89' lang='lat' dir='ltr'><strong>videtur,</strong></span> <span class='ocrx_word' id='word_1_85' title='bbox 275 1160 361 1245; x_wconf 92' lang='lat' dir='ltr'><strong>quod</strong></span> <span class='ocrx_word' id='word_1_86' title='bbox 396 1160 575 1245; x_wconf 80' lang='lat' dir='ltr'><strong>stropham,</strong></span> <span class='ocrx_word' id='word_1_87' title='bbox 611 1182 708 1245; x_wconf 89' lang='lat' dir='ltr'><strong>quam</strong></span> <span class='ocrx_word' id='word_1_88' title='bbox 732 1184 775 1225; x_wconf 83' lang='lat' dir='ltr'><strong>ex</strong></span> <span class='ocrx_word' id='word_1_89' title='bbox 797 1183 851 1225; x_wconf 85' lang='lat' dir='ltr'><strong>vv.</strong></span> <span class='ocrx_word' id='word_1_90' title='bbox 876 1160 1045 1224; x_wconf 74' lang='lat'><strong>924-931</strong></span> <span class='ocrx_word' id='word_1_91' title='bbox 1083 1162 1235 1245; x_wconf 83' lang='lat' dir='ltr'><strong>confecit,</strong></span> <span class='ocrx_word' id='word_1_92' title='bbox 1269 1160 1414 1225; x_wconf 85' lang='lat' dir='ltr'><strong>dimetris</strong></span> <span class='ocrx_word' id='word_1_93' title='bbox 1449 1160 1500 1224; x_wconf 89' lang='lat' dir='ltr'><strong>dc·</strong></span> 
     </span>
     <span class='ocr_line' id='line_1_10' title="bbox 102 1264 1501 1351; baseline -0.001 -22"><span class='ocrx_word' id='word_1_94' title='bbox 102 1287 232 1329; x_wconf 88' lang='lat' dir='ltr'><strong>currere</strong></span> <span class='ocrx_word' id='word_1_95' title='bbox 265 1265 375 1329; x_wconf 90' lang='lat' dir='ltr'><strong>voluit.</strong></span> <span class='ocrx_word' id='word_1_96' title='bbox 422 1265 509 1351; x_wconf 93' lang='lat' dir='ltr'><strong>quod</strong></span> <span class='ocrx_word' id='word_1_97' title='bbox 542 1273 651 1329; x_wconf 85' lang='lat' dir='ltr'><strong>autem</strong></span> <span class='ocrx_word' id='word_1_98' title='bbox 682 1264 780 1328; x_wconf 85' lang='lat' dir='ltr'><strong>adv.</strong></span> <span class='ocrx_word' id='word_1_99' title='bbox 806 1264 868 1328; x_wconf 75' lang='lat'><strong>927</strong></span> <span class='ocrx_word' id='word_1_100' title='bbox 900 1267 1026 1328; x_wconf 91' lang='lat' dir='ltr'><strong>initium</strong></span> <span class='ocrx_word' id='word_1_101' title='bbox 1061 1265 1197 1348; x_wconf 89' lang='lat' dir='ltr'><strong>adtinet,</strong></span> <span class='ocrx_word' id='word_1_102' title='bbox 1234 1266 1389 1351; x_wconf 87' lang='lat' dir='ltr'><strong>optimum</strong></span> <span class='ocrx_word' id='word_1_103' title='bbox 1423 1266 1501 1330; x_wconf 91' lang='lat' dir='ltr'><strong>mihi</strong></span> 
     </span>
     <span class='ocr_line' id='line_1_11' title="bbox 101 1368 1501 1455; baseline -0.001 -21"><span class='ocrx_word' id='word_1_104' title='bbox 101 1392 172 1434; x_wconf 84' lang='lat' dir='ltr'><strong>esse</strong></span> <span class='ocrx_word' id='word_1_105' title='bbox 194 1369 326 1433; x_wconf 88' lang='lat' dir='ltr'><strong>videtur</strong></span> <span class='ocrx_word' id='word_1_106' title='bbox 353 1368 495 1433; x_wconf 88' lang='lat' dir='ltr'><strong>scribere</strong></span> <span class='ocrx_word' id='word_1_107' title='bbox 523 1392 671 1454; x_wconf 79' lang='lat' dir='ltr'><strong>perquam</strong></span> <span class='ocrx_word' id='word_1_108' title='bbox 693 1392 782 1432; x_wconf 77' lang='lat' dir='ltr'><strong>casus</strong></span> <span class='ocrx_word' id='word_1_109' title='bbox 805 1369 896 1433; x_wconf 83' lang='lat' dir='ltr'><strong>volvit</strong></span> <span class='ocrx_word' id='word_1_110' title='bbox 919 1369 1031 1453; x_wconf 70' lang='lat' dir='ltr'><strong>camos,</strong></span> <span class='ocrx_word' id='word_1_111' title='bbox 1068 1369 1101 1433; x_wconf 91' lang='lat' dir='ltr'><strong>id</strong></span> <span class='ocrx_word' id='word_1_112' title='bbox 1124 1369 1210 1454; x_wconf 90' lang='lat' dir='ltr'><strong>quod</strong></span> <span class='ocrx_word' id='word_1_113' title='bbox 1232 1370 1351 1455; x_wconf 87' lang='lat' dir='ltr'><strong>Pciper</strong></span> <span class='ocrx_word' id='word_1_114' title='bbox 1374 1390 1501 1455; x_wconf 91' lang='lat' dir='ltr'><strong>quoque</strong></span> 
     </span>
     <span class='ocr_line' id='line_1_12' title="bbox 101 1473 1214 1559; baseline 0.001 -22"><span class='ocrx_word' id='word_1_115' title='bbox 101 1474 278 1557; x_wconf 82' lang='lat' dir='ltr'><strong>legendum</strong></span> <span class='ocrx_word' id='word_1_116' title='bbox 301 1496 372 1537; x_wconf 90' lang='lat' dir='ltr'><strong>esse</strong></span> <span class='ocrx_word' id='word_1_117' title='bbox 396 1473 573 1559; x_wconf 76' lang='lat' dir='ltr'><strong>coniecit.³)</strong></span> <span class='ocrx_word' id='word_1_118' title='bbox 1211 1486 1214 1491; x_wconf 82' lang='lat'><em>&#39;</em></span> 
     </span>
    </p>
   </div>
   <div class='ocr_carea' id='block_1_3' title="bbox 221 1773 979 1927">
    <p class='ocr_par' dir='ltr' id='par_1_3' title="bbox 221 1773 979 1927">
     <span class='ocr_line' id='line_1_13' title="bbox 247 1773 979 1840; baseline -0.003 -17"><span class='ocrx_word' id='word_1_119' title='bbox 247 1776 289 1823; x_wconf 84' lang='lat' dir='ltr'><strong>Ex</strong></span> <span class='ocrx_word' id='word_1_120' title='bbox 307 1775 415 1840; x_wconf 84' lang='lat' dir='ltr'><strong>Poipori</strong></span> <span class='ocrx_word' id='word_1_121' title='bbox 432 1776 595 1835; x_wconf 85' lang='lat' dir='ltr'><strong>coniectura,</strong></span> <span class='ocrx_word' id='word_1_122' title='bbox 615 1774 647 1823; x_wconf 88' lang='lat' dir='ltr'><strong>cf.</strong></span> <span class='ocrx_word' id='word_1_123' title='bbox 666 1774 726 1823; x_wconf 87' lang='lat' dir='ltr'><strong>adn.</strong></span> <span class='ocrx_word' id='word_1_124' title='bbox 747 1776 804 1822; x_wconf 85' lang='lat' dir='ltr'><strong>crit.</strong></span> <span class='ocrx_word' id='word_1_125' title='bbox 824 1773 858 1822; x_wconf 85' lang='lat' dir='ltr'><strong>ad</strong></span> <span class='ocrx_word' id='word_1_126' title='bbox 876 1790 900 1821; x_wconf 86' lang='lat' dir='ltr'><strong>v.</strong></span> <span class='ocrx_word' id='word_1_127' title='bbox 920 1775 979 1823; x_wconf 83' lang='lat'>950.</span> 
     </span>
     <span class='ocr_line' id='line_1_14' title="bbox 221 1858 893 1927; baseline 0 -18"><span class='ocrx_word' id='word_1_128' title='bbox 221 1858 231 1927; x_wconf 84' lang='lat'><strong>)</strong></span> <span class='ocrx_word' id='word_1_129' title='bbox 249 1861 337 1924; x_wconf 84' lang='lat' dir='ltr'><strong>Atque</strong></span> <span class='ocrx_word' id='word_1_130' title='bbox 356 1860 408 1909; x_wconf 92' lang='lat' dir='ltr'><strong>hoc</strong></span> <span class='ocrx_word' id='word_1_131' title='bbox 425 1862 478 1909; x_wconf 85' lang='lat' dir='ltr'><strong>iam</strong></span> <span class='ocrx_word' id='word_1_132' title='bbox 497 1861 526 1908; x_wconf 89' lang='lat' dir='ltr'><strong>in</strong></span> <span class='ocrx_word' id='word_1_133' title='bbox 545 1860 631 1910; x_wconf 88' lang='lat' dir='ltr'><strong>Delrii</strong></span> <span class='ocrx_word' id='word_1_134' title='bbox 650 1860 768 1910; x_wconf 91' lang='lat' dir='ltr'><strong>editione</strong></span> <span class='ocrx_word' id='word_1_135' title='bbox 786 1859 893 1925; x_wconf 82' lang='lat' dir='ltr'><strong>legitur.</strong></span> 
     </span>
    </p>
   </div>
   <div class='ocr_carea' id='block_1_4' title="bbox 0 0 1723 5067">
    <p class='ocr_par' dir='ltr' id='par_1_4' title="bbox 0 0 1723 5067">
     <span class='ocr_line' id='line_1_15' title="bbox 0 0 1723 5067; baseline 0 0"><span class='ocrx_word' id='word_1_136' title='bbox 0 0 1723 5067; x_wconf 95' lang='lat' dir='ltr'><strong> </strong></span> 
     </span>
    </p>
   </div>
  </div>
 </body>
</html>
