3392 5067
19 0 129 350 ‘'w-»iq

2984 188 3067 251 35

261 370 384 433 lem
429 356 758 437 dictitans
799 372 962 435 eoeim
1012 372 1305 455 Poppaea
1347 372 1631 457 iunqi'tur
1664 423 1675 433 .
1716 422 1727 431 .
1766 422 1777 432 .
1814 369 2032 434 valent
2076 392 2150 434 ea
2196 392 2362 455 quae
2410 373 2465 435 is
2512 371 2597 435 ad
2629 372 2775 438 Oct.
2810 377 2934 440 671
2968 401 3063 465 sq.

261 474 558 557 contulit,
628 474 741 541 ubi
802 475 1035 540 chorus
1092 496 1209 540 nos
1271 476 1576 539 certiores
1628 475 1788 539 facit
1839 475 2216 561 Poppaeam
2271 476 2400 539 iam
2467 476 2708 541 Neroni
2776 481 3065 545 iunctam.

450 582 473 623 1

257 600 428 771 esse..
472 577 739 749 {Tuflum
781 684 850 749 in
901 705 1090 749 usum
1142 682 1359 769 paullo
1406 692 1552 769 post
1605 682 1824 745 Braun
1878 682 1963 746 ad
2018 682 2163 748 Oct.
2206 683 2334 747 694
2365 705 2484 770 sq.:
2539 684 2800 749 Caesari
2848 689 3065 753 iuncta

256 810 322 851 es
353 799 460 852 tuo
500 792 510 871 Ι
550 788 738 852 taeda
765 789 981 873 iuyali,
1030 811 1201 873 quem
1233 800 1378 851 tuus
1410 787 1569 873 cepit
1614 788 1799 851 decor
1840 789 1849 873 Ι
1888 798 1944 851 et
1988 787 2172 872 culpa
2204 787 2469 853 Senecae
2516 788 2636 877 (sin
2672 793 2888 877 codd..)
2940 805 3061 857 tra-

254 893 423 956 didit
467 893 735 957 «finctum
779 893 893 957 tibi
930 895 939 979 Ι
978 895 1256 979 qenetrioe
1299 892 1556 956 Amoris
1600 892 1941 955 mamimum
1998 915 2222 956 ‘numen
2279 893 2476 957 Venus
2521 897 2724 958 verba
2772 921 2856 961 ex
2904 897 3057 961 Tac.

254 997 434 1062 Ann.
482 997 656 1062 XIII
685 996 772 1062 45
816 998 1019 1083 petita
1064 997 1430 1082 adscripsit,
1491 996 1725 1081 quibus
1769 996 2120 1081 Poppaeae
2164 995 2576 1081 pulchritudo
2624 1001 3057 1085 praedisainr.

251 1123 474 1187 neque
508 1104 619 1186 eis,
666 1124 834 1187 quae
865 1102 1022 1167 Tac.
1055 1101 1301 1166 ibidem
1332 1124 1386 1165 c.
1422 1101 1508 1165 46
1554 1100 1742 1164 dicit:
1790 1100 1896 1163 sed
1928 1111 2169 1186 accepto
2217 1101 2401 1165 aditu
2449 1103 2748 1189 Poppaea
2784 1105 3061 1189 pri-mam

242 1229 365 1291 per
422 1205 850 1270 blandimenta
904 1217 959 1270 et
1012 1216 1178 1270 artes
1229 1206 1551 1285 valescere,
1605 1206 1911 1290 imparem
1964 1206 2249 1291 cupidini
2295 1228 2357 1269 se
2410 1218 2466 1270 et
2509 1206 2732 1292 forma
2792 1209 3061 1273 Naroma

254 1322 509 1395 captam
538 1309 839 1374 simulans
849 1335 872 1393 ;
914 1325 1060 1374 mooe
1099 1312 1234 1375 acri
1274 1312 1405 1373 iam
1437 1310 1750 1394 principis
1781 1331 1992 1373 amore
2023 1309 2110 1372 ad
2153 1308 2503 1394 superbiam
2546 1321 2804 1389 vertens,
2852 1317 3061 1377 verba

254 1413 406 1479 Oct.
450 1414 579 1479 696
624 1426 681 1479 et
723 1416 908 1500 culpa
953 1415 1235 1493 Senecae,
1285 1413 1366 1478 de
1415 1413 1648 1500 quibus
1703 1414 1993 1478 homines
2040 1414 2213 1479 docti
2259 1414 2636 1501 dubitant,²)
2696 1417 2820 1481 ullo
2872 1417 3057 1481 mods]

253 1519 698 1604 explicantur:
745 1519 922 1605 apud
967 1519 1269 1584 Tacitum
1316 1520 1488 1582 enim
1519 1519 1692 1583 Nero
1739 1539 1868 1581 non
1914 1516 2122 1581 solum
2160 1518 2507 1604 Poppaeae
2553 1521 3057 1605 pulchritudine,

253 1623 372 1686 sed
423 1624 620 1687 etiam
674 1622 1137 1687 blandimentis
1184 1621 1561 1707 artibusque
1609 1623 1746 1686 eius
1797 1623 2065 1707 capitur.
2157 1622 2226 1686 id
2270 1643 2425 1686 vero
2472 1622 2908 1689 adnotandum
2960 1637 3057 1689 est

251 1726 580 1793 Ritterum
633 1728 810 1793 haud
865 1737 1044 1792 recte
1097 1727 1222 1793 hoc
1269 1726 1584 1791 Octaviae
1653 1725 1795 1791 loco
1839 1748 2029 1792 usum
2083 1748 2243 1809 esse,
2298 1736 2371 1790 ut
2417 1726 2888 1793 demonstraret
2932 1745 3057 1793 tra*

251 1830 529 1915 goediae
574 1842 904 1897 auctorem
956 1832 1231 1897 Neronis
1287 1831 1689 1916 temporibus
1736 1832 2002 1895 vixisse.
2095 1830 2266 1917 quod
2312 1834 2365 1894 si
2412 1832 2567 1897 dicit
2584 1833 2664 1918 ³):
2716 1837 2900 1917 {quae
2952 1837 3057 1897 illa

250 1937 545 2002 Senecae
594 1938 805 2023 culpa,
866 1959 996 2001 non
1040 1936 1270 2021 liquet3
1319 1957 1424 1999 res
1469 1933 1657 1999 nobis
1704 1937 1926 2019 ignota
1973 1945 2089 2020 est,
2139 1935 2254 1999 sed
2300 1936 2559 2021 aequali
2604 1941 2900 2021 seriptnri
2956 1964 3057 2001 ffl-

248 2042 435 2125 gnita
478 2042 640 2127 fuit‚’.
687 2041 860 2122 inde,
908 2040 1079 2125 quod
1111 2061 1228 2104 nos
1262 2039 1344 2103 de
1388 2038 1502 2102 tali
1534 2038 1824 2104 Senecae
1873 2040 2065 2126 culpa
2109 2039 2269 2104 nihil
2316 2040 2576 2123 scimuS,
2624 2045 2862 2105 nemini
2912 2065 3053 2105 timp

251 2145 521 2209 cludere
560 2145 715 2210 licet
745 2168 893 2210 eum
924 2155 1196 2229 tantum,
1231 2147 1341 2230 qui
1374 2144 1665 2231 Senecae
1697 2153 1993 2229 tempora
2023 2144 2280 2222 viderit,
2314 2144 2559 2229 aliquid
2592 2145 2672 2209 de
2704 2149 2828 2209 has:
2864 2149 3053 2229 culpa

250 2259 660 2336 compertum
704 2249 947 2314 habere
994 2252 1299 2335 potuisse,
1348 2270 1479 2333 qua
1522 2251 1589 2313 in
1642 2271 1715 2312 re
1771 2271 2085 2335 ponamus
2134 2258 2385 2335 oportet
2432 2249 2513 2312 de
2559 2272 2716 2313 vera
2764 2253 3053 2317 &enneae

248 2353 447 2438 culpa
500 2356 567 2417 in
619 2353 745 2418 hac
789 2353 1014 2418 fabula
1059 2375 1423 2418 sermonem
1477 2353 1646 2436 fieri,
1711 2375 1905 2438 quam
1957 2376 2097 2418 rem
2150 2354 2337 2419 aliter
2397 2375 2465 2417 se
2526 2353 2768 2418 habere
2832 2369 3053 2441 postea

244 2457 639 2523 videbimus.

457 2562 568 2627 Ad
623 2562 768 2627 Oct.
823 2562 950 2626 699
992 2584 1155 2649 sqq.:
1216 2563 1372 2626 vidit
1431 2563 1735 2626 attonitus
1782 2561 1791 2646 Ι
1842 2572 2015 2651 tuam
2059 2562 2347 2647 formam
2402 2573 2656 2625 senatus
2724 2613 2732 2625 .
2788 2613 2800 2625 ..
2852 2617 2864 2625 i
2920 2617 2932 2625 .
3001 2577 3053 2629 st

243 2666 375 2752 ipse
422 2665 610 2731 lateri
649 2668 895 2731 iunctus
925 2678 1106 2752 atque
1153 2669 1415 2730 haerens
1460 2678 1566 2730 tuo
1607 2668 1615 2744 Ι
1654 2666 1937 2729 sublimis
1981 2668 2143 2729 inter
2188 2666 2415 2730 civium
2463 2667 2628 2731 laeta
2660 2673 2868 2729 mni-iffi
2908 2673 2916 2753 Ι
2956 2673 3049 2729 in.-

245 2772 424 2834 cessit
456 2820 468 2833 .
506 2820 520 2833 .
558 2820 572 2833 .
608 2818 623 2833 .
671 2773 802 2836 iam
832 2770 1152 2857 Delrius‘1)
1200 2771 1356 2834 Tac.
1391 2770 1562 2835 Ann.
1597 2770 1728 2834 XV
1754 2770 1837 2834 23
1872 2770 2102 2834 verba:
2148 2770 2279 2833 iam
2324 2782 2567 2834 senatus
2612 2785 2856 2833 iiis-ram.
2892 2773 3049 2857 Psi-fi-

238 2898 444 2960 paeae
498 2876 1034 2939 commendaverat
1079 2875 1203 2937 diis
1251 2885 1506 2958 votaque
1551 2874 1795 2960 publice
1846 2885 2197 2960 susceperat
2255 2874 2505 2958 adtulit,
2567 2897 2844 2961 quocum
2904 2877 3049 2941 loss

247 2979 531 3043 conferri
576 2982 772 3043 etiam
816 2988 1031 3064 potest
1075 2977 1222 3044 Oct.
1271 2978 1400 3042 590
1415 2977 1498 3064 5):
1571 2989 1627 3041 et
1670 2979 1797 3064 ipse
1847 2978 2074 3063 populi
2129 2988 2274 3041 vota
2333 2978 2463 3040 iam
2514 2981 2752 3062 pridem
2816 3005 3049 3057 viarm-,-

243 3087 530 3169 itemque
584 3107 732 3149 cum
776 3107 886 3147 vv.
932 3082 1051 3146 721
1091 3104 1254 3168 sqq.,
1310 3082 1548 3167 quibus
1602 3083 1913 3168 Poppaea
1968 3084 2287 3147 somnium
2348 3104 2535 3146 suum
2592 3105 2736 3149 cum
2796 3089 3045 3149 nutrius

245 3191 702 3273 communicat,
751 3189 1048 3274 componi
1095 3197 1383 3273 possunt,
1430 3209 1598 3272 quae
1642 3186 1947 3271 leguntur
1992 3186 2167 3273 apud
2200 3186 2356 3251 Tac.
2390 3185 2563 3251 Ann.
2599 3189 2804 3253 XIIII
2844 3189 2944 3253 1ss:
2993 3201 3045 3253 εἰ.

243 3304 448 3372 erant,
502 3294 608 3377 qui
648 3293 960 3356 crederent
1012 3294 1279 3357 sonitum
1336 3290 1517 3355 tubae
1562 3290 1821 3354 collibus
1864 3294 2087 3354 circum
2136 3292 2317 3355 editis
2362 3291 2764 3377 planctis-sque
2812 3293 3045 3357 tainu-ln

240 3399 463 3461 matris
509 3394 971 3484 (Agrippinae)
1018 3398 1248 3460 audiri.
1306 3395 1421 3460 sed
1475 3419 1664 3461 nemo
1719 3395 1937 3460 hercle
1984 3419 2131 3461 cum
2176 3397 2460 3462 Braunio
2506 3397 2820 3461 iudicabit
2876 3421 3041 3481 eum,

239 3502 352 3586 qui
383 3500 731 3566 Octaviam
763 3505 1139 3587 composuit,
1190 3523 1340 3565 cum
1369 3525 1431 3566 v.
1468 3500 1590 3564 721
1641 3502 1900 3587 scripsit
1926 3502 2108 3563 ‘inter
2150 3499 2444 3564 tubarum
2488 3524 2668 3589 saepe
2712 3501 3045 3565 ίεννίῦἑὲε-ω.

235 3628 476 3684 sonum,
517 3605 729 3670 Taciti
771 3605 988 3671 locum
1018 3616 1168 3671 ante
1201 3605 1418 3670 oculos
1464 3604 1790 3683 habuisse,
1838 3606 1963 3669 nisi
2010 3607 2139 3669 iam
2182 3604 2592 3689 gravioribus
2644 3613 3041 3693 argumentis

453 3780 494 3845 1)
535 3782 690 3843 Quod
727 3784 889 3832 etiam
924 3784 982 3831 in
1021 3782 1140 3832 Oct.
1181 3784 1279 3832 682
1308 3798 1384 3848 sq.
1423 3786 1478 3832 et
1514 3781 1638 3831 Tac.
1661 3781 1799 3832 Ann.
1839 3746 2004 3831 XIIII
2032 3783 2093 3830 61
2135 3780 2382 3847 (‘effigies
2417 3782 2700 3848 Poppaeus
2740 3785 3041 3849 proruunt’]

243 3866 407 3930 cadit,
445 3869 539 3918 ubi
575 3869 860 3935 Poppaeae
898 3872 1196 3936 imaginum
1233 3872 1436 3921 mentio
1473 3867 1548 3918 fit.

450 3954 494 4021 2)
529 3955 708 4006 Locus
752 3956 938 4007 multis
985 3958 1308 4007 coniecturis
1344 3960 1595 4018 vexatuS,
1645 3955 1713 4005 de
1758 3971 1865 4021 quo
1914 3957 1973 4004 in
2018 3957 2313 4020 posteriore
2360 3955 2522 4005 huius
2572 3961 3041 4005 commentationis

234 4050 391 4111 parte
427 4044 582 4095 nobis
616 4044 883 4110 agendum
921 4046 1040 4095 erit.

449 4130 494 4197 ³)
531 4130 611 4181 cf.
648 4132 771 4182 adn.
809 4132 877 4182 ad
912 4131 964 4182 h.
992 4148 1062 4195 V.;
1100 4136 1156 4182 et
1191 4132 1292 4181 hoc
1329 4133 1410 4180 est
1445 4130 1664 4179 tertium
1703 4128 2333 4193 Ritteriargumentum,
2371 4145 2478 4194 quo
2516 4145 2664 4181 suam
2716 4137 3037 4181 emitum-„inin

235 4217 587 4283 comprobare
623 4219 843 4269 studuit.
916 4219 1241 4269 contendere
1277 4222 1459 4267 autem
1499 4231 1622 4266 eum
1670 4217 1926 4265 memoria
1982 4220 2169 4265 teneas
2214 4216 2353 4266 hanc
2403 4216 2640 4267 fabulam
2692 4217 2872 4285 paullo
2920 4229 3037 4285 post

235 4306 470 4356 Neronis
515 4312 740 4356 mortem
778 4308 1134 4373 conscriptam
1172 4320 1302 4355 esse.
1362 4304 1428 4354 de
1465 4305 1657 4354 ceteris
1693 4304 1854 4352 huius
1889 4305 2359 4355 commentationis
2403 4322 2452 4371 p.
2481 4307 2672 4370 2451111,
2712 4313 2764 4357 st
2804 4325 2848 4373 p.
2880 4313 3033 4371 tilii-iq.

232 4394 642 4458 disputavimus.

447 4481 491 4546 ⁴)
527 4480 652 4530 Non
686 4479 1005 4544 Gronovius,
1040 4484 1103 4529 ut
1137 4480 1324 4530 Braun
1359 4478 1395 4528 1.
1421 4494 1466 4528 c.
1502 4494 1554 4544 p.
1581 4478 1648 4527 39
1686 4478 1831 4527 dicit.

448 4568 491 4633 ⁵)
529 4568 700 4630 Quem
736 4582 951 4619 versum
988 4572 1135 4619 recte
1169 4568 1229 4619 in
1265 4566 1540 4618 codicibus
1577 4564 1831 4615 traditum
1870 4579 1987 4614 esse
2025 4570 2213 4629 postea
2249 4566 2608 4616 demonstrare
2648 4569 2993 4617 studebit-nus.

2656 4649 2720 4701 3*
