3392 5067
1456 154 1458 161 v
1470 206 1527 270 141

1459 276 1532 347 *x

130 410 325 496 quibuscum
360 408 440 472 locis
477 408 622 490 Theogn.
655 406 718 469 553
754 404 965 493 διαπρήξουσι
1003 403 1155 469 κέλευθον
1192 406 1428 489 comparandus
1470 416 1527 469 est.

130 536 192 599 quo
219 514 290 579 loco
321 515 455 577 imitatio
483 511 654 576 statuenda
681 519 743 592 est,
774 509 836 572 hoc
864 512 949 572 enim
977 508 1052 573 inde
1080 509 1227 593 adparet,
1254 508 1340 593 qnod
1368 532 1529 594 nusquam

129 618 205 682 alibi
237 619 446 705 διαπρήιτειν
474 625 665 699 usurpatum
695 609 869 695 invenitur,
901 615 960 676 etsi
989 614 1065 695 loci,
1094 612 1211 697 quibus
1241 613 1389 677 adhiberi
1419 615 1527 698 possit,

12 730 17 737 '
129 744 193 786 non
228 722 358 802 desunt,
399 720 440 784 cf,
475 729 606 805 praeter
642 719 662 781 l.
699 741 796 803 supra
831 740 859 781 c.
894 718 1051 802 (Theogn.
1083 717 1145 780 511
1181 722 1289 799 βαθύν
1323 718 1377 782 διὰ
1410 721 1529 784 πόντον

129 826 280 911 ἀνύσσας)
303 826 395 909 Tyrt.
423 826 473 908 11,
499 823 539 887 15
562 822 660 907 λέγων
682 826 824 888 ἀνύσειεν
847 820 880 907 (ξ
905 821 964 883 197
989 820 1201 907 διαπρήξαιμι
1224 820 1345 907 λέγων).

232 930 332 995 Porro
360 934 537 1011 πτωχεύειν
564 938 597 991 et
626 926 714 1012 apud
741 927 921 989 Homerum
950 936 981 988 et
1011 928 1044 988 in
1075 926 1193 1009 elegeis
1224 935 1274 989 est
1302 926 1527 1009 ‘mendicare'3

129 1034 187 1098 sed
225 1035 313 1119 apud
351 1034 441 1098 illum
479 1034 577 1096 etiam
614 1036 789 1112 πτωχεύειν
826 1031 921 1096 δαῖτα
959 1032 1135 1112 invenitur,
1178 1030 1266 1115 apud
1305 1021 1528 1115 Theognidem

128 1149 236 1202 autem
261 1138 325 1201 922
346 1140 504 1220 πτωχεύει
528 1138 563 1203 δὲ
585 1135 697 1223 φίλους
718 1139 842 1213 πάντας
864 1134 1026 1199 obiectum
1049 1156 1187 1219 persona
1210 1134 1363 1217 efficitur,
1389 1158 1528 1221 quocum

127 1242 198 1307 loco
219 1242 351 1307 Homeri
370 1268 388 1306 v
411 1242 472 1305 179
493 1240 605 1325 ἀνέρας
624 1238 755 1319 αἰτίζων
777 1238 845 1325 (die
862 1239 1000 1302 Manner
1015 1238 1218 1324 anbettelnd)
1244 1240 1399 1303 conferas.
1428 1249 1529 1304 restat

128 1356 164 1409 ut
197 1346 304 1411 dicam
334 1347 478 1429 Theogn.
501 1345 542 1409 76
571 1346 744 1428 ἐπιχειρεῖν
771 1339 845 1427 έργα
879 1343 957 1426 legi,
990 1344 1045 1428 qui
1079 1365 1156 1406 usus
1190 1342 1251 1406 hoc
1284 1344 1353 1407 loco
1390 1354 1527 1429 excepto

128 1450 359 1536 posterioribus
387 1451 518 1515 demum
547 1448 748 1533 temporibus
778 1449 952 1529 invenitur,
983 1469 1143 1531 nusquam
1172 1446 1259 1532 apud
1288 1450 1527 1533 antiquissImos

128 1564 241 1639 poetas
272 1557 392 1639 epicos,
424 1555 544 1638 quippe
574 1554 629 1637 qui
661 1552 806 1615 dativum
841 1550 972 1633 addant,
1006 1558 1038 1613 et
1069 1551 1212 1635 Theogn.
1238 1550 1301 1615 762
1332 1552 1527 1635 singularem

127 1669 240 1723 extare
268 1660 539 1723 constructionem
567 1653 772 1741 ἀρέσσασθαί
792 1653 825 1721 τί
846 1680 911 1721 τινι
934 1654 1038 1743 (ἡμεῖς
1060 1655 1094 1720 δὲ
1118 1656 1262 1734 σπονδὰς
1284 1661 1411 1722 θεοῖσιν
1433 1659 1544 1741 ἀρεσ-“

126 1765 287 1849 σάμενοι).
324 1762 425 1827 multo
455 1763 540 1826 enim
571 1762 717 1823 usitatior
744 1769 793 1822 est
823 1760 925 1823 altera
954 1769 1126 1822 structura:
1151 1758 1345 1844 ἀρέσκεσθαί
1367 1764 1438 1825 τινά
1453 1784 1525 1826 τινι.

231 1867 524 1950 Transgrediemur
560 1868 623 1929 iam
661 1864 703 1927 ad
749 1863 944 1929 obiectum
989 1862 1088 1948 quod
1134 1863 1278 1926 dicitur
1322 1866 1524 1929 internum.

126 1972 251 2055 figurae
278 1973 386 2055 igitur,
411 1992 508 2057 quam
536 1970 736 2053 grammatici
764 1968 1012 2053 etymologicam
1035 1978 1162 2052 vocant,
1187 1968 1337 2053 exempla
1362 1991 1527 2055 perpauca

126 2079 159 2140 in
184 2076 303 2159 elegeis
326 2078 543 2139 inveniuntur.
586 2084 661 2137 sunt
683 2084 791 2136 autem
819 2075 914 2137 haec:
945 2072 1008 2137 Sol.
1033 2072 1084 2156 27,
1110 2072 1150 2135 12
1174 2070 1356 2157 οὐδ’ίίρδειν
1377 2069 1528 2158 ἔθ’δμῶς

127 2174 190 2263 ἔργ’
198 2180 374 2263 ἀπάλαμνα
390 2176 491 2260 θέλει,
515 2177 659 2260 Theogn.
678 2177 740 2240 733
750 2200 797 2262 sq.
821 2174 951 2259 σχέτλια
967 2172 1085 2262 ἔργα..
1108 2176 1112 2262 Ι
1132 2176 1336 2264 ἐργάζοιτοῤ)
1361 2178 1422 2242 361
1447 2177 1526 2263 μέγα

127 2293 219 2372 πήμα
248 2285 430 2363 παθόντοςς
466 2304 549 2367 quae
586 2283 705 2365 elegeis
738 2303 811 2345 cum
839 2281 973 2344 Homeri
1005 2281 1202 2344 carminibus
1233 2284 1415 2347 communia
1442 2293 1525 2346 sunt.

127 2386 290 2451 accedunt
318 2409 438 2471 pauca,
474 2408 556 2470 quae
588 2386 629 2450 ab
660 2386 762 2449 Iliade
794 2396 826 2447 et
854 2384 995 2469 Odyssia
1025 2385 1130 2448 aliena
1159 2396 1247 2467 sunt,
1280 2386 1351 2450 dico
1379 2387 1524 2470 Theogn.

127 2490 191 2553 543
202 2512 248 2576 sq.
273 2492 367 2578 τήνδε
394 2491 570 2571 discescit
593 2540 629 2554 ..
659 2488 749 2577 δίκην
780 2488 836 2576 (cf.
863 2489 941 2552 Hes.
970 2489 1008 2552 fr.
1039 2489 1101 2551 182
1131 2490 1212 2576 μηδὲ
1244 2490 1334 2576 δίκην
1366 2492 1524 2580 δικάσῃς),

127 2594 265 2658 Demod.
283 2594 302 2657 6
315 2592 471 2679 (tetram.)
494 2594 619 2673 δικάζευ
634 2600 691 2680 τήν
702 2591 861 2680 Πριηνίην
876 2592 973 2679 δίκην,
994 2593 1139 2677 Theogn.
1157 2593 1220 2657 682
1236 2592 1272 2673 ὃς
1286 2600 1343 2681 τήν
1358 2594 1526 2684 ἀλλοτρίην

125 2694 251 2781 βούλετ’
259 2700 394 2784 άρουραν
409 2702 512 2782 ἀροῦν,
529 2720 612 2782 quae
631 2700 738 2780 imago
754 2699 841 2781 apud
862 2706 974 2782 poetas
995 2700 1134 2780 tragicos
1150 2699 1227 2761 satis
1244 2700 1361 2763 usitata
1377 2699 1524 2763 hocloco

126 2806 266 2888 primum
297 2805 469 2867 invenitur.
516 2825 621 2887 neque
652 2824 787 2886 magnus
817 2824 970 2865 numerus
1001 2823 1111 2865 eorum
1141 2803 1284 2866 locorum
1316 2814 1373 2883 est,
1406 2803 1524 2887 quibus

125 2929 185 2992 pro
217 2907 419 2972 substantivo
452 2907 493 2970 ab
526 2908 641 2971 eadem
678 2909 776 2990 stirpe
808 2906 954 2969 derivato
991 2906 1053 2969 alia
1079 2928 1144 2971 vox
1173 2908 1205 2969 vi
1237 2906 1331 2970 simili
1367 2908 1524 2971 instructa

124 3011 257 3092 legitur:
286 3011 430 3095 Theogn.
457 3011 518 3075 159
541 3014 723 3096 ἀγοράσθαι
746 3006 824 3088 ἔπος
846 3008 937 3094 μέγά,
965 3009 1026 3074 688
1051 3008 1141 3098 δίκην
1162 3012 1274 3092 εἰπεῖν,
1300 3011 1360 3074 761
1385 3010 1524 3097 φόρμιγξ

128 3116 147 3180 δ
153 3111 162 3134 ‘
185 3113 225 3180 ού
255 3112 436 3201 φθέγγονθ’
458 3110 542 3197 ίερδν
575 3112 678 3199 μέλος.
724 3135 807 3200 quae
842 3114 993 3198 exempla
1027 3117 1133 3178 omnia
1166 3115 1286 3179 frustra
1319 3138 1456 3200 quaeras
1491 3117 1524 3179 in

126 3219 259 3284 Homeri
289 3220 495 3284 carminibus.
537 3221 715 3283 communis
738 3229 845 3282 autem
871 3228 903 3282 et
926 3220 1001 3282 huic
1029 3228 1060 3281 et
1087 3222 1189 3305 poetis
1214 3220 1363 3303 elegiacis
1387 3229 1436 3283 est
1463 3218 1523 3282 for-

125 3324 214 3387 mula
227 3322 300 3405 βίον
320 3323 383 3412 ζήν,
406 3345 489 3408 quae
505 3324 649 3406 Theogn.
669 3324 749 3385 1121
775 3324 860 3411 dccc
882 3322 955 3406 βίον
977 3323 1092 3408 ζώοιμι
1114 3333 1219 3389 κακῶν
1242 3322 1397 3389 ἔκτοσθεν
1419 3327 1524 3388 ἁπάν-

124 3453 188 3493 των
204 3438 236 3491 et
251 3452 269 3494 ο
284 3428 346 3491 491
364 3428 454 3507 ζώεις
470 3424 636 3512 δάγαθδν
650 3427 725 3510 βίον
747 3429 874 3511 legitur.
913 3436 1012 3491 restat
1035 3450 1117 3492 unus
1139 3430 1239 3510 locus,
1263 3428 1304 3491 de
1326 3451 1388 3513 quo
1409 3437 1524 3512 agatur

123 3554 259 3597 necesse
283 3543 340 3612 est,
364 3532 509 3614 Theogn.
535 3531 608 3613 283,
632 3533 686 3596 ubi
712 3535 861 3617 primum,
886 3536 918 3596 ni
941 3532 1043 3615 fallor,
1067 3532 1205 3597 formula
1227 3534 1315 3599 πόδα
1337 3531 1524 3617 προβαίνειν

125 3648 226 3718 extat,
250 3659 332 3722 quae
360 3648 433 3720 post
455 3635 678 3718 Theognidem
706 3660 780 3701 cum
808 3638 896 3721 apud
923 3636 1001 3700 alios
1030 3639 1203 3721 scriptores
1230 3648 1299 3702 tum
1321 3638 1409 3722 apud
1433 3638 1523 3701 Euri-

124 3741 234 3825 pidem
257 3762 354 3825 saepe
377 3743 552 3819 invenitur,
585 3733 625 3804 cf.
647 3742 802 3806 Kuehner
823 3740 880 3805 Gr.
894 3763 942 3825 gr.
962 3732 1068 3828 gelo,
1087 3742 1134 3805 2ο
1158 3740 1520 3825 KruegerDi.⁴16,l·,3.

124 3844 272 3909 videmus
299 3846 398 3928 igitur
425 3868 444 3908 a
469 3844 556 3909 molli
586 3845 647 3908 hoc
677 3848 782 3930 poesis
812 3868 933 3929 genere
963 3846 1116 3911 formulas
1147 3845 1346 3925 audaciores,
1378 3867 1461 3931 quae
1491 3857 1523 3909 et

124 3950 156 4011 in
191 3948 386 4014 carminibus
423 3952 522 4034 epicis
559 3959 591 4013 et
625 3952 658 4012 in
691 3958 860 4034 poetarum
895 3952 1116 4015 scaenicorum
1152 3950 1271 4015 fabulis
1304 3953 1523 4031 inveniuntur,

124 4053 248 4125 abesse.
270 4054 390 4117 frustra
405 4056 503 4137 igitur
518 4055 600 4118 tales
616 4054 678 4119 loci
692 4058 1003 4141 circumspiciuntur,
1017 4055 1130 4141 quales
1147 4066 1220 4119 sunt
1232 4066 1296 4142 πῦρ
1309 4107 1315 4121 .
1328 4107 1351 4122 ..
1366 4056 1523 4140 δεδορκώς

123 4156 230 4239 τ446,
254 4157 347 4241 με’νος
361 4156 526 4237 πνείοντες
543 4159 731 4245 (πνέουσαν)
750 4187 769 4241 χ
785 4160 858 4241 203,
883 4160 980 4245 Soph.
998 4160 1116 4224 Electr.
1134 4160 1197 4224 610
1218 4162 1336 4245 aliique
1357 4160 1390 4223 id
1410 4182 1520 4243 genus.

122 4407 235 4485 gunturss
259 4422 292 4471 cf.
311 4422 401 4486 hymn.
419 4424 500 4473 Merc.
520 4425 569 4473 203
588 4422 655 4474 ὁδὸν
668 4424 844 4492 πρήσσουσιν,
862 4426 948 4490 Apoll.
962 4426 1047 4475 Rhod.
1065 4426 1078 4473 I
1098 4427 1163 4474 1267
1177 4426 1291 4494 πρήσσει
1303 4423 1410 4488 donov,
1429 4426 1520 4486 Quint.

124 4507 228 4573 Smyrn.
241 4508 294 4558 VH
306 4511 356 4558 399
363 4525 401 4575 sq.
422 4507 626 4578 διαπρήσσουσα
645 4512 785 4575 θαλάσσης
801 4512 805 4576 Ι
820 4513 930 4575 βένθεα,
949 4513 1028 4561 XIIII
1045 4515 1095 4561 404
1114 4511 1280 4581 διέπρησσον
1298 4514 1386 4580 μέλαν
1404 4511 1486 4582 ίίδωρ.

229 4596 249 4660 ¹)
268 4596 359 4661 Bergk
377 4612 424 4661 pro
444 4596 586 4664 ἐργάζοιτο
605 4601 709 4663 scripsit
728 4599 892 4665 τεχνάζοιτο.
