3392 5067
1429 243 1493 311 253
1506 285 1508 292 -

95 436 167 503 loco
189 438 222 503 id
246 447 371 505 tantum
394 437 681 503 demonstrandum
704 447 752 501 est
774 430 934 504 ἐλπεσθαι
960 436 1003 514 ὡς
1025 419 1067 501 ab
1083 436 1373 521 Argonauticorum
1396 439 1494 523 scrip-

95 550 165 605 tore
196 540 261 605 diei
291 544 441 627 potuisse.
488 541 667 605 inauditam
699 549 785 605 certe
816 539 915 603 talem
946 547 1139 603 structuram
1170 561 1232 603 non
1263 561 1332 606 esse
1358 540 1494 627 adparet

97 667 172 710 cum
195 668 238 709 ex
260 644 418 731 exemplis
441 668 460 709 a
483 644 659 710 Kuehnero
691 644 840 731 (gramm.
865 666 973 728 graec.
997 643 1031 707 II
1053 648 1073 725 ξ
1094 643 1173 730 549)
1204 644 1346 709 collectis
1376 645 1492 729 (Thuo.

96 750 127 814 V
143 750 173 833 9,
190 750 219 833 3,
250 751 332 815 Plat.
356 750 458 814 Lach.
482 749 586 832 2005,
610 750 687 815 Eur.
712 750 761 813 El.
786 749 848 812 916
880 742 958 814 ὥστ’
976 749 1125 838 ἤλπισας,
1157 750 1200 827 ὡς
1227 750 1274 827 είς
1303 752 1338 814 σὲ
1367 747 1424 834 μὲν
1453 750 1493 838 δὴ

95 858 196 944 μήτηρ
220 860 278 939 οὐχ
300 854 381 935 ἕξεις
402 862 500 945 κακὴν
526 860 637 946 γήμας,
665 853 763 940 Soph.
787 854 836 919 El.
861 853 951 938 963),
984 863 1051 917 tum
1084 853 1251 918 eWiseni
1282 862 1359 917 ncta
1387 876 1419 939 p.
1436 853 1492 918 27;

96 960 192 1044 ‘quod
216 962 418 1044 grammatici
439 960 573 1025 tradunt
602 970 675 1045 post
697 954 845 1040 ἐλπίζειν,
877 953 969 1037 ἐλπίς
992 958 1084 1021 simil.
1109 959 1362 1023 enuntiationem
1385 957 1426 1022 ab
1450 960 1493 1037 ὡς

93 1065 303 1149 incipientem
333 1066 495 1129 rarissime
526 1066 612 1150 poni,
645 1086 664 1128 a
693 1065 829 1129 veritate
863 1062 1003 1126 alienum
1032 1071 1090 1125 est.
1135 1061 1168 1125 hi
1200 1062 1285 1125 enim
1315 1061 1377 1125 loci
1406 1062 1493 1146 apud

94 1168 326 1254 Thucydidem
355 1192 455 1234 unum
477 1194 497 1234 a
520 1168 613 1233 nobis
640 1168 786 1261 adnotati
817 1177 893 1231 sunt
921 1168 964 1231 ad
988 1167 1181 1230 contrariam
1208 1167 1400 1230 sententiam
1422 1190 1493 1252 pro-

94 1272 252 1337 bandam:
280 1273 298 1337 I
325 1274 377 1356 81,
398 1274 427 1357 6,
451 1274 484 1337 ΙΙ
507 1274 559 1357 42,
575 1274 605 1355 4,
629 1274 681 1337 III
702 1272 754 1353 40,
774 1271 806 1354 13
830 1272 882 1356 46,
901 1272 930 1352 1,
953 1271 1021 1335 HII
1044 1270 1095 1354 81,
1112 1271 1143 1348 3,
1166 1270 1197 1333 V
1221 1270 1251 1354 9,
1268 1270 1299 1354 3,
1324 1270 1371 1335 VI
1394 1270 1445 1351 30,
1462 1272 1492 1357 2,

94 1378 179 1442 VIII
204 1377 282 1460 1,1;
306 1378 409 1460 54,1;
433 1378 485 1463 94,
502 1379 542 1442 2.’
578 1378 694 1463 quibus
717 1376 794 1441 addi
817 1384 952 1461 possunt
974 1374 1051 1439 Eur.
1075 1375 1205 1439 Heracl.
1231 1374 1313 1438 1051
1339 1373 1494 1460 (ἐλπίζειν

93 1482 208 1567 ὅπως),
240 1482 314 1548 Tro.
337 1482 401 1547 489
431 1480 537 1568 (ἐλπίς
560 1482 626 1568 ὡς),
654 1480 725 1566 Iph.
750 1482 790 1544 A.
816 1479 888 1564 605,
919 1480 1001 1543 Hoc.
1025 1478 1099 1561 368,
1123 1478 1287 1564 Aristoph.
1311 1479 1392 1543 Ran.
1416 1480 1490 1557 530,

93 1586 214 1651 Herod.
240 1575 305 1651 VII
329 1586 389 1651 157
424 1585 577 1672 (ἐλπίζειν
604 1586 671 1671 ὡς),
702 1578 803 1650 VIIII
824 1584 867 1648 48
900 1584 1192 1670 (προσδεκόμενοι),
1223 1583 1319 1647 Dem.
1344 1583 1394 1665 19,
1418 1584 1491 1667 333,

95 1692 204 1778 (Lys)
230 1691 278 1774 14,
296 1691 325 1754 2.
371 1692 435 1756 huc
458 1690 594 1771 accedit,
626 1689 712 1774 quod
735 1689 823 1775 apud
852 1690 1044 1773 posteriores
1067 1687 1169 1752 verba
1190 1687 1325 1772 putandi
1349 1688 1401 1753 vel
1423 1711 1492 1773 spe·
1615 1703 1617 1712 ’

92 1796 187 1860 randi
208 1797 336 1880 saepius
361 1818 433 1859 cum
456 1796 507 1860 ὅτι
530 1804 561 1858 et
584 1798 627 1873 ὡς
650 1795 902 1878 coniunguntur3
928 1792 969 1857 cf.
993 1790 1144 1878 exempla
1166 1814 1186 1855 a
1201 1792 1370 1875 Kruegero
1394 1791 1424 1878 (I
1440 1793 1491 1877 65,

96 1903 123 1985 l,
139 1900 175 1986 4)
207 1898 315 1963 adlata
351 1898 479 1985 (Polyb.
503 1897 655 1963 XXVIII
678 1897 746 1981 9,4
769 1898 875 1963 δοκεῖν
896 1895 957 1979 ὅτι,
992 1897 1065 1962 Αιϊ.
1092 1896 1199 1960 Anab.
1222 1897 1239 1961 I
1261 1896 1326 1974 4,7
1350 1892 1492 1977 ἐλπίζειν

93 2002 158 2090 ὅτι)
182 2013 214 2067 et
236 2005 323 2069 locos
346 2003 484 2089 Polybii,
509 2006 563 2087 qui
586 2001 673 2088 apud
697 2002 735 2066 L.
762 2001 988 2067 Goetzelerum
1000 2000 1022 2087 ¹)
1053 2010 1181 2086 praesto
1205 2009 1291 2064 sunt:
1328 2003 1492 2067 πιστεύειν

93 2110 144 2175 dn
173 2109 208 2173 II
231 2108 281 2191 39,
299 2107 328 2190 8,
359 2108 428 2171 IIII
452 2106 549 2189 10,1,
581 2107 749 2173 XXVIIII
775 2106 824 2188 12,
842 2106 872 2188 6,
903 2108 987 2173 διότι
1015 2106 1100 2171 XVI
1125 2105 1174 2183 12,
1192 2104 1221 2187 3,
1252 2104 1369 2169 XVIII
1391 2104 1443 2187 34,
1461 2105 1490 2187 7,

93 2213 214 2277 XXIII
236 2213 266 2295 2,
283 2213 313 2295 9,
335 2211 476 2292 ἐλπίζειν
498 2212 549 2277 ὅτι
571 2212 622 2276 III
645 2211 696 2296 63,
714 2211 743 2276 7.
790 2233 891 2297 quare
914 2210 1000 2275 haud
1024 2208 1238 2295 improbabile
1260 2209 1338 2273 mihi
1360 2210 1492 2274 videtur

93 2338 220 2382 sumere
243 2319 538 2401 Argonautieorum
569 2318 768 2403 scriptorem,
801 2339 876 2382 cum
906 2326 1051 2381 ceterum
1083 2324 1224 2395 caveret,
1255 2336 1296 2377 ne
1326 2314 1491 2379 Homerici

92 2444 170 2486 usus
193 2422 274 2485 fines
298 2422 481 2507 excederet,
512 2421 574 2486 hoc
596 2444 658 2485 uno
682 2422 752 2487 loco
775 2444 793 2486 e
817 2424 866 2487 sui
896 2423 1049 2507 temporis
1072 2442 1161 2485 more
1184 2420 1227 2498 ὡς
1256 2427 1328 2504 post
1349 2414 1490 2504 ἔλπομαι

92 2547 246 2613 posuisse.

197 2646 294 2727 Quod
315 2646 355 2712 ad
378 2646 511 2726 modum
534 2647 667 2730 adtinet,
691 2669 818 2732 semper
840 2645 998 2711 habemus
1021 2643 1272 2731 indicativum.²)
1295 2644 1381 2710 idem
1403 2646 1491 2710 valet

93 2750 134 2815 de
156 2752 472 2836 interrogationibus
497 2773 577 2837 quas
602 2761 721 2816 vocant
743 2750 927 2833 indirectas,
957 2753 1103 2837 exceptis
1126 2774 1155 2815 v.
1176 2749 1267 2831 1174,
1291 2749 1348 2813 ubi
1371 2749 1490 2833 legitur

94 2858 317 2921 coniunctivus
348 2857 557 2939 dubitativus,
589 2865 621 2920 et
651 2880 682 2920 v.
708 2855 771 2919 770
795 2876 875 2940 sqq,
906 2854 963 2919 ubi
993 2859 1155 2941 optativus
1185 2856 1307 2939 positus
1338 2863 1387 2918 est
1417 2863 1490 2939 post

93 2970 221 3047 tempus
244 2962 464 3047 praeteritum.

511 3264 557 3322 11.
574 3236 639 3320 ¹Dc
662 3263 845 3321 enuntiatis
867 3256 1065 3342 1155115553)

195 3466 377 3531 Particulae
410 3466 523 3531 finales
554 3466 643 3551 apud
672 3466 853 3531 Homerum
886 3469 1094 3531 inveniuntur
1128 3466 1198 3547 hae,
1233 3488 1370 3550 quarum
1404 3486 1487 3550 quae

91 3573 124 3634 in
162 3570 393 3654 Argonauticis
436 3592 563 3655 quoque
602 3570 754 3654 leguntur
791 3573 823 3634 in
867 3570 929 3634 hac
973 3570 1100 3651 tabula,
1145 3591 1207 3654 qua
1245 3592 1340 3633 usum
1377 3591 1487 3633 earum

92 3674 180 3761 apud
213 3673 353 3758 singulos
388 3683 499 3760 poetas
533 3675 642 3759 epicos
678 3675 901 3761 explicaturus
937 3696 1018 3756 sum,
1056 3674 1173 3738 litteris
1207 3672 1347 3737 diductis
1381 3672 1489 3737 distin-

92 3800 219 3862 guam:

196 4060 215 4123 ¹)
234 4060 275 4109 De
297 4059 355 4109 Pol.
379 4059 445 4110 eloc.
469 4058 610 4123 Herbipoli
637 4059 710 4122 1887,
733 4076 758 4124 p.
776 4061 809 4108 33
828 4057 946 4125 (numeri
969 4063 1032 4107 sunt
1055 4057 1121 4107 edit.
1141 4057 1273 4121 Hultsch,
1299 4072 1368 4123 quae
1392 4056 1488 4123 prodiit

91 4145 177 4196 Berol.
194 4147 259 4196 1867
272 4146 349 4211 sqq.).

195 4247 215 4317 2)
234 4250 275 4299 De
293 4265 337 4299 vr.
350 4250 400 4299 938
413 4265 452 4314 sq.
471 4249 540 4299 infra
559 4250 707 4315 disputabo.

195 4352 215 4417 ³)
235 4352 275 4404 Of.
284 4351 333 4403 Ph.
339 4353 446 4417 Weber,
465 4353 761 4420 Entwicklungsgesch.
772 4354 796 4405 d.
809 4354 1008 4406 Absichtssittae
1019 4355 1039 4404 I.
1053 4354 1109 4405 und
1127 4354 1162 4405 11.
1174 4354 1253 4407 Abth.
1273 4354 1397 4420 (Schanz,
1406 4354 1488 4404 Bcitr.

91 4456 112 4489 z.
132 4440 192 4489 hist.
212 4439 314 4505 Syntax
337 4440 361 4489 d.
385 4440 484 4505 griech.
504 4440 621 4505 Spraoho
639 4443 664 4502 4,
681 4441 709 4505 5)
734 4441 875 4507 Herbipoli
899 4443 974 4503 1884,
1000 4442 1074 4504 1885,
1093 4442 1200 4504 Weber,
1223 4443 1420 4493 Absichtsstttze
1443 4442 1489 4491 bei

89 4525 253 4578 Aristoteles.
278 4542 364 4593 progr.
388 4526 503 4591 spirens.
530 4528 603 4587 1885,
635 4528 668 4577 H.
689 4528 792 4589 Heller,
816 4528 1015 4579 Absichtsstitze
1037 4530 1081 4578 bei
1103 4529 1211 4579 Lukian
1234 4530 1255 4578 1.
1280 4530 1325 4579 ἵνα
1349 4531 1384 4585 ὡς
1407 4530 1487 4591 ὅπως,

90 4612 179 4677 Symb.
199 4613 291 4664 Joach.
311 4614 323 4662 I
343 4614 474 4680 (Berolini
496 4613 580 4678 1880),
600 4632 625 4679 p.
639 4616 786 4665 282-329,
