3392 5067
1432 204 1508 320 Ισοι

217 440 288 505 Iam
311 463 484 526 pergamus
507 445 548 509 ad
572 468 751 530 pronomen
775 448 1074 526 demonstrativum,
1099 446 1185 532 quod
1210 448 1288 510 ‘sine
1308 448 1438 511 nomine
1458 469 1512 532 po·
1608 452 1612 460 '

114 545 211 608 situm
241 544 291 609 bis
321 548 494 630 repetitum
526 549 655 614 efficere
683 560 789 636 potest
811 551 1032 636 partitionem:
1064 549 1083 615 ὃ
1106 551 1163 634 μὲν
1180 600 1187 614 .
1205 600 1212 614 .
1231 549 1273 616 ,ὃ
1297 548 1333 617 δέ
1353 550 1485 615 alius..
1505 601 1511 614 .

115 646 216 712 alius'.
262 671 377 714 verum
406 660 443 714 ut
472 652 561 737 apud
584 655 762 718 Homerum
795 664 881 737 sunt,
912 675 995 739 quae
1025 655 1231 739 partitionem
1260 653 1390 718 efficere
1417 676 1512 740 posse

115 752 297 835 videantur,
329 753 387 816 sed
417 778 480 820 non
512 757 657 823 efficiant
688 759 744 845 (cf.
768 759 862 825 Ebcl.
885 759 920 822 II
945 758 1002 822 12¹³
1025 757 1078 842 Γ),
1106 759 1153 822 sic
1176 781 1208 822 v.
1226 758 1290 821 724
1305 778 1351 844 sq.
1375 759 1512 843 legimus

112 863 170 921 τού
192 854 249 940 μὲν
272 857 426 946 δή-τού
448 857 493 941 δέ,
517 883 601 948 quae
622 863 796 928 referenda
818 872 893 926 sunt
915 862 958 927 ad
981 861 1117 927 ldmona
1141 871 1173 925 ct
1194 861 1347 948 Tiphym.
1394 864 1452 927 sed
1475 888 1511 928 re

116 963 348 1047 verapartitio
371 965 473 1027 estin
498 986 552 1030 vv.
569 966 635 1030 520
658 965 728 1052 (καί
749 961 778 1054 ῥ’
795 965 829 1033 οἳ
848 969 906 1051 μὲν
923 963 1006 1032 ..οἳ
1027 963 1088 1050 δέ),
1122 965 1205 1029 1286
1229 962 1299 1050 (καί
1320 962 1384 1056 pp
1406 968 1512 1052 μὲν..

115 1062 194 1151 ἢύέ
217 1063 294 1129 cf.l
315 1065 403 1153 634),
435 1067 496 1132 837
531 1067 580 1153 (οἳ
608 1073 665 1154 μὲν
694 1075 752 1156 γὰρ
782 1075 941 1158 μακάρων,
973 1068 1008 1136 οἳ
1036 1064 1065 1135 δ’
1089 1073 1200 1157 ηρώων
1221 1067 1311 1154 γένος
1332 1069 1440 1156 ἐσμέν,
1472 1071 1513 1136 de

115 1169 219 1254 prima
250 1191 388 1255 persona
418 1173 459 1237 cf.
480 1196 499 1258 γ
526 1174 588 1238 153
617 1173 652 1241 οἳ
675 1175 733 1260 μὲν
759 1174 899 1260 ἕλκομεν,
927 1172 1055 1264 ἡμισέες
1077 1168 1107 1240 δ’
1123 1175 1316 1262 ἐλαύνομεν).
1364 1197 1513 1239 crecen-

114 1273 251 1338 tioribus
274 1274 413 1339 conferri
437 1287 571 1361 possunt
593 1278 734 1366 Apoll.I
758 1278 900 1364 72,186,
924 1278 1069 1359 Quintl
1091 1278 1165 1363 400,
1182 1277 1255 1342 482.

219 1378 257 1442 In
279 1401 334 1441 vv.
352 1379 415 1443 363
444 1379 493 1466 (οἳ
518 1378 547 1448 δ’
568 1379 617 1468 ἄρ’
637 1379 690 1448 ἐπ’
710 1382 847 1470 εἰρεσίην
874 1377 990 1464 έπεχον
1017 1385 1123 1468 χεῖράς
1145 1406 1180 1447 τε
1202 1385 1276 1449 νόον
1297 1407 1332 1448 τε
1353 1383 1357 1469 l
1377 1385 1514 1470 όκμητοι

113 1482 290 1568 βασιλῆες),
314 1482 378 1547 563
396 1484 430 1574 (p
447 1482 568 1551 δέκετ’
584 1485 753 1574 όρφναίοιο
769 1488 872 1553 πόλου
893 1488 1058 1576 χρυσήνιος
1072 1482 1157 1565 Ἠὼς
1177 1485 1180 1570 l
1201 1485 1349 1576 ἀντολίην
1363 1488 1512 1575 ἤνοιγον),

115 1584 179 1649 840
203 1587 275 1670 (τοῦ
297 1585 326 1652 d’
342 1589 402 1674 όίρα
425 1593 530 1675 θυμός
553 1590 674 1678 ὀρίνετο
699 1585 772 1672 ίσος
798 1590 894 1682 ἀέλλη
915 1592 919 1677 Ι
940 1591 1102 1678 Αἰήτεω),
1134 1590 1197 1654 966
1230 1588 1281 1675 (αἳ
1307 1585 1336 1657 δ’
1357 1589 1514 1677 ὀτραλέως

114 1693 299 1757 ὑπάκουσον
316 1743 323 1758 .
340 1743 347 1759 .
366 1744 373 1758 .
392 1697 552 1783 Τισιφόνη
581 1719 616 1761 τε
645 1695 700 1762 καί
722 1693 866 1785 Ἀληκτὼ
896 1693 952 1760 καί
974 1696 1028 1761 dic
1052 1692 1217 1780 Μέγαιρα)
1248 1695 1513 1776 demonstrativa,

115 1804 150 1858 ut
173 1798 303 1882 saepius
327 1798 414 1882 apud
431 1799 619 1883 Homerum,
643 1801 686 1865 ad
710 1801 878 1885 sequentia
894 1807 1043 1885 spectant
1059 1799 1115 1886 (cf.
1134 1797 1213 1863 Call.
1230 1797 1278 1863 VI
1304 1798 1375 1884 120,
1400 1799 1511 1881 Quint.

114 1900 132 1963 Ι
153 1899 231 1987 400)
240 1900 275 1988 1),
301 1924 365 1986 quo
387 1924 507 1986 genere
530 1904 572 1968 ad
596 1904 768 1968 articulum
790 1903 1041 1985 transducimur,
1066 1903 1107 1966 de
1131 1925 1193 1989 quo
1217 1904 1280 1966 iam
1298 1925 1380 1987 quae
1397 1925 1513 1969 memo-

115 2003 231 2068 rabilia
254 2027 325 2070 esse
347 2007 500 2072 videntur
522 2007 666 2073 breviter
690 2031 900 2094 exponemus.

102 2147 106 2152 ·
218 2109 397 2174 Intercedit
419 2113 580 2198 particula
602 2115 686 2177 inter
709 2114 882 2178 articulum
906 2122 938 2176 et
960 2134 1092 2178 nomen:
1116 2112 1180 2178 209
1203 2116 1243 2178 τό
1265 2109 1294 2177 τ’
1309 2114 1403 2180 ἰόντα
1424 2115 1465 2177 τύ
1484 2110 1513 2177 τ’

114 2211 273 2298 ἰσσόμειί,
303 2214 344 2279 cf.
361 2219 400 2280 A
423 2216 474 2299 70,
500 2216 584 2280 1202
606 2221 648 2282 τὰ
671 2219 721 2296 δὲ,
735 2219 787 2300 (δέ
810 2217 1005 2298 Schneider3
1030 2217 1192 2298 ceddre)
1220 2219 1301 2284 καλὰ
1323 2221 1397 2305 φύει
1420 2241 1513 2301 μενο-

114 2317 201 2386 εικέα
232 2321 339 2407 δῶρα,
371 2320 454 2407 ο1.ρ
485 2322 558 2405 203,
590 2329 620 2386 Γ
647 2323 698 2389 54.
744 2323 899 2389 articulus
930 2331 1005 2388 ante
1035 2345 1152 2388 nomen
1183 2322 1329 2387 adiectus
1360 2330 1423 2386 est:
1459 2325 1515 2387 τὸν

115 2426 209 2511 όρκον
231 2424 295 2490 355
319 2426 448 2511 (versus
472 2437 558 2492 totus
581 2451 623 2492 ex
639 2429 782 2492 Homero
803 2428 992 2512 desumptus
1014 2436 1075 2508 est,
1101 2427 1141 2490 cf.
1158 2452 1182 2512 μ
1198 2425 1271 2509 304,
1288 2451 1306 2493 ο
1321 2425 1396 2509 438,
1412 2448 1433 2492 σ
1448 2426 1515 2513 59),

115 2528 133 2594 ὁ
155 2527 255 2615 γέρων
276 2529 339 2594 451
364 2531 465 2618 (quod
481 2531 550 2596 fere
566 2534 663 2597 moris
679 2542 729 2598 est
744 2534 833 2618 apud
848 2534 1044 2615 Homerum3
1069 2532 1110 2597 cf.
1128 2531 1291 2596 Stummer
1313 2555 1344 2618 p.
1364 2532 1402 2594 17
1421 2532 1516 2617 εφη),

115 2638 172 2700 τὸν
193 2637 320 2720 μόχθον
345 2636 428 2699 1148
453 2636 524 2723 (ubi
546 2640 657 2701 sentiri
680 2648 787 2723 potest
809 2639 860 2701 vis
884 2636 1164 2724 demonstrativa).
1200 2637 1328 2701 articuli
1351 2659 1412 2722 ope
1435 2637 1517 2700 fiunt

72 2741 77 2748 ’
117 2739 322 2804 substantiva
337 2763 380 2804 ex
396 2741 572 2806 adiectivo:
595 2746 652 2808 τὸν
667 2743 798 2830 όίριστον
814 2741 875 2806 851
893 2781 935 2790 -
953 2765 995 2806 ex
1011 2741 1202 2806 Schneideri
1219 2742 1313 2826 coni,
1330 2740 1424 2805 codd.
1440 2734 1515 2814 τιν’;

117 2844 157 2909 cf.
173 2843 192 2922 ξ
209 2844 259 2929 19,
282 2851 314 2908 Ζ
325 2845 390 2909 435
420 2845 571 2931 quodque
599 2856 685 2912 certe
709 2847 810 2912 simile
833 2856 882 2912 est
904 2852 945 2912 τὰ
968 2844 1087 2912 ἕκαστα
1109 2845 1284 2929 767,1155
1308 2844 1363 2932 (cf.
1380 2849 1418 2911 Λ
1442 2845 1515 2928 706,

115 2974 139 3033 μ
163 2950 213 3031 16,
235 2948 306 3034 165,
330 2948 348 3026 ξ
363 2948 441 3036 375)
458 2959 580 3013 —ete
595 2953 775 3037 participio,
792 2952 879 3037 quod
894 2950 983 3016 haud
998 2950 1152 3038 frequens
1168 2959 1217 3014 cst
1233 2950 1321 3034 apud
1337 2951 1515 3016 Homerum

117 3053 174 3139 (cf.
201 3057 231 3119 Φ
254 3054 328 3137 262,
355 3059 388 3120 Ψ
408 3054 499 3137 325)
522 3059 559 3121 τὸ
582 3055 793 3143 πεπρωμένον
817 3055 916 3138 1110,
941 3055 1013 3121 209.
1060 3056 1247 3140 adiungitur
1277 3055 1431 3120 articulus
1461 3054 1515 3119 ad-

116 3157 244 3223 verbio:
273 3162 311 3224 τὸ
333 3161 480 3246 πρόσθεν
504 3159 543 3222 19
568 3160 624 3245 (cf.
644 3165 677 3225 Ψ
697 3160 785 3247 583).
831 3161 987 3226 articulus
1010 3168 1085 3225 ante
1108 3160 1307 3225 adiectivum
1339 3183 1412 3224 cum
1443 3159 1515 3224 sub-

117 3265 257 3329 stantivo
281 3267 499 3331 consociatum
523 3267 666 3350 ponitur:
690 3266 754 3330 303
769 3270 824 3332 τὸν
840 3264 1007 3352 ἀπείριτον
1022 3263 1141 3350 αἰθέρα
1155 3263 1278 3349 τέμνων
1294 3264 1516 3351 (Hermannus

116 3370 289 3434 articulum
313 3369 364 3435 ‘ab
382 3373 548 3456 epicorum
565 3371 798 3436 consuetudine
814 3370 1053 3435 abhorrentem'
1070 3372 1103 3434 in
1126 3364 1159 3435 oi
1180 3371 1327 3452 mutavit,
1352 3369 1516 3434 Rzachius

117 3473 224 3560 (Neue
247 3474 348 3538 Beitr.
365 3499 396 3561 p.
415 3473 493 3560 370)
524 3477 692 3560 proposuit
722 3474 757 3554 ὃς
775 3529 780 3539 .
800 3528 806 3540 .
823 3473 939 3559 τέμνει.
987 3474 1044 3539 sed
1075 3474 1229 3538 articulus
1261 3474 1392 3538 defendi
1423 3496 1517 3560 posse

116 3577 246 3643 videtur
268 3578 346 3644 locis
370 3578 541 3643 homericis
564 3603 584 3642 a
605 3579 723 3643 Wiclio
747 3578 764 3642 I
787 3578 829 3642 23
853 3563 979 3661 adlatis,
1003 3581 1094 3644 velut
1116 3603 1131 3644 ε
1149 3578 1211 3644 185
1232 3583 1270 3644 τὸ
1292 3580 1517 3663 κατειβόμενον

116 3686 234 3767 Στυγὸς
256 3683 366 3770 ύόωρ),
390 3683 456 3746 474
477 3683 531 3748 καί
554 3687 572 3770 ἡ
595 3685 690 3771 κλοτη
714 3676 911 3770 Ὑψιπύλεια
940 3683 1162 3768 (Hermannus
1186 3682 1300 3749 codem
1322 3683 1417 3749 modo
1441 3687 1459 3773 'l
1482 3684 1516 3746 in

118 3782 150 3853 oi
179 3790 332 3867 mutavit3
364 3788 421 3852 sed
445 3788 486 3856 cf.
506 3794 534 3854 Y
554 3788 618 3853 320
647 3785 698 3878 ηδ’
718 3788 736 3854 ό
758 3789 870 3867 κλυτὸς
891 3787 945 3876 ἦεν
965 3784 1135 3872 Ἀχιλλεύς,
1167 3793 1201 3852 Κ
1223 3788 1313 3874 536),
1348 3788 1431 3853 1320
1460 3790 1516 3853 τόν

117 3891 153 3957 ὃν
174 3895 279 3964 πόσινΙ
303 3892 381 3978 (uno
404 3902 530 3958 tantum
557 3893 626 3958 loco
654 3893 825 3959 articulum
848 3916 923 3958 cum
945 3895 1134 3980 pronomine
1156 3894 1340 3979 possessivo
1364 3894 1516 3978 coniungi

117 3998 234 4061 mirum
257 4020 322 4061 non
352 4007 410 4078 cst,
444 4020 517 4062 cum
549 3999 637 4083 apud
660 3999 838 4064 Homerum
863 3997 1045 4063 Stummero
1076 4008 1159 4063 teste
1181 4020 1213 4083 p.
1230 3997 1270 4060 47
1289 4021 1336 4083 sq.
1361 3997 1515 4062 articulus

118 4100 421 4188 duodequadragies
436 4111 584 4188 ponatur,
600 4101 673 4188 plus
688 4105 879 4188 nongenties
896 4103 1085 4188 omittatur).
1121 4102 1259 4187 adparet
1275 4104 1414 4187 omnino,
1431 4102 1515 4186 quod

224 4384 243 4447 ¹)
266 4365 367 4434 Eodem
387 4385 465 4435 modo
485 4384 643 4450 explicanda
661 4390 702 4435 est
721 4384 815 4434 Wiclii
833 4385 870 4449 (ll
892 4382 936 4451 29)
959 4384 1113 4434 coniectura
1131 4383 1165 4434 ad
1185 4399 1208 4434 v.
1222 4386 1273 4434 503
1291 4383 1396 4448 prolata
1414 4386 1520 4447 Αἰνῆος

120 4470 201 4537 φίλος
218 4470 285 4533 οἰός,
305 4471 338 4521 ὃν
355 4475 372 4535 ἠ
390 4472 448 4522 τέκε
468 4468 515 4521 δῖα
534 4476 685 4537 γυναικεῖος
705 4471 751 4522 sed
769 4473 897 4536 respectis
916 4473 956 4533 iis,
976 4486 1045 4536 quae
1064 4487 1088 4535 p.
1103 4473 1154 4520 244
1173 4471 1205 4522 de
1224 4487 1253 4520 re
1272 4472 1384 4520 metrice
1396 4472 1517 4536 exposui,

118 4557 187 4606 nihil
211 4560 281 4608 inest
304 4557 458 4608 offensionis
480 4560 509 4607 in
532 4558 619 4608 verbis
646 4558 750 4609 traditis
778 4560 810 4608 όν
834 4559 867 4608 οἱ.
905 4557 1106 4623 improbabilius
1134 4559 1215 4607 etiam
1239 4559 1388 4608 Hermanni
1413 4561 1517 4622 Αἰνῆσς

117 4644 184 4707 υἱός,
202 4643 251 4695 τόν
270 4645 298 4695 ol
315 4645 420 4712 (vocem
440 4646 521 4713 φίλος
539 4660 573 4695 cx
590 4645 702 4695 Homeri
720 4645 906 4696 recordatione
926 4650 1010 4696 ortam
1030 4659 1088 4695 esse
1106 4641 1204 4711 putet).
