<?xml version="1.0" encoding="UTF-8"?>
<!DOCTYPE html PUBLIC "-//W3C//DTD XHTML 1.0 Transitional//EN"
    "http://www.w3.org/TR/xhtml1/DTD/xhtml1-transitional.dtd">
<html xmlns="http://www.w3.org/1999/xhtml" xml:lang="en" lang="en">
 <head>
  <title>
</title>
<meta http-equiv="Content-Type" content="text/html;charset=utf-8" />
  <meta name='ocr-system' content='tesseract 3.04.00' />
  <meta name='ocr-capabilities' content='ocr_page ocr_carea ocr_par ocr_line ocrx_word'/>
</head>
<body>
  <div class='ocr_page' id='page_1' title='image "./dissertationesp04wiengoog_0182.png"; bbox 0 0 3392 5067; ppageno 0'>
   <div class='ocr_carea' id='block_1_1' title="bbox 1421 244 1480 306">
    <p class='ocr_par' dir='ltr' id='par_1_1' title="bbox 1421 244 1480 306">
     <span class='ocr_line' id='line_1_1' title="bbox 1421 244 1480 306; baseline 0 -1"><span class='ocrx_word' id='word_1_1' title='bbox 1421 244 1480 306; x_wconf 77' lang='lat'><strong>171</strong></span> 
     </span>
    </p>
   </div>
   <div class='ocr_carea' id='block_1_2' title="bbox 84 434 1485 1778">
    <p class='ocr_par' dir='ltr' id='par_1_2' title="bbox 84 434 1485 1778">
     <span class='ocr_line' id='line_1_2' title="bbox 84 434 1481 521; baseline 0.001 -23"><span class='ocrx_word' id='word_1_2' title='bbox 84 437 277 519; x_wconf 79' lang='lat' dir='ltr'><strong>inscriptam</strong></span> <span class='ocrx_word' id='word_1_3' title='bbox 299 437 443 519; x_wconf 88' lang='lat' dir='ltr'><strong>inseruit,</strong></span> <span class='ocrx_word' id='word_1_4' title='bbox 466 446 635 521; x_wconf 86' lang='lat' dir='ltr'><strong>praeterea</strong></span> <span class='ocrx_word' id='word_1_5' title='bbox 656 438 785 501; x_wconf 76' lang='lat' dir='ltr'><strong>tmesIm</strong></span> <span class='ocrx_word' id='word_1_6' title='bbox 807 437 857 500; x_wconf 88' lang='lat' dir='ltr'><strong>his</strong></span> <span class='ocrx_word' id='word_1_7' title='bbox 879 436 957 500; x_wconf 88' lang='lat' dir='ltr'><strong>locis</strong></span> <span class='ocrx_word' id='word_1_8' title='bbox 981 437 1104 500; x_wconf 79' lang='lat' dir='ltr'><strong>statuit:</strong></span> <span class='ocrx_word' id='word_1_9' title='bbox 1130 435 1193 499; x_wconf 86' lang='lat' dir='ltr'><strong>Sol.</strong></span> <span class='ocrx_word' id='word_1_10' title='bbox 1206 434 1237 517; x_wconf 82' lang='lat'><strong>4,</strong></span> <span class='ocrx_word' id='word_1_11' title='bbox 1263 435 1313 517; x_wconf 94' lang='grc'><strong>15,</strong></span> <span class='ocrx_word' id='word_1_12' title='bbox 1337 435 1481 519; x_wconf 86' lang='lat' dir='ltr'><strong>Theogn.</strong></span> 
     </span>
     <span class='ocr_line' id='line_1_3' title="bbox 85 538 1482 627; baseline -0.001 -24"><span class='ocrx_word' id='word_1_13' title='bbox 85 539 160 619; x_wconf 84' lang='lat'><strong>513,</strong></span> <span class='ocrx_word' id='word_1_14' title='bbox 184 538 258 621; x_wconf 89' lang='grc'><strong>589,</strong></span> <span class='ocrx_word' id='word_1_15' title='bbox 282 540 356 625; x_wconf 88' lang='grc'>969,</span> <span class='ocrx_word' id='word_1_16' title='bbox 382 540 474 623; x_wconf 89' lang='grc'><strong>1145,</strong></span> <span class='ocrx_word' id='word_1_17' title='bbox 500 541 592 606; x_wconf 77' lang='grc'><strong>1373.</strong></span> <span class='ocrx_word' id='word_1_18' title='bbox 639 563 778 627; x_wconf 91' lang='lat' dir='ltr'><strong>quocum</strong></span> <span class='ocrx_word' id='word_1_19' title='bbox 802 541 919 607; x_wconf 82' lang='lat' dir='ltr'><strong>Sitalcr</strong></span> <span class='ocrx_word' id='word_1_20' title='bbox 947 539 1002 626; x_wconf 86' lang='lat' dir='ltr'><strong>(cf.</strong></span> <span class='ocrx_word' id='word_1_21' title='bbox 1019 540 1161 604; x_wconf 85' lang='lat' dir='ltr'><strong>indicem</strong></span> <span class='ocrx_word' id='word_1_22' title='bbox 1178 539 1309 603; x_wconf 90' lang='lat' dir='ltr'><strong>editioni</strong></span> <span class='ocrx_word' id='word_1_23' title='bbox 1325 539 1482 624; x_wconf 84' lang='lat' dir='ltr'><strong>Theogni-</strong></span> 
     </span>
     <span class='ocr_line' id='line_1_4' title="bbox 86 642 1482 730; baseline 0.001 -24"><span class='ocrx_word' id='word_1_24' title='bbox 86 645 169 707; x_wconf 88' lang='lat' dir='ltr'><strong>deae</strong></span> <span class='ocrx_word' id='word_1_25' title='bbox 184 644 362 730; x_wconf 84' lang='lat' dir='ltr'><strong>adiectum)</strong></span> <span class='ocrx_word' id='word_1_26' title='bbox 386 646 427 709; x_wconf 86' lang='lat' dir='ltr'><strong>de</strong></span> <span class='ocrx_word' id='word_1_27' title='bbox 450 645 598 709; x_wconf 88' lang='lat' dir='ltr'><strong>versibus</strong></span> <span class='ocrx_word' id='word_1_28' title='bbox 613 644 677 709; x_wconf 96' lang='grc'><strong>589</strong></span> <span class='ocrx_word' id='word_1_29' title='bbox 701 655 733 709; x_wconf 87' lang='lat' dir='ltr'><strong>et</strong></span> <span class='ocrx_word' id='word_1_30' title='bbox 754 644 818 708; x_wconf 93' lang='grc'><strong>969</strong></span> <span class='ocrx_word' id='word_1_31' title='bbox 846 645 1013 709; x_wconf 80' lang='lat' dir='ltr'><strong>consentit.</strong></span> <span class='ocrx_word' id='word_1_32' title='bbox 1044 644 1132 709; x_wconf 90' lang='lat' dir='ltr'><strong>idem</strong></span> <span class='ocrx_word' id='word_1_33' title='bbox 1154 642 1298 727; x_wconf 83' lang='lat' dir='ltr'><strong>Theogn.</strong></span> <span class='ocrx_word' id='word_1_34' title='bbox 1323 643 1383 707; x_wconf 78' lang='grc'><strong>821</strong></span> <span class='ocrx_word' id='word_1_35' title='bbox 1409 666 1482 708; x_wconf 95' lang='lat' dir='ltr'><strong>cum</strong></span> 
     </span>
     <span class='ocr_line' id='line_1_5' title="bbox 86 748 1483 834; baseline -0.001 -22"><span class='ocrx_word' id='word_1_36' title='bbox 86 748 242 832; x_wconf 84' lang='lat' dir='ltr'><strong>Bergkio,</strong></span> <span class='ocrx_word' id='word_1_37' title='bbox 265 748 344 813; x_wconf 88' lang='lat' dir='ltr'><strong>ibid.</strong></span> <span class='ocrx_word' id='word_1_38' title='bbox 365 749 407 813; x_wconf 93' lang='grc'><strong>59</strong></span> <span class='ocrx_word' id='word_1_39' title='bbox 430 759 462 814; x_wconf 92' lang='lat' dir='ltr'><strong>et</strong></span> <span class='ocrx_word' id='word_1_40' title='bbox 479 749 562 813; x_wconf 84' lang='lat'><strong>1113</strong></span> <span class='ocrx_word' id='word_1_41' title='bbox 586 749 671 813; x_wconf 88' lang='lat' dir='ltr'><strong>solus</strong></span> <span class='ocrx_word' id='word_1_42' title='bbox 695 750 821 813; x_wconf 90' lang='lat' dir='ltr'><strong>tmesim</strong></span> <span class='ocrx_word' id='word_1_43' title='bbox 844 751 963 813; x_wconf 85' lang='lat' dir='ltr'><strong>statuit.</strong></span> <span class='ocrx_word' id='word_1_44' title='bbox 1000 770 1100 834; x_wconf 90' lang='lat' dir='ltr'><strong>quare</strong></span> <span class='ocrx_word' id='word_1_45' title='bbox 1124 748 1233 812; x_wconf 88' lang='lat' dir='ltr'><strong>facere</strong></span> <span class='ocrx_word' id='word_1_46' title='bbox 1255 771 1319 811; x_wconf 92' lang='lat' dir='ltr'><strong>non</strong></span> <span class='ocrx_word' id='word_1_47' title='bbox 1342 771 1483 833; x_wconf 90' lang='lat' dir='ltr'><strong>possum,</strong></span> 
     </span>
     <span class='ocr_line' id='line_1_6' title="bbox 86 852 1483 939; baseline 0.001 -24"><span class='ocrx_word' id='word_1_48' title='bbox 86 854 166 937; x_wconf 93' lang='lat' dir='ltr'><strong>quin</strong></span> <span class='ocrx_word' id='word_1_49' title='bbox 189 852 230 915; x_wconf 89' lang='lat' dir='ltr'><strong>de</strong></span> <span class='ocrx_word' id='word_1_50' title='bbox 252 852 301 915; x_wconf 91' lang='lat' dir='ltr'><strong>his</strong></span> <span class='ocrx_word' id='word_1_51' title='bbox 323 852 402 916; x_wconf 92' lang='lat' dir='ltr'><strong>locis</strong></span> <span class='ocrx_word' id='word_1_52' title='bbox 425 876 531 937; x_wconf 86' lang='lat' dir='ltr'><strong>pauca</strong></span> <span class='ocrx_word' id='word_1_53' title='bbox 557 874 729 938; x_wconf 85' lang='lat' dir='ltr'><strong>exponam.</strong></span> <span class='ocrx_word' id='word_1_54' title='bbox 769 876 808 916; x_wconf 90' lang='lat' dir='ltr'><strong>ac</strong></span> <span class='ocrx_word' id='word_1_55' title='bbox 831 854 973 939; x_wconf 92' lang='lat' dir='ltr'><strong>primum</strong></span> <span class='ocrx_word' id='word_1_56' title='bbox 997 853 1137 937; x_wconf 88' lang='lat' dir='ltr'><strong>quidem,</strong></span> <span class='ocrx_word' id='word_1_57' title='bbox 1160 862 1196 917; x_wconf 91' lang='lat' dir='ltr'><strong>ut</strong></span> <span class='ocrx_word' id='word_1_58' title='bbox 1218 852 1363 937; x_wconf 84' lang='lat' dir='ltr'><strong>Theogu.</strong></span> <span class='ocrx_word' id='word_1_59' title='bbox 1390 853 1483 934; x_wconf 88' lang='grc'><strong>1145,</strong></span> 
     </span>
     <span class='ocr_line' id='line_1_7' title="bbox 85 955 1483 1045; baseline 0.002 -25"><span class='ocrx_word' id='word_1_60' title='bbox 85 957 144 1021; x_wconf 92' lang='lat' dir='ltr'><strong>ubi</strong></span> <span class='ocrx_word' id='word_1_61' title='bbox 166 956 301 1021; x_wconf 86' lang='lat' dir='ltr'><strong>Pierson</strong></span> <span class='ocrx_word' id='word_1_62' title='bbox 323 979 366 1019; x_wconf 83' lang='lat' dir='ltr'><strong>ex</strong></span> <span class='ocrx_word' id='word_1_63' title='bbox 389 955 558 1021; x_wconf 85' lang='lat' dir='ltr'><strong>Schaeferi</strong></span> <span class='ocrx_word' id='word_1_64' title='bbox 582 961 768 1022; x_wconf 85' lang='lat' dir='ltr'><strong>coniectura</strong></span> <span class='ocrx_word' id='word_1_65' title='bbox 790 980 849 1043; x_wconf 94' lang='lat' dir='ltr'><strong>pro</strong></span> <span class='ocrx_word' id='word_1_66' title='bbox 872 956 991 1021; x_wconf 88' lang='lat' dir='ltr'><strong>tradita</strong></span> <span class='ocrx_word' id='word_1_67' title='bbox 1018 957 1156 1021; x_wconf 84' lang='lat' dir='ltr'><strong>lectione</strong></span> <span class='ocrx_word' id='word_1_68' title='bbox 1183 955 1238 1023; x_wconf 84' lang='grc' dir='ltr'><strong>καί</strong></span> <span class='ocrx_word' id='word_1_69' title='bbox 1260 957 1363 1041; x_wconf 85' lang='grc' dir='ltr'><em>ἀγλαά</em></span> <span class='ocrx_word' id='word_1_70' title='bbox 1386 955 1483 1045; x_wconf 88' lang='grc' dir='ltr'><em>μηρία</em></span> 
     </span>
     <span class='ocr_line' id='line_1_8' title="bbox 84 1056 1484 1149; baseline 0.001 -25"><span class='ocrx_word' id='word_1_71' title='bbox 84 1058 185 1127; x_wconf 83' lang='grc' dir='ltr'><em>καίων</em></span> <span class='ocrx_word' id='word_1_72' title='bbox 201 1063 331 1146; x_wconf 88' lang='lat' dir='ltr'><strong>scripsit</strong></span> <span class='ocrx_word' id='word_1_73' title='bbox 344 1057 415 1127; x_wconf 74' lang='grc' dir='ltr'><em>κατ’</em></span> <span class='ocrx_word' id='word_1_74' title='bbox 427 1064 457 1133; x_wconf 85' lang='grc' dir='ltr'><strong>ά.</strong></span> <span class='ocrx_word' id='word_1_75' title='bbox 473 1086 506 1147; x_wconf 94' lang='grc' dir='ltr'><strong>μ.</strong></span> <span class='ocrx_word' id='word_1_76' title='bbox 521 1087 561 1142; x_wconf 77' lang='grc' dir='ltr'><strong>κ,</strong></span> <span class='ocrx_word' id='word_1_77' title='bbox 578 1061 763 1146; x_wconf 76' lang='lat' dir='ltr'><strong>et1373sq.</strong></span> <span class='ocrx_word' id='word_1_78' title='bbox 788 1056 858 1126; x_wconf 69' lang='grc' dir='ltr'><em>ἀλλ’</em></span> <span class='ocrx_word' id='word_1_79' title='bbox 870 1062 934 1127; x_wconf 80' lang='grc' dir='ltr'><strong>ὑπὸ</strong></span> <span class='ocrx_word' id='word_1_80' title='bbox 957 1068 1066 1128; x_wconf 86' lang='grc' dir='ltr'><em>πάσαν</em></span> <span class='ocrx_word' id='word_1_81' title='bbox 1083 1061 1086 1147; x_wconf 79' lang='lat' dir='ltr'><strong>l</strong></span> <span class='ocrx_word' id='word_1_82' title='bbox 1104 1060 1167 1127; x_wconf 85' lang='grc' dir='ltr'><em>αἰεί</em></span> <span class='ocrx_word' id='word_1_83' title='bbox 1184 1059 1363 1149; x_wconf 79' lang='grc' dir='ltr'><strong><em>σπουδαίην</em></strong></span> <span class='ocrx_word' id='word_1_84' title='bbox 1379 1057 1484 1146; x_wconf 78' lang='grc' dir='ltr'><em>ίίρχεαι</em></span> 
     </span>
     <span class='ocr_line' id='line_1_9' title="bbox 85 1156 1484 1253; baseline 0 -24"><span class='ocrx_word' id='word_1_85' title='bbox 85 1156 242 1252; x_wconf 91' lang='grc' dir='ltr'><em>ἀγγελίην,</em></span> <span class='ocrx_word' id='word_1_86' title='bbox 267 1187 341 1230; x_wconf 84' lang='lat' dir='ltr'><strong>eum</strong></span> <span class='ocrx_word' id='word_1_87' title='bbox 364 1188 441 1232; x_wconf 88' lang='lat' dir='ltr'><strong>sane</strong></span> <span class='ocrx_word' id='word_1_88' title='bbox 465 1167 515 1248; x_wconf 87' lang='lat' dir='ltr'><strong>sit,</strong></span> <span class='ocrx_word' id='word_1_89' title='bbox 539 1175 653 1229; x_wconf 89' lang='lat' dir='ltr'><strong>curet</strong></span> <span class='ocrx_word' id='word_1_90' title='bbox 678 1164 881 1251; x_wconf 74' lang='grc' dir='ltr'><em>ἀπέρχεσθαι</em></span> <span class='ocrx_word' id='word_1_91' title='bbox 906 1164 1050 1253; x_wconf 93' lang='grc' dir='ltr'><em>ἀγγελίην</em></span> <span class='ocrx_word' id='word_1_92' title='bbox 1084 1175 1117 1229; x_wconf 86' lang='lat' dir='ltr'><strong>et</strong></span> <span class='ocrx_word' id='word_1_93' title='bbox 1145 1161 1299 1252; x_wconf 77' lang='grc' dir='ltr'><em>ἔρχεσθαι</em></span> <span class='ocrx_word' id='word_1_94' title='bbox 1321 1161 1376 1229; x_wconf 76' lang='grc' dir='ltr'><strong>ὑπ’</strong></span> <span class='ocrx_word' id='word_1_95' title='bbox 1392 1168 1484 1249; x_wconf 84' lang='grc' dir='ltr'><em>ἀγγε-</em></span> 
     </span>
     <span class='ocr_line' id='line_1_10' title="bbox 86 1266 1484 1359; baseline -0.001 -25"><span class='ocrx_word' id='word_1_96' title='bbox 86 1266 157 1356; x_wconf 93' lang='grc' dir='ltr'><em>λίην</em></span> <span class='ocrx_word' id='word_1_97' title='bbox 184 1268 364 1354; x_wconf 89' lang='lat' dir='ltr'><strong>displiceat,</strong></span> <span class='ocrx_word' id='word_1_98' title='bbox 388 1270 513 1336; x_wconf 87' lang='lat' dir='ltr'><strong>silentio</strong></span> <span class='ocrx_word' id='word_1_99' title='bbox 535 1278 748 1354; x_wconf 82' lang='lat' dir='ltr'><strong>praeteream,</strong></span> <span class='ocrx_word' id='word_1_100' title='bbox 778 1268 841 1333; x_wconf 85' lang='lat' dir='ltr'><strong>Sol.</strong></span> <span class='ocrx_word' id='word_1_101' title='bbox 859 1269 889 1347; x_wconf 84' lang='lat'><strong>4,</strong></span> <span class='ocrx_word' id='word_1_102' title='bbox 916 1268 955 1333; x_wconf 89' lang='grc'><strong>15</strong></span> <span class='ocrx_word' id='word_1_103' title='bbox 982 1268 1001 1359; x_wconf 77' lang='grc' dir='ltr'>ἢ</span> <span class='ocrx_word' id='word_1_104' title='bbox 1024 1277 1147 1354; x_wconf 84' lang='grc' dir='ltr'><em>σιγῶσα</em></span> <span class='ocrx_word' id='word_1_105' title='bbox 1169 1270 1295 1335; x_wconf 81' lang='grc' dir='ltr'><em>σύνοιδε</em></span> <span class='ocrx_word' id='word_1_106' title='bbox 1317 1272 1357 1339; x_wconf 83' lang='grc' dir='ltr'><strong>τά</strong></span> <span class='ocrx_word' id='word_1_107' title='bbox 1380 1272 1484 1353; x_wconf 88' lang='grc' dir='ltr'><em>γιγνό-</em></span> 
     </span>
     <span class='ocr_line' id='line_1_11' title="bbox 86 1368 1484 1459; baseline 0.001 -23"><span class='ocrx_word' id='word_1_108' title='bbox 86 1397 167 1457; x_wconf 89' lang='grc' dir='ltr'><em>μενα</em></span> <span class='ocrx_word' id='word_1_109' title='bbox 182 1375 246 1458; x_wconf 87' lang='grc' dir='ltr'><strong>πρό</strong></span> <span class='ocrx_word' id='word_1_110' title='bbox 260 1368 400 1454; x_wconf 55' lang='grc' dir='ltr'><em>θέοντα,</em></span> <span class='ocrx_word' id='word_1_111' title='bbox 424 1396 521 1459; x_wconf 89' lang='lat' dir='ltr'><strong>quem</strong></span> <span class='ocrx_word' id='word_1_112' title='bbox 543 1396 674 1438; x_wconf 85' lang='lat' dir='ltr'><strong>versum</strong></span> <span class='ocrx_word' id='word_1_113' title='bbox 697 1396 740 1438; x_wconf 85' lang='lat' dir='ltr'><strong>ex</strong></span> <span class='ocrx_word' id='word_1_114' title='bbox 761 1373 864 1438; x_wconf 89' lang='lat' dir='ltr'><strong>Iliade</strong></span> <span class='ocrx_word' id='word_1_115' title='bbox 888 1374 1040 1439; x_wconf 87' lang='lat' dir='ltr'><strong>haustum</strong></span> <span class='ocrx_word' id='word_1_116' title='bbox 1064 1394 1135 1437; x_wconf 90' lang='lat' dir='ltr'><strong>esse</strong></span> <span class='ocrx_word' id='word_1_117' title='bbox 1159 1396 1257 1459; x_wconf 89' lang='lat' dir='ltr'><strong>supra</strong></span> <span class='ocrx_word' id='word_1_118' title='bbox 1281 1373 1402 1437; x_wconf 87' lang='lat' dir='ltr'><strong>dictum</strong></span> <span class='ocrx_word' id='word_1_119' title='bbox 1426 1383 1484 1455; x_wconf 92' lang='lat' dir='ltr'><strong>est,</strong></span> 
     </span>
     <span class='ocr_line' id='line_1_12' title="bbox 87 1470 1485 1564; baseline -0.001 -22"><span class='ocrx_word' id='word_1_120' title='bbox 87 1478 145 1542; x_wconf 86' lang='grc' dir='ltr'><strong>σύν</strong></span> <span class='ocrx_word' id='word_1_121' title='bbox 167 1476 316 1541; x_wconf 83' lang='lat' dir='ltr'><strong>adverbii</strong></span> <span class='ocrx_word' id='word_1_122' title='bbox 337 1479 440 1543; x_wconf 88' lang='lat' dir='ltr'><strong>instar</strong></span> <span class='ocrx_word' id='word_1_123' title='bbox 462 1487 520 1557; x_wconf 89' lang='lat' dir='ltr'><strong>est,</strong></span> <span class='ocrx_word' id='word_1_124' title='bbox 549 1500 622 1541; x_wconf 92' lang='lat' dir='ltr'><strong>cum</strong></span> <span class='ocrx_word' id='word_1_125' title='bbox 644 1477 806 1542; x_wconf 86' lang='lat' dir='ltr'><strong>vocabula</strong></span> <span class='ocrx_word' id='word_1_126' title='bbox 827 1480 893 1564; x_wconf 87' lang='grc' dir='ltr'><strong>πρό</strong></span> <span class='ocrx_word' id='word_1_127' title='bbox 916 1487 949 1541; x_wconf 93' lang='lat' dir='ltr'><strong>et</strong></span> <span class='ocrx_word' id='word_1_128' title='bbox 970 1470 1052 1543; x_wconf 83' lang='grc' dir='ltr'><em>εἶναι</em></span> <span class='ocrx_word' id='word_1_129' title='bbox 1078 1480 1112 1542; x_wconf 92' lang='lat' dir='ltr'><strong>in</strong></span> <span class='ocrx_word' id='word_1_130' title='bbox 1134 1499 1235 1542; x_wconf 92' lang='lat' dir='ltr'><strong>unum</strong></span> <span class='ocrx_word' id='word_1_131' title='bbox 1258 1477 1397 1541; x_wconf 88' lang='lat' dir='ltr'><strong>verbum</strong></span> <span class='ocrx_word' id='word_1_132' title='bbox 1420 1500 1485 1541; x_wconf 92' lang='lat' dir='ltr'><strong>non</strong></span> 
     </span>
     <span class='ocr_line' id='line_1_13' title="bbox 87 1580 1482 1664; baseline -0.001 -19"><span class='ocrx_word' id='word_1_133' title='bbox 87 1580 286 1664; x_wconf 81' lang='lat' dir='ltr'><strong>coalescant3</strong></span> <span class='ocrx_word' id='word_1_134' title='bbox 307 1582 348 1647; x_wconf 86' lang='lat' dir='ltr'><strong>cf.</strong></span> <span class='ocrx_word' id='word_1_135' title='bbox 363 1581 488 1647; x_wconf 80' lang='lat' dir='ltr'>O.A.1.</span> <span class='ocrx_word' id='word_1_136' title='bbox 501 1582 689 1647; x_wconf 87' lang='lat' dir='ltr'><strong>Hoffmanni</strong></span> <span class='ocrx_word' id='word_1_137' title='bbox 710 1584 938 1647; x_wconf 87' lang='lat' dir='ltr'><strong>commentatio</strong></span> <span class='ocrx_word' id='word_1_138' title='bbox 960 1582 1033 1645; x_wconf 87' lang='lat' dir='ltr'><strong>‘Die</strong></span> <span class='ocrx_word' id='word_1_139' title='bbox 1053 1584 1180 1647; x_wconf 86' lang='lat' dir='ltr'><strong>Tmesis</strong></span> <span class='ocrx_word' id='word_1_140' title='bbox 1199 1584 1233 1646; x_wconf 92' lang='lat' dir='ltr'><strong>in</strong></span> <span class='ocrx_word' id='word_1_141' title='bbox 1252 1582 1310 1646; x_wconf 91' lang='lat' dir='ltr'><strong>der</strong></span> <span class='ocrx_word' id='word_1_142' title='bbox 1330 1581 1416 1645; x_wconf 88' lang='lat' dir='ltr'><strong>Ilias&#39;</strong></span> <span class='ocrx_word' id='word_1_143' title='bbox 1438 1582 1482 1644; x_wconf 91' lang='lat' dir='ltr'><strong>in·</strong></span> 
     </span>
     <span class='ocr_line' id='line_1_14' title="bbox 89 1685 1483 1778; baseline -0.001 -29"><span class='ocrx_word' id='word_1_144' title='bbox 89 1688 212 1772; x_wconf 88' lang='lat' dir='ltr'><strong>scripta</strong></span> <span class='ocrx_word' id='word_1_145' title='bbox 225 1686 261 1751; x_wconf 94' lang='grc' dir='ltr'>Π</span> <span class='ocrx_word' id='word_1_146' title='bbox 282 1709 314 1773; x_wconf 90' lang='lat' dir='ltr'><strong>p.</strong></span> <span class='ocrx_word' id='word_1_147' title='bbox 331 1686 351 1750; x_wconf 84' lang='lat'>9</span> <span class='ocrx_word' id='word_1_148' title='bbox 374 1687 494 1771; x_wconf 81' lang='lat' dir='ltr'>(progr.</span> <span class='ocrx_word' id='word_1_149' title='bbox 514 1686 647 1778; x_wconf 77' lang='lat' dir='ltr'><strong>Ioanpei</strong></span> <span class='ocrx_word' id='word_1_150' title='bbox 667 1686 876 1770; x_wconf 85' lang='lat' dir='ltr'><strong>Lueneburg.</strong></span> <span class='ocrx_word' id='word_1_151' title='bbox 902 1710 928 1751; x_wconf 89' lang='lat' dir='ltr'><strong>a.</strong></span> <span class='ocrx_word' id='word_1_152' title='bbox 948 1686 1056 1772; x_wconf 83' lang='grc'><strong>1859).</strong></span> <span class='ocrx_word' id='word_1_153' title='bbox 1088 1687 1175 1772; x_wconf 87' lang='lat' dir='ltr'><strong>quod</strong></span> <span class='ocrx_word' id='word_1_154' title='bbox 1191 1707 1269 1750; x_wconf 89' lang='lat' dir='ltr'><strong>vero</strong></span> <span class='ocrx_word' id='word_1_155' title='bbox 1286 1686 1327 1750; x_wconf 90' lang='lat' dir='ltr'><strong>ad</strong></span> <span class='ocrx_word' id='word_1_156' title='bbox 1340 1685 1483 1769; x_wconf 85' lang='lat' dir='ltr'><strong>Theogn.</strong></span> 
     </span>
    </p>
   </div>
   <div class='ocr_carea' id='block_1_3' title="bbox 87 1788 1485 2505">
    <p class='ocr_par' dir='ltr' id='par_1_3' title="bbox 87 1788 1485 2505">
     <span class='ocr_line' id='line_1_15' title="bbox 87 1788 1481 1880; baseline -0.001 -26"><span class='ocrx_word' id='word_1_157' title='bbox 87 1790 153 1854; x_wconf 83' lang='lat'><strong>513</strong></span> <span class='ocrx_word' id='word_1_158' title='bbox 169 1812 216 1876; x_wconf 91' lang='lat' dir='ltr'><strong>sq.</strong></span> <span class='ocrx_word' id='word_1_159' title='bbox 240 1790 379 1875; x_wconf 88' lang='lat' dir='ltr'><strong>adtinet,</strong></span> <span class='ocrx_word' id='word_1_160' title='bbox 402 1790 459 1855; x_wconf 94' lang='lat' dir='ltr'><strong>ubi</strong></span> <span class='ocrx_word' id='word_1_161' title='bbox 482 1791 620 1856; x_wconf 87' lang='lat' dir='ltr'><strong>traditur</strong></span> <span class='ocrx_word' id='word_1_162' title='bbox 647 1794 721 1878; x_wconf 89' lang='grc' dir='ltr'><em>νηός</em></span> <span class='ocrx_word' id='word_1_163' title='bbox 741 1815 793 1856; x_wconf 89' lang='grc' dir='ltr'><strong>τοι</strong></span> <span class='ocrx_word' id='word_1_164' title='bbox 816 1791 991 1880; x_wconf 77' lang='grc' dir='ltr'><em>πλευρῇσιν</em></span> <span class='ocrx_word' id='word_1_165' title='bbox 1010 1792 1074 1855; x_wconf 73' lang='grc' dir='ltr'><strong>ὑπὸ</strong></span> <span class='ocrx_word' id='word_1_166' title='bbox 1096 1790 1173 1875; x_wconf 86' lang='grc' dir='ltr'><em>ζυγά</em></span> <span class='ocrx_word' id='word_1_167' title='bbox 1195 1792 1341 1877; x_wconf 78' lang='grc' dir='ltr'><em>θήσομεν</em></span> <span class='ocrx_word' id='word_1_168' title='bbox 1362 1788 1481 1877; x_wconf 72' lang='grc' dir='ltr'><em>ἡμεῖςί</em></span> 
     </span>
     <span class='ocr_line' id='line_1_16' title="bbox 88 1885 1480 1981; baseline -0.002 -23"><span class='ocrx_word' id='word_1_169' title='bbox 88 1891 279 1980; x_wconf 57' lang='grc' dir='ltr'><em>Κλεάρισθζ</em></span> <span class='ocrx_word' id='word_1_170' title='bbox 309 1885 352 1960; x_wconf 79' lang='grc' dir='ltr'><strong>οἷ’</strong></span> <span class='ocrx_word' id='word_1_171' title='bbox 374 1891 487 1981; x_wconf 71' lang='grc' dir='ltr'><em>ἔχομεν</em></span> <span class='ocrx_word' id='word_1_172' title='bbox 516 1887 591 1977; x_wconf 81' lang='grc' dir='ltr'><strong>χοῖα</strong></span> <span class='ocrx_word' id='word_1_173' title='bbox 621 1895 747 1961; x_wconf 80' lang='grc' dir='ltr'><em>διδοῦσι</em></span> <span class='ocrx_word' id='word_1_174' title='bbox 771 1893 856 1977; x_wconf 89' lang='grc' dir='ltr'><em>θεοί,</em></span> <span class='ocrx_word' id='word_1_175' title='bbox 885 1916 962 1958; x_wconf 88' lang='lat' dir='ltr'><strong>sane</strong></span> <span class='ocrx_word' id='word_1_176' title='bbox 987 1897 1094 1959; x_wconf 84' lang='lat' dir='ltr'><strong>variae</strong></span> <span class='ocrx_word' id='word_1_177' title='bbox 1118 1894 1158 1958; x_wconf 88' lang='lat' dir='ltr'><strong>de</strong></span> <span class='ocrx_word' id='word_1_178' title='bbox 1182 1916 1219 1958; x_wconf 88' lang='lat' dir='ltr'><strong>eo</strong></span> <span class='ocrx_word' id='word_1_179' title='bbox 1242 1894 1312 1958; x_wconf 89' lang='lat' dir='ltr'><strong>loeo</strong></span> <span class='ocrx_word' id='word_1_180' title='bbox 1334 1892 1480 1978; x_wconf 89' lang='lat' dir='ltr'><strong>prolatae</strong></span> 
     </span>
     <span class='ocr_line' id='line_1_17' title="bbox 88 1997 1484 2084; baseline -0.001 -22"><span class='ocrx_word' id='word_1_181' title='bbox 88 2008 165 2062; x_wconf 93' lang='lat' dir='ltr'><strong>sunt</strong></span> <span class='ocrx_word' id='word_1_182' title='bbox 191 2000 381 2083; x_wconf 89' lang='lat' dir='ltr'><strong>sententiae,</strong></span> <span class='ocrx_word' id='word_1_183' title='bbox 409 1998 468 2063; x_wconf 85' lang='lat' dir='ltr'><strong>sed</strong></span> <span class='ocrx_word' id='word_1_184' title='bbox 494 1998 648 2084; x_wconf 89' lang='lat' dir='ltr'><strong>equidem</strong></span> <span class='ocrx_word' id='word_1_185' title='bbox 678 1997 963 2063; x_wconf 85' lang='lat' dir='ltr'><strong>Schneidewinum</strong></span> <span class='ocrx_word' id='word_1_186' title='bbox 986 2008 1074 2062; x_wconf 88' lang='lat' dir='ltr'><strong>recte</strong></span> <span class='ocrx_word' id='word_1_187' title='bbox 1098 1998 1138 2062; x_wconf 89' lang='lat' dir='ltr'><strong>de</strong></span> <span class='ocrx_word' id='word_1_188' title='bbox 1162 2021 1199 2062; x_wconf 86' lang='lat' dir='ltr'><strong>eo</strong></span> <span class='ocrx_word' id='word_1_189' title='bbox 1222 1998 1383 2062; x_wconf 87' lang='lat' dir='ltr'><strong>iudicasse</strong></span> <span class='ocrx_word' id='word_1_190' title='bbox 1406 2007 1484 2083; x_wconf 91' lang='lat' dir='ltr'><strong>puto</strong></span> 
     </span>
     <span class='ocr_line' id='line_1_18' title="bbox 91 2101 1484 2190; baseline -0.001 -24"><span class='ocrx_word' id='word_1_191' title='bbox 91 2102 149 2189; x_wconf 84' lang='lat' dir='ltr'><strong>(of.</strong></span> <span class='ocrx_word' id='word_1_192' title='bbox 171 2102 284 2167; x_wconf 92' lang='lat' dir='ltr'><strong>Philol.</strong></span> <span class='ocrx_word' id='word_1_193' title='bbox 311 2102 482 2168; x_wconf 88' lang='lat' dir='ltr'>XXVIIII</span> <span class='ocrx_word' id='word_1_194' title='bbox 515 2126 570 2190; x_wconf 90' lang='lat' dir='ltr'><strong>pp.</strong></span> <span class='ocrx_word' id='word_1_195' title='bbox 599 2104 663 2167; x_wconf 91' lang='grc'><strong>664</strong></span> <span class='ocrx_word' id='word_1_196' title='bbox 678 2104 774 2189; x_wconf 79' lang='lat' dir='ltr'><strong>sqq),</strong></span> <span class='ocrx_word' id='word_1_197' title='bbox 806 2105 862 2189; x_wconf 90' lang='lat' dir='ltr'><strong>qui</strong></span> <span class='ocrx_word' id='word_1_198' title='bbox 892 2103 976 2168; x_wconf 87' lang='lat' dir='ltr'><strong>hano</strong></span> <span class='ocrx_word' id='word_1_199' title='bbox 999 2102 1178 2167; x_wconf 79' lang='lat' dir='ltr'><strong>Camerarii</strong></span> <span class='ocrx_word' id='word_1_200' title='bbox 1207 2104 1269 2167; x_wconf 94' lang='lat' dir='ltr'><strong>loci</strong></span> <span class='ocrx_word' id='word_1_201' title='bbox 1299 2101 1484 2188; x_wconf 84' lang='lat' dir='ltr'><strong>explicatio-</strong></span> 
     </span>
     <span class='ocr_line' id='line_1_19' title="bbox 89 2203 1483 2296; baseline 0.002 -27"><span class='ocrx_word' id='word_1_202' title='bbox 89 2229 165 2271; x_wconf 88' lang='lat' dir='ltr'><strong>nem</strong></span> <span class='ocrx_word' id='word_1_203' title='bbox 187 2205 353 2292; x_wconf 90' lang='lat' dir='ltr'><strong>probavit:</strong></span> <span class='ocrx_word' id='word_1_204' title='bbox 383 2208 445 2293; x_wconf 77' lang='grc' dir='ltr'><strong>ἐγὼ</strong></span> <span class='ocrx_word' id='word_1_205' title='bbox 468 2203 497 2274; x_wconf 79' lang='grc' dir='ltr'><strong>δ’</strong></span> <span class='ocrx_word' id='word_1_206' title='bbox 512 2206 600 2293; x_wconf 80' lang='grc' dir='ltr'><em>ὅμως</em></span> <span class='ocrx_word' id='word_1_207' title='bbox 620 2214 703 2274; x_wconf 85' lang='grc' dir='ltr'><em>κατά</em></span> <span class='ocrx_word' id='word_1_208' title='bbox 725 2211 765 2276; x_wconf 84' lang='grc' dir='ltr'><strong>τά</strong></span> <span class='ocrx_word' id='word_1_209' title='bbox 787 2218 843 2296; x_wconf 77' lang='grc' dir='ltr'><strong>τῆς</strong></span> <span class='ocrx_word' id='word_1_210' title='bbox 864 2211 941 2287; x_wconf 86' lang='grc' dir='ltr'><em>νεὼς</em></span> <span class='ocrx_word' id='word_1_211' title='bbox 969 2206 1056 2291; x_wconf 85' lang='grc' dir='ltr'><em>ίκρια</em></span> <span class='ocrx_word' id='word_1_212' title='bbox 1083 2206 1138 2273; x_wconf 76' lang='grc' dir='ltr'><strong>καὶ</strong></span> <span class='ocrx_word' id='word_1_213' title='bbox 1167 2215 1231 2273; x_wconf 82' lang='grc' dir='ltr'><strong>τῶν</strong></span> <span class='ocrx_word' id='word_1_214' title='bbox 1257 2208 1371 2293; x_wconf 78' lang='grc' dir='ltr'><em>ἐρετῶν</em></span> <span class='ocrx_word' id='word_1_215' title='bbox 1397 2206 1483 2295; x_wconf 81' lang='grc' dir='ltr'><em>ζυγά,</em></span> 
     </span>
     <span class='ocr_line' id='line_1_20' title="bbox 90 2310 1484 2399; baseline 0 -24"><span class='ocrx_word' id='word_1_216' title='bbox 90 2313 185 2399; x_wconf 76' lang='grc' dir='ltr'><em>ἤγουν</em></span> <span class='ocrx_word' id='word_1_217' title='bbox 213 2310 385 2398; x_wconf 77' lang='grc' dir='ltr'><em>καθέδρας,</em></span> <span class='ocrx_word' id='word_1_218' title='bbox 415 2310 501 2389; x_wconf 81' lang='grc' dir='ltr'><em>ξένια</em></span> <span class='ocrx_word' id='word_1_219' title='bbox 531 2315 777 2399; x_wconf 72' lang='grc' dir='ltr'><em>παραθήσομαι.</em></span> <span class='ocrx_word' id='word_1_220' title='bbox 810 2314 874 2376; x_wconf 90' lang='lat' dir='ltr'><strong>iam</strong></span> <span class='ocrx_word' id='word_1_221' title='bbox 904 2311 982 2375; x_wconf 89' lang='lat' dir='ltr'><strong>ibid.</strong></span> <span class='ocrx_word' id='word_1_222' title='bbox 1013 2311 1077 2376; x_wconf 91' lang='grc'><strong>589</strong></span> <span class='ocrx_word' id='word_1_223' title='bbox 1094 2333 1140 2396; x_wconf 90' lang='lat' dir='ltr'><strong>sq.</strong></span> <span class='ocrx_word' id='word_1_224' title='bbox 1178 2312 1239 2375; x_wconf 88' lang='lat' dir='ltr'><strong>hoc</strong></span> <span class='ocrx_word' id='word_1_225' title='bbox 1276 2310 1406 2395; x_wconf 86' lang='lat' dir='ltr'><strong>legitur:</strong></span> <span class='ocrx_word' id='word_1_226' title='bbox 1439 2318 1484 2399; x_wconf 80' lang='grc' dir='ltr'><strong>τῷ</strong></span> 
     </span>
     <span class='ocr_line' id='line_1_21' title="bbox 90 2409 1485 2505; baseline -0.001 -25"><span class='ocrx_word' id='word_1_227' title='bbox 90 2416 125 2481; x_wconf 84' lang='grc' dir='ltr'><strong>ἀὲ</strong></span> <span class='ocrx_word' id='word_1_228' title='bbox 152 2422 256 2494; x_wconf 83' lang='grc' dir='ltr'><em>κακῶς</em></span> <span class='ocrx_word' id='word_1_229' title='bbox 282 2420 428 2481; x_wconf 79' lang='grc' dir='ltr'><em>ποιεῦντι</em></span> <span class='ocrx_word' id='word_1_230' title='bbox 454 2419 533 2495; x_wconf 85' lang='grc' dir='ltr'><em>θεὸς</em></span> <span class='ocrx_word' id='word_1_231' title='bbox 558 2414 634 2501; x_wconf 80' lang='grc' dir='ltr'><em>περὶ</em></span> <span class='ocrx_word' id='word_1_232' title='bbox 660 2420 768 2481; x_wconf 89' lang='grc' dir='ltr'><em>πάντα</em></span> <span class='ocrx_word' id='word_1_233' title='bbox 791 2414 924 2505; x_wconf 81' lang='grc' dir='ltr'><em>τίθησιν</em></span> <span class='ocrx_word' id='word_1_234' title='bbox 943 2416 947 2500; x_wconf 84' lang='grc' dir='ltr'>Ι</span> <span class='ocrx_word' id='word_1_235' title='bbox 967 2409 1133 2502; x_wconf 85' lang='grc' dir='ltr'><em>συντυχίην</em></span> <span class='ocrx_word' id='word_1_236' title='bbox 1155 2417 1290 2505; x_wconf 72' lang='grc' dir='ltr'><em>ἀγαθήν.</em></span> <span class='ocrx_word' id='word_1_237' title='bbox 1330 2436 1392 2500; x_wconf 91' lang='lat' dir='ltr'><strong>quo</strong></span> <span class='ocrx_word' id='word_1_238' title='bbox 1415 2415 1485 2479; x_wconf 90' lang='lat' dir='ltr'><strong>loco</strong></span> 
     </span>
    </p>
   </div>
   <div class='ocr_carea' id='block_1_4' title="bbox 88 2518 1488 4689">
    <p class='ocr_par' dir='ltr' id='par_1_4' title="bbox 88 2518 1488 4689">
     <span class='ocr_line' id='line_1_22' title="bbox 90 2518 1484 2585; baseline 0 -4"><span class='ocrx_word' id='word_1_239' title='bbox 90 2528 122 2582; x_wconf 91' lang='lat' dir='ltr'><strong>et</strong></span> <span class='ocrx_word' id='word_1_240' title='bbox 150 2518 353 2584; x_wconf 84' lang='lat' dir='ltr'><strong>Piersonium</strong></span> <span class='ocrx_word' id='word_1_241' title='bbox 387 2529 419 2584; x_wconf 90' lang='lat' dir='ltr'><strong>et</strong></span> <span class='ocrx_word' id='word_1_242' title='bbox 449 2519 618 2585; x_wconf 84' lang='lat' dir='ltr'><strong>Sitzlerum</strong></span> <span class='ocrx_word' id='word_1_243' title='bbox 652 2522 781 2585; x_wconf 87' lang='lat' dir='ltr'><strong>tmesim</strong></span> <span class='ocrx_word' id='word_1_244' title='bbox 815 2522 964 2584; x_wconf 89' lang='lat' dir='ltr'><strong>statuisse</strong></span> <span class='ocrx_word' id='word_1_245' title='bbox 996 2529 1281 2585; x_wconf 88' lang='lat' dir='ltr'><strong>commemoratum</strong></span> <span class='ocrx_word' id='word_1_246' title='bbox 1315 2529 1373 2584; x_wconf 88' lang='lat' dir='ltr'><strong>est.</strong></span> <span class='ocrx_word' id='word_1_247' title='bbox 1428 2520 1484 2582; x_wconf 86' lang='lat' dir='ltr'><strong>scd</strong></span> 
     </span>
     <span class='ocr_line' id='line_1_23' title="bbox 90 2622 1483 2710; baseline 0 -25"><span class='ocrx_word' id='word_1_248' title='bbox 90 2644 164 2686; x_wconf 92' lang='lat' dir='ltr'><strong>cum</strong></span> <span class='ocrx_word' id='word_1_249' title='bbox 191 2623 270 2687; x_wconf 86' lang='lat' dir='ltr'><strong>nihil</strong></span> <span class='ocrx_word' id='word_1_250' title='bbox 297 2624 467 2708; x_wconf 90' lang='lat' dir='ltr'><strong>impediat,</strong></span> <span class='ocrx_word' id='word_1_251' title='bbox 498 2625 668 2707; x_wconf 91' lang='lat' dir='ltr'><strong>quominus</strong></span> <span class='ocrx_word' id='word_1_252' title='bbox 703 2622 777 2710; x_wconf 84' lang='grc' dir='ltr'><em>περί</em></span> <span class='ocrx_word' id='word_1_253' title='bbox 795 2624 851 2688; x_wconf 78' lang='lat' dir='ltr'><strong>‘ad</strong></span> <span class='ocrx_word' id='word_1_254' title='bbox 879 2623 1076 2689; x_wconf 88' lang='lat' dir='ltr'><strong>adiectivum</strong></span> <span class='ocrx_word' id='word_1_255' title='bbox 1103 2628 1210 2689; x_wconf 90' lang='grc' dir='ltr'><em>πάντα</em></span> <span class='ocrx_word' id='word_1_256' title='bbox 1241 2622 1419 2687; x_wconf 88' lang='lat' dir='ltr'><strong>referamus</strong></span> <span class='ocrx_word' id='word_1_257' title='bbox 1443 2661 1483 2669; x_wconf 90' lang='lat'>-</span> 
     </span>
     <span class='ocr_line' id='line_1_24' title="bbox 89 2726 1484 2813; baseline -0.001 -22"><span class='ocrx_word' id='word_1_258' title='bbox 89 2736 205 2811; x_wconf 88' lang='lat' dir='ltr'><strong>poetae</strong></span> <span class='ocrx_word' id='word_1_259' title='bbox 229 2726 363 2812; x_wconf 79' lang='lat' dir='ltr'><strong>elegiaci</strong></span> <span class='ocrx_word' id='word_1_260' title='bbox 390 2728 486 2813; x_wconf 87' lang='lat' dir='ltr'><strong>enim,</strong></span> <span class='ocrx_word' id='word_1_261' title='bbox 510 2737 545 2791; x_wconf 93' lang='lat' dir='ltr'><strong>ut</strong></span> <span class='ocrx_word' id='word_1_262' title='bbox 567 2749 666 2813; x_wconf 88' lang='lat' dir='ltr'><strong>supra</strong></span> <span class='ocrx_word' id='word_1_263' title='bbox 689 2728 943 2793; x_wconf 87' lang='lat' dir='ltr'><strong>demonstratum</strong></span> <span class='ocrx_word' id='word_1_264' title='bbox 966 2737 1024 2809; x_wconf 86' lang='lat' dir='ltr'><strong>est,</strong></span> <span class='ocrx_word' id='word_1_265' title='bbox 1052 2730 1267 2792; x_wconf 87' lang='lat' dir='ltr'><strong>recentiorum</strong></span> <span class='ocrx_word' id='word_1_266' title='bbox 1292 2728 1484 2811; x_wconf 88' lang='lat' dir='ltr'><strong>scriptorum</strong></span> 
     </span>
     <span class='ocr_line' id='line_1_25' title="bbox 89 2829 1486 2917; baseline 0.001 -23"><span class='ocrx_word' id='word_1_267' title='bbox 89 2853 179 2895; x_wconf 88' lang='lat' dir='ltr'><strong>more</strong></span> <span class='ocrx_word' id='word_1_268' title='bbox 202 2833 456 2916; x_wconf 87' lang='lat' dir='ltr'><strong>praepositiones</strong></span> <span class='ocrx_word' id='word_1_269' title='bbox 480 2854 554 2896; x_wconf 93' lang='lat' dir='ltr'><strong>cum</strong></span> <span class='ocrx_word' id='word_1_270' title='bbox 576 2832 747 2896; x_wconf 87' lang='lat' dir='ltr'><strong>adiectivis</strong></span> <span class='ocrx_word' id='word_1_271' title='bbox 763 2835 959 2916; x_wconf 86' lang='lat' dir='ltr'><strong>coniungere</strong></span> <span class='ocrx_word' id='word_1_272' title='bbox 983 2855 1046 2896; x_wconf 91' lang='lat' dir='ltr'><strong>non</strong></span> <span class='ocrx_word' id='word_1_273' title='bbox 1064 2832 1215 2897; x_wconf 88' lang='lat' dir='ltr'><strong>dubitant</strong></span> <span class='ocrx_word' id='word_1_274' title='bbox 1239 2840 1270 2895; x_wconf 91' lang='lat' dir='ltr'><strong>et</strong></span> <span class='ocrx_word' id='word_1_275' title='bbox 1289 2829 1364 2917; x_wconf 80' lang='grc' dir='ltr'><em>περὶ</em></span> <span class='ocrx_word' id='word_1_276' title='bbox 1379 2833 1486 2895; x_wconf 90' lang='grc' dir='ltr'><em>πάντα</em></span> 
     </span>
     <span class='ocr_line' id='line_1_26' title="bbox 91 2931 1484 3026; baseline -0.001 -27"><span class='ocrx_word' id='word_1_277' title='bbox 91 2937 187 2999; x_wconf 88' lang='lat' dir='ltr'><strong>etiam</strong></span> <span class='ocrx_word' id='word_1_278' title='bbox 212 2936 275 3000; x_wconf 85' lang='lat' dir='ltr'><strong>Sol.</strong></span> <span class='ocrx_word' id='word_1_279' title='bbox 297 2935 349 3017; x_wconf 75' lang='lat'><strong>27,</strong></span> <span class='ocrx_word' id='word_1_280' title='bbox 367 2938 405 2998; x_wconf 86' lang='lat'><strong>11</strong></span> <span class='ocrx_word' id='word_1_281' title='bbox 430 2944 469 3024; x_wconf 79' lang='grc' dir='ltr'><strong>τῇ</strong></span> <span class='ocrx_word' id='word_1_282' title='bbox 492 2931 521 3001; x_wconf 79' lang='grc' dir='ltr'><strong>δ’</strong></span> <span class='ocrx_word' id='word_1_283' title='bbox 536 2934 610 3026; x_wconf 76' lang='grc' dir='ltr'><em>ἕκτη</em></span> <span class='ocrx_word' id='word_1_284' title='bbox 632 2934 707 3022; x_wconf 81' lang='grc' dir='ltr'><em>περὶ</em></span> <span class='ocrx_word' id='word_1_285' title='bbox 728 2941 836 3001; x_wconf 92' lang='grc' dir='ltr'><em>πάντα</em></span> <span class='ocrx_word' id='word_1_286' title='bbox 858 2940 1067 3023; x_wconf 85' lang='grc' dir='ltr'><em>καταρτάεται</em></span> <span class='ocrx_word' id='word_1_287' title='bbox 1091 2938 1162 3015; x_wconf 89' lang='grc' dir='ltr'><em>νόος</em></span> <span class='ocrx_word' id='word_1_288' title='bbox 1184 2936 1298 3022; x_wconf 80' lang='grc' dir='ltr'><em>ἀνδρός</em></span> <span class='ocrx_word' id='word_1_289' title='bbox 1320 2943 1410 2999; x_wconf 85' lang='lat' dir='ltr'><strong>extat</strong></span> <span class='ocrx_word' id='word_1_290' title='bbox 1432 2972 1484 3014; x_wconf 86' lang='grc'><strong>-,</strong></span> 
     </span>
     <span class='ocr_line' id='line_1_27' title="bbox 91 3038 1485 3125; baseline -0.001 -21"><span class='ocrx_word' id='word_1_291' title='bbox 91 3041 202 3104; x_wconf 89' lang='lat' dir='ltr'><strong>tmesis</strong></span> <span class='ocrx_word' id='word_1_292' title='bbox 224 3040 389 3103; x_wconf 88' lang='lat' dir='ltr'><strong>reicienda</strong></span> <span class='ocrx_word' id='word_1_293' title='bbox 413 3049 471 3104; x_wconf 88' lang='lat' dir='ltr'><strong>est.</strong></span> <span class='ocrx_word' id='word_1_294' title='bbox 511 3041 564 3104; x_wconf 93' lang='lat' dir='ltr'><strong>cui</strong></span> <span class='ocrx_word' id='word_1_295' title='bbox 585 3042 633 3104; x_wconf 90' lang='lat' dir='ltr'><strong>rei</strong></span> <span class='ocrx_word' id='word_1_296' title='bbox 655 3040 743 3105; x_wconf 85' lang='lat' dir='ltr'><strong>aliud</strong></span> <span class='ocrx_word' id='word_1_297' title='bbox 766 3062 893 3125; x_wconf 86' lang='lat' dir='ltr'><strong>quoquc</strong></span> <span class='ocrx_word' id='word_1_298' title='bbox 921 3040 1019 3105; x_wconf 86' lang='lat' dir='ltr'><strong>favet.</strong></span> <span class='ocrx_word' id='word_1_299' title='bbox 1058 3062 1172 3105; x_wconf 88' lang='lat' dir='ltr'><strong>versus</strong></span> <span class='ocrx_word' id='word_1_300' title='bbox 1201 3042 1286 3104; x_wconf 90' lang='lat' dir='ltr'><strong>enim</strong></span> <span class='ocrx_word' id='word_1_301' title='bbox 1315 3038 1369 3123; x_wconf 95' lang='lat' dir='ltr'><strong>illi,</strong></span> <span class='ocrx_word' id='word_1_302' title='bbox 1399 3038 1485 3124; x_wconf 92' lang='lat' dir='ltr'><strong>quod</strong></span> 
     </span>
     <span class='ocr_line' id='line_1_28' title="bbox 90 3141 1485 3229; baseline 0.001 -23"><span class='ocrx_word' id='word_1_303' title='bbox 90 3144 225 3207; x_wconf 89' lang='lat' dir='ltr'><strong>Pierson</strong></span> <span class='ocrx_word' id='word_1_304' title='bbox 252 3166 317 3207; x_wconf 91' lang='lat' dir='ltr'><strong>non</strong></span> <span class='ocrx_word' id='word_1_305' title='bbox 345 3146 481 3227; x_wconf 89' lang='lat' dir='ltr'><strong>curavit,</strong></span> <span class='ocrx_word' id='word_1_306' title='bbox 510 3142 635 3208; x_wconf 85' lang='lat' dir='ltr'><strong>Solonis</strong></span> <span class='ocrx_word' id='word_1_307' title='bbox 663 3154 750 3227; x_wconf 64' lang='lat' dir='ltr'><strong>sunt,</strong></span> <span class='ocrx_word' id='word_1_308' title='bbox 782 3167 858 3209; x_wconf 93' lang='lat' dir='ltr'><strong>nam</strong></span> <span class='ocrx_word' id='word_1_309' title='bbox 882 3145 945 3211; x_wconf 84' lang='lat' dir='ltr'><strong>Sol.</strong></span> <span class='ocrx_word' id='word_1_310' title='bbox 970 3146 1019 3229; x_wconf 91' lang='grc'><strong>13,</strong></span> <span class='ocrx_word' id='word_1_311' title='bbox 1040 3145 1082 3209; x_wconf 90' lang='grc'><strong>69</strong></span> <span class='ocrx_word' id='word_1_312' title='bbox 1106 3166 1153 3229; x_wconf 92' lang='lat' dir='ltr'><strong>sq.</strong></span> <span class='ocrx_word' id='word_1_313' title='bbox 1180 3144 1335 3209; x_wconf 86' lang='lat' dir='ltr'><strong>traditum</strong></span> <span class='ocrx_word' id='word_1_314' title='bbox 1359 3152 1407 3205; x_wconf 85' lang='lat' dir='ltr'><strong>est</strong></span> <span class='ocrx_word' id='word_1_315' title='bbox 1439 3141 1485 3229; x_wconf 79' lang='grc' dir='ltr'><strong>τῷ</strong></span> 
     </span>
     <span class='ocr_line' id='line_1_29' title="bbox 91 3246 1485 3338; baseline -0.001 -25"><span class='ocrx_word' id='word_1_316' title='bbox 91 3248 126 3313; x_wconf 80' lang='grc' dir='ltr'><strong>ἀὲ</strong></span> <span class='ocrx_word' id='word_1_317' title='bbox 148 3254 252 3326; x_wconf 86' lang='grc' dir='ltr'><em>κακῶς</em></span> <span class='ocrx_word' id='word_1_318' title='bbox 274 3246 400 3334; x_wconf 56' lang='lat' dir='ltr'><strong>totam</strong></span> <span class='ocrx_word' id='word_1_319' title='bbox 420 3252 498 3327; x_wconf 81' lang='grc' dir='ltr'><em>θεὸς</em></span> <span class='ocrx_word' id='word_1_320' title='bbox 520 3247 595 3335; x_wconf 78' lang='grc' dir='ltr'><em>περὶ</em></span> <span class='ocrx_word' id='word_1_321' title='bbox 617 3252 724 3315; x_wconf 85' lang='grc' dir='ltr'><em>πάντα</em></span> <span class='ocrx_word' id='word_1_322' title='bbox 747 3247 880 3315; x_wconf 78' lang='grc' dir='ltr'><em>δίδωσιν</em></span> <span class='ocrx_word' id='word_1_323' title='bbox 898 3252 902 3333; x_wconf 89' lang='grc' dir='ltr'>Ι</span> <span class='ocrx_word' id='word_1_324' title='bbox 922 3248 1088 3338; x_wconf 85' lang='grc' dir='ltr'><em>συντυχίην</em></span> <span class='ocrx_word' id='word_1_325' title='bbox 1110 3252 1245 3337; x_wconf 80' lang='grc' dir='ltr'><em>ἀγαθήν.</em></span> <span class='ocrx_word' id='word_1_326' title='bbox 1281 3270 1354 3311; x_wconf 91' lang='lat' dir='ltr'><strong>cum</strong></span> <span class='ocrx_word' id='word_1_327' title='bbox 1377 3258 1485 3311; x_wconf 86' lang='lat' dir='ltr'><strong>autem</strong></span> 
     </span>
     <span class='ocr_line' id='line_1_30' title="bbox 88 3349 1486 3440; baseline 0 -24"><span class='ocrx_word' id='word_1_328' title='bbox 88 3352 300 3437; x_wconf 83' lang='grc' dir='ltr'><em>περιάιάόναι,</em></span> <span class='ocrx_word' id='word_1_329' title='bbox 323 3352 410 3437; x_wconf 91' lang='lat' dir='ltr'><strong>quod</strong></span> <span class='ocrx_word' id='word_1_330' title='bbox 433 3352 486 3415; x_wconf 91' lang='lat' dir='ltr'><strong>hic</strong></span> <span class='ocrx_word' id='word_1_331' title='bbox 509 3352 635 3437; x_wconf 86' lang='lat' dir='ltr'><strong>legitur,</strong></span> <span class='ocrx_word' id='word_1_332' title='bbox 659 3374 731 3417; x_wconf 87' lang='lat' dir='ltr'><strong>cam</strong></span> <span class='ocrx_word' id='word_1_333' title='bbox 757 3356 833 3430; x_wconf 86' lang='lat' dir='ltr'><strong>vim,</strong></span> <span class='ocrx_word' id='word_1_334' title='bbox 859 3375 941 3437; x_wconf 92' lang='lat' dir='ltr'><strong>quae</strong></span> <span class='ocrx_word' id='word_1_335' title='bbox 964 3355 1148 3440; x_wconf 87' lang='lat' dir='ltr'><strong>requiritur,</strong></span> <span class='ocrx_word' id='word_1_336' title='bbox 1172 3374 1235 3416; x_wconf 92' lang='lat' dir='ltr'><strong>non</strong></span> <span class='ocrx_word' id='word_1_337' title='bbox 1258 3352 1388 3434; x_wconf 87' lang='lat' dir='ltr'><strong>habeat,</strong></span> <span class='ocrx_word' id='word_1_338' title='bbox 1411 3349 1486 3437; x_wconf 85' lang='grc' dir='ltr'><em>περί</em></span> 
     </span>
     <span class='ocr_line' id='line_1_31' title="bbox 90 3456 1485 3541; baseline 0.001 -25"><span class='ocrx_word' id='word_1_339' title='bbox 90 3477 165 3517; x_wconf 93' lang='lat' dir='ltr'><strong>cum</strong></span> <span class='ocrx_word' id='word_1_340' title='bbox 187 3478 269 3519; x_wconf 85' lang='lat' dir='ltr'><strong>voce</strong></span> <span class='ocrx_word' id='word_1_341' title='bbox 296 3460 404 3521; x_wconf 89' lang='grc' dir='ltr'><em>πάντα</em></span> <span class='ocrx_word' id='word_1_342' title='bbox 430 3478 494 3520; x_wconf 92' lang='lat' dir='ltr'><strong>non</strong></span> <span class='ocrx_word' id='word_1_343' title='bbox 521 3478 693 3540; x_wconf 88' lang='lat' dir='ltr'><strong>possumus</strong></span> <span class='ocrx_word' id='word_1_344' title='bbox 722 3478 785 3521; x_wconf 93' lang='lat' dir='ltr'><strong>non</strong></span> <span class='ocrx_word' id='word_1_345' title='bbox 814 3459 1019 3541; x_wconf 86' lang='lat' dir='ltr'><strong>coniungere.</strong></span> <span class='ocrx_word' id='word_1_346' title='bbox 1063 3457 1207 3521; x_wconf 89' lang='lat' dir='ltr'><strong>similiter</strong></span> <span class='ocrx_word' id='word_1_347' title='bbox 1230 3478 1344 3521; x_wconf 90' lang='lat' dir='ltr'><strong>versus</strong></span> <span class='ocrx_word' id='word_1_348' title='bbox 1364 3456 1427 3520; x_wconf 93' lang='grc'><strong>969</strong></span> <span class='ocrx_word' id='word_1_349' title='bbox 1437 3478 1485 3540; x_wconf 91' lang='lat' dir='ltr'><strong>sq.</strong></span> 
     </span>
     <span class='ocr_line' id='line_1_32' title="bbox 91 3556 1487 3651; baseline -0.003 -25"><span class='ocrx_word' id='word_1_350' title='bbox 91 3556 199 3647; x_wconf 73' lang='grc' dir='ltr'><em>ἷίφθην</em></span> <span class='ocrx_word' id='word_1_351' title='bbox 221 3556 252 3624; x_wconf 83' lang='lat' dir='ltr'><strong>o’</strong></span> <span class='ocrx_word' id='word_1_352' title='bbox 266 3560 399 3649; x_wconf 78' lang='grc' dir='ltr'><em>αἷνήσας</em></span> <span class='ocrx_word' id='word_1_353' title='bbox 420 3558 497 3647; x_wconf 92' lang='grc' dir='ltr'><em>πρίν</em></span> <span class='ocrx_word' id='word_1_354' title='bbox 519 3582 578 3626; x_wconf 96' lang='grc' dir='ltr'><strong>σου</strong></span> <span class='ocrx_word' id='word_1_355' title='bbox 599 3564 682 3627; x_wconf 87' lang='grc' dir='ltr'><em>κατά</em></span> <span class='ocrx_word' id='word_1_356' title='bbox 704 3564 811 3627; x_wconf 90' lang='grc' dir='ltr'><em>πάντα</em></span> <span class='ocrx_word' id='word_1_357' title='bbox 834 3562 944 3651; x_wconf 80' lang='grc' dir='ltr'><em>δαῆναι</em></span> <span class='ocrx_word' id='word_1_358' title='bbox 967 3562 1077 3648; x_wconf 72' lang='grc' dir='ltr'><strong>1ἢθεα</strong></span> <span class='ocrx_word' id='word_1_359' title='bbox 1102 3563 1279 3645; x_wconf 85' lang='lat' dir='ltr'><strong>comparati</strong></span> <span class='ocrx_word' id='word_1_360' title='bbox 1307 3570 1390 3624; x_wconf 91' lang='lat' dir='ltr'><strong>sunt.</strong></span> <span class='ocrx_word' id='word_1_361' title='bbox 1429 3559 1487 3623; x_wconf 89' lang='lat' dir='ltr'><strong>sed</strong></span> 
     </span>
     <span class='ocr_line' id='line_1_33' title="bbox 92 3663 1487 3750; baseline 0 -23"><span class='ocrx_word' id='word_1_362' title='bbox 92 3663 147 3727; x_wconf 89' lang='lat' dir='ltr'><strong>hic</strong></span> <span class='ocrx_word' id='word_1_363' title='bbox 169 3663 325 3727; x_wconf 90' lang='lat' dir='ltr'><strong>Piersonii</strong></span> <span class='ocrx_word' id='word_1_364' title='bbox 348 3673 381 3728; x_wconf 88' lang='lat' dir='ltr'><strong>et</strong></span> <span class='ocrx_word' id='word_1_365' title='bbox 403 3663 531 3729; x_wconf 82' lang='lat' dir='ltr'><strong>Sitaleri</strong></span> <span class='ocrx_word' id='word_1_366' title='bbox 558 3667 717 3729; x_wconf 88' lang='lat' dir='ltr'><strong>sententia</strong></span> <span class='ocrx_word' id='word_1_367' title='bbox 744 3687 781 3729; x_wconf 87' lang='lat' dir='ltr'><strong>eo</strong></span> <span class='ocrx_word' id='word_1_368' title='bbox 809 3664 936 3729; x_wconf 85' lang='lat' dir='ltr'><strong>facilius</strong></span> <span class='ocrx_word' id='word_1_369' title='bbox 964 3664 1067 3730; x_wconf 85' lang='lat' dir='ltr'><strong>refelli</strong></span> <span class='ocrx_word' id='word_1_370' title='bbox 1095 3674 1212 3750; x_wconf 88' lang='lat' dir='ltr'><strong>potest,</strong></span> <span class='ocrx_word' id='word_1_371' title='bbox 1241 3664 1327 3749; x_wconf 87' lang='lat' dir='ltr'><strong>quod</strong></span> <span class='ocrx_word' id='word_1_372' title='bbox 1349 3664 1487 3729; x_wconf 83' lang='lat' dir='ltr'><strong>verbum</strong></span> 
     </span>
     <span class='ocr_line' id='line_1_34' title="bbox 90 3767 1487 3855; baseline -0.001 -23"><span class='ocrx_word' id='word_1_373' title='bbox 90 3768 288 3854; x_wconf 81' lang='grc' dir='ltr'><em>καταάαῆναι</em></span> <span class='ocrx_word' id='word_1_374' title='bbox 315 3769 443 3832; x_wconf 90' lang='lat' dir='ltr'><strong>omniuo</strong></span> <span class='ocrx_word' id='word_1_375' title='bbox 471 3790 536 3832; x_wconf 93' lang='lat' dir='ltr'><strong>non</strong></span> <span class='ocrx_word' id='word_1_376' title='bbox 563 3778 662 3833; x_wconf 87' lang='lat' dir='ltr'><strong>extat.</strong></span> <span class='ocrx_word' id='word_1_377' title='bbox 702 3791 802 3854; x_wconf 87' lang='lat' dir='ltr'><strong>quare</strong></span> <span class='ocrx_word' id='word_1_378' title='bbox 828 3779 865 3833; x_wconf 92' lang='lat' dir='ltr'><strong>ut</strong></span> <span class='ocrx_word' id='word_1_379' title='bbox 892 3791 990 3854; x_wconf 89' lang='lat' dir='ltr'><strong>supra</strong></span> <span class='ocrx_word' id='word_1_380' title='bbox 1012 3768 1115 3833; x_wconf 90' lang='lat' dir='ltr'><strong>verba</strong></span> <span class='ocrx_word' id='word_1_381' title='bbox 1141 3767 1216 3855; x_wconf 86' lang='grc' dir='ltr'><em>περί</em></span> <span class='ocrx_word' id='word_1_382' title='bbox 1238 3772 1345 3833; x_wconf 87' lang='grc' dir='ltr'><em>πάντα</em></span> <span class='ocrx_word' id='word_1_383' title='bbox 1367 3770 1412 3832; x_wconf 90' lang='lat' dir='ltr'><strong>ita</strong></span> <span class='ocrx_word' id='word_1_384' title='bbox 1435 3768 1487 3831; x_wconf 86' lang='lat' dir='ltr'><strong>hio</strong></span> 
     </span>
     <span class='ocr_line' id='line_1_35' title="bbox 90 3870 1488 3959; baseline 0 -24"><span class='ocrx_word' id='word_1_385' title='bbox 90 3876 175 3936; x_wconf 82' lang='grc' dir='ltr'><em>κατὰ</em></span> <span class='ocrx_word' id='word_1_386' title='bbox 189 3873 296 3936; x_wconf 84' lang='grc' dir='ltr'><em>πάντα</em></span> <span class='ocrx_word' id='word_1_387' title='bbox 312 3871 366 3955; x_wconf 85' lang='lat' dir='ltr'><strong>(of.</strong></span> <span class='ocrx_word' id='word_1_388' title='bbox 383 3871 486 3936; x_wconf 79' lang='lat' dir='ltr'><strong>Thus.</strong></span> <span class='ocrx_word' id='word_1_389' title='bbox 503 3871 572 3935; x_wconf 91' lang='lat' dir='ltr'>IIII</span> <span class='ocrx_word' id='word_1_390' title='bbox 587 3872 625 3935; x_wconf 91' lang='grc'><strong>81</strong></span> <span class='ocrx_word' id='word_1_391' title='bbox 643 3876 725 3938; x_wconf 88' lang='grc' dir='ltr'><em>κατά</em></span> <span class='ocrx_word' id='word_1_392' title='bbox 740 3876 846 3938; x_wconf 92' lang='grc' dir='ltr'><em>πάντα</em></span> <span class='ocrx_word' id='word_1_393' title='bbox 863 3874 987 3957; x_wconf 85' lang='grc' dir='ltr'><em>ἀγαθός</em></span> <span class='ocrx_word' id='word_1_394' title='bbox 1002 3882 1034 3935; x_wconf 89' lang='lat' dir='ltr'><strong>et</strong></span> <span class='ocrx_word' id='word_1_395' title='bbox 1049 3872 1131 3937; x_wconf 88' lang='lat' dir='ltr'><strong>Plat.</strong></span> <span class='ocrx_word' id='word_1_396' title='bbox 1148 3872 1231 3937; x_wconf 84' lang='lat' dir='ltr'><strong>Tim.</strong></span> <span class='ocrx_word' id='word_1_397' title='bbox 1248 3872 1290 3937; x_wconf 91' lang='grc'><strong>30</strong></span> <span class='ocrx_word' id='word_1_398' title='bbox 1299 3870 1334 3959; x_wconf 86' lang='lat' dir='ltr'><strong>d)</strong></span> <span class='ocrx_word' id='word_1_399' title='bbox 1359 3875 1488 3936; x_wconf 87' lang='lat' dir='ltr'><strong>coniun-</strong></span> 
     </span>
     <span class='ocr_line' id='line_1_36' title="bbox 89 3974 1488 4061; baseline 0.002 -25"><span class='ocrx_word' id='word_1_400' title='bbox 89 3974 200 4059; x_wconf 89' lang='lat' dir='ltr'><strong>genda</strong></span> <span class='ocrx_word' id='word_1_401' title='bbox 222 3997 292 4039; x_wconf 89' lang='lat' dir='ltr'><strong>esse</strong></span> <span class='ocrx_word' id='word_1_402' title='bbox 314 3984 392 4060; x_wconf 92' lang='lat' dir='ltr'><strong>puto</strong></span> <span class='ocrx_word' id='word_1_403' title='bbox 415 3986 457 4057; x_wconf 89' lang='lat' dir='ltr'><strong>et,</strong></span> <span class='ocrx_word' id='word_1_404' title='bbox 481 3986 635 4061; x_wconf 91' lang='lat' dir='ltr'><strong>quantum</strong></span> <span class='ocrx_word' id='word_1_405' title='bbox 658 3977 701 4040; x_wconf 85' lang='lat' dir='ltr'><strong>ad</strong></span> <span class='ocrx_word' id='word_1_406' title='bbox 724 3978 918 4041; x_wconf 87' lang='lat' dir='ltr'><strong>sententiam</strong></span> <span class='ocrx_word' id='word_1_407' title='bbox 941 3977 1098 4040; x_wconf 89' lang='lat' dir='ltr'><strong>enuntiati</strong></span> <span class='ocrx_word' id='word_1_408' title='bbox 1119 3977 1269 4061; x_wconf 88' lang='lat' dir='ltr'><strong>pertinet,</strong></span> <span class='ocrx_word' id='word_1_409' title='bbox 1293 3978 1336 4041; x_wconf 90' lang='lat' dir='ltr'><strong>ad</strong></span> <span class='ocrx_word' id='word_1_410' title='bbox 1358 3998 1488 4039; x_wconf 89' lang='lat' dir='ltr'><strong>versum</strong></span> 
     </span>
     <span class='ocr_line' id='line_1_37' title="bbox 90 4076 1485 4170; baseline 0.002 -28"><span class='ocrx_word' id='word_1_411' title='bbox 90 4078 154 4142; x_wconf 79' lang='grc'><strong>967</strong></span> <span class='ocrx_word' id='word_1_412' title='bbox 176 4084 297 4145; x_wconf 85' lang='grc' dir='ltr'><em>τούτων</em></span> <span class='ocrx_word' id='word_1_413' title='bbox 320 4076 501 4167; x_wconf 73' lang='grc' dir='ltr'><em>ἀὲκφαίνει</em></span> <span class='ocrx_word' id='word_1_414' title='bbox 522 4085 652 4160; x_wconf 84' lang='grc' dir='ltr'><em>πάντας</em></span> <span class='ocrx_word' id='word_1_415' title='bbox 674 4084 785 4167; x_wconf 85' lang='grc' dir='ltr'><em>χρόνος</em></span> <span class='ocrx_word' id='word_1_416' title='bbox 806 4080 890 4170; x_wconf 76' lang='grc' dir='ltr'><em>ἦθος</em></span> <span class='ocrx_word' id='word_1_417' title='bbox 911 4080 1046 4145; x_wconf 81' lang='grc' dir='ltr'><em>ἑκάστου</em></span> <span class='ocrx_word' id='word_1_418' title='bbox 1074 4102 1200 4145; x_wconf 87' lang='lat' dir='ltr'><strong>revoco.</strong></span> <span class='ocrx_word' id='word_1_419' title='bbox 1240 4082 1317 4145; x_wconf 86' lang='lat' dir='ltr'><strong>item</strong></span> <span class='ocrx_word' id='word_1_420' title='bbox 1340 4080 1485 4164; x_wconf 84' lang='lat' dir='ltr'><strong>Theogn.</strong></span> 
     </span>
     <span class='ocr_line' id='line_1_38' title="bbox 92 4180 1486 4274; baseline 0.004 -29"><span class='ocrx_word' id='word_1_421' title='bbox 92 4182 167 4265; x_wconf 76' lang='grc'><strong>821,</strong></span> <span class='ocrx_word' id='word_1_422' title='bbox 198 4183 255 4247; x_wconf 92' lang='lat' dir='ltr'><strong>ubi</strong></span> <span class='ocrx_word' id='word_1_423' title='bbox 284 4183 427 4267; x_wconf 82' lang='lat' dir='ltr'><strong>vulgaris</strong></span> <span class='ocrx_word' id='word_1_424' title='bbox 458 4186 618 4268; x_wconf 89' lang='lat' dir='ltr'><strong>scriptura</strong></span> <span class='ocrx_word' id='word_1_425' title='bbox 646 4195 696 4248; x_wconf 88' lang='lat' dir='ltr'><strong>est</strong></span> <span class='ocrx_word' id='word_1_426' title='bbox 725 4183 760 4250; x_wconf 80' lang='grc' dir='ltr'><strong>οἳ</strong></span> <span class='ocrx_word' id='word_1_427' title='bbox 785 4180 814 4251; x_wconf 77' lang='lat' dir='ltr'><strong>d&#39;</strong></span> <span class='ocrx_word' id='word_1_428' title='bbox 830 4188 1112 4272; x_wconf 89' lang='grc' dir='ltr'><em>ἀπογηράσκοντας</em></span> <span class='ocrx_word' id='word_1_429' title='bbox 1141 4184 1331 4271; x_wconf 81' lang='grc' dir='ltr'><em>ἀτιμάζουσι</em></span> <span class='ocrx_word' id='word_1_430' title='bbox 1362 4193 1486 4274; x_wconf 83' lang='grc' dir='ltr'><em>τοκῆας,</em></span> 
     </span>
     <span class='ocr_line' id='line_1_39' title="bbox 90 4287 1487 4375; baseline 0.001 -23"><span class='ocrx_word' id='word_1_431' title='bbox 90 4290 159 4353; x_wconf 81' lang='grc' dir='ltr'><strong>ἀπὸ</strong></span> <span class='ocrx_word' id='word_1_432' title='bbox 186 4287 229 4351; x_wconf 89' lang='lat' dir='ltr'><strong>ad</strong></span> <span class='ocrx_word' id='word_1_433' title='bbox 257 4287 447 4371; x_wconf 84' lang='grc' dir='ltr'><em>ἀτιμάζουσι</em></span> <span class='ocrx_word' id='word_1_434' title='bbox 473 4288 593 4352; x_wconf 86' lang='lat' dir='ltr'><strong>referre</strong></span> <span class='ocrx_word' id='word_1_435' title='bbox 625 4288 745 4355; x_wconf 89' lang='lat' dir='ltr'><strong>dubito.</strong></span> <span class='ocrx_word' id='word_1_436' title='bbox 792 4311 869 4353; x_wconf 91' lang='lat' dir='ltr'><strong>sane</strong></span> <span class='ocrx_word' id='word_1_437' title='bbox 900 4292 1135 4375; x_wconf 89' lang='grc' dir='ltr'><em>ἀπογηράσκειν</em></span> <span class='ocrx_word' id='word_1_438' title='bbox 1168 4290 1255 4373; x_wconf 86' lang='lat' dir='ltr'><strong>apud</strong></span> <span class='ocrx_word' id='word_1_439' title='bbox 1292 4291 1487 4353; x_wconf 86' lang='lat' dir='ltr'><strong>recentiores</strong></span> 
     </span>
     <span class='ocr_line' id='line_1_40' title="bbox 89 4391 1487 4479; baseline 0.001 -25"><span class='ocrx_word' id='word_1_440' title='bbox 89 4400 217 4456; x_wconf 88' lang='lat' dir='ltr'><strong>tantum</strong></span> <span class='ocrx_word' id='word_1_441' title='bbox 241 4393 413 4477; x_wconf 88' lang='lat' dir='ltr'><strong>scriptores</strong></span> <span class='ocrx_word' id='word_1_442' title='bbox 438 4391 565 4476; x_wconf 84' lang='lat' dir='ltr'><strong>legitur,</strong></span> <span class='ocrx_word' id='word_1_443' title='bbox 589 4394 646 4457; x_wconf 90' lang='lat' dir='ltr'><strong>sed</strong></span> <span class='ocrx_word' id='word_1_444' title='bbox 669 4395 766 4457; x_wconf 86' lang='lat' dir='ltr'><strong>etiam</strong></span> <span class='ocrx_word' id='word_1_445' title='bbox 789 4392 1002 4479; x_wconf 88' lang='grc' dir='ltr'><em>ἀπατιμάζειν</em></span> <span class='ocrx_word' id='word_1_446' title='bbox 1024 4402 1074 4456; x_wconf 88' lang='lat' dir='ltr'><strong>est</strong></span> <span class='ocrx_word' id='word_1_447' title='bbox 1096 4394 1303 4469; x_wconf 86' lang='lat' dir='ltr'><strong>rarissimum,</strong></span> <span class='ocrx_word' id='word_1_448' title='bbox 1328 4415 1402 4457; x_wconf 89' lang='lat' dir='ltr'><strong>cum</strong></span> <span class='ocrx_word' id='word_1_449' title='bbox 1424 4415 1487 4456; x_wconf 91' lang='lat' dir='ltr'><strong>uno</strong></span> 
     </span>
     <span class='ocr_line' id='line_1_41' title="bbox 90 4496 1486 4584; baseline -0.001 -24"><span class='ocrx_word' id='word_1_450' title='bbox 90 4496 249 4581; x_wconf 83' lang='lat' dir='ltr'><strong>Aeschyli</strong></span> <span class='ocrx_word' id='word_1_451' title='bbox 271 4496 342 4560; x_wconf 93' lang='lat' dir='ltr'><strong>loco</strong></span> <span class='ocrx_word' id='word_1_452' title='bbox 365 4497 555 4561; x_wconf 86' lang='lat' dir='ltr'><strong>inveniatur.</strong></span> <span class='ocrx_word' id='word_1_453' title='bbox 582 4506 726 4562; x_wconf 89' lang='lat' dir='ltr'><strong>ceterum</strong></span> <span class='ocrx_word' id='word_1_454' title='bbox 748 4497 834 4562; x_wconf 87' lang='lat' dir='ltr'><strong>addo</strong></span> <span class='ocrx_word' id='word_1_455' title='bbox 854 4498 1072 4580; x_wconf 85' lang='lat' dir='ltr'><strong>Hartungium</strong></span> <span class='ocrx_word' id='word_1_456' title='bbox 1096 4502 1392 4584; x_wconf 87' lang='grc' dir='ltr'><em>καταγηράσκοντας</em></span> <span class='ocrx_word' id='word_1_457' title='bbox 1415 4518 1486 4560; x_wconf 88' lang='lat' dir='ltr'><strong>con·</strong></span> 
     </span>
     <span class='ocr_line' id='line_1_42' title="bbox 88 4594 1487 4689; baseline 0.001 -25"><span class='ocrx_word' id='word_1_458' title='bbox 88 4601 206 4665; x_wconf 82' lang='lat' dir='ltr'><strong>iecisse</strong></span> <span class='ocrx_word' id='word_1_459' title='bbox 231 4610 263 4664; x_wconf 92' lang='lat' dir='ltr'><strong>et</strong></span> <span class='ocrx_word' id='word_1_460' title='bbox 285 4600 372 4686; x_wconf 87' lang='lat' dir='ltr'><strong>apud</strong></span> <span class='ocrx_word' id='word_1_461' title='bbox 395 4600 573 4665; x_wconf 88' lang='lat' dir='ltr'><strong>Hesiodum</strong></span> <span class='ocrx_word' id='word_1_462' title='bbox 589 4600 651 4687; x_wconf 88' lang='lat' dir='ltr'><strong>Op.</strong></span> <span class='ocrx_word' id='word_1_463' title='bbox 670 4600 732 4665; x_wconf 86' lang='grc'><strong>185</strong></span> <span class='ocrx_word' id='word_1_464' title='bbox 755 4602 824 4665; x_wconf 90' lang='lat' dir='ltr'><strong>loco</strong></span> <span class='ocrx_word' id='word_1_465' title='bbox 848 4602 943 4665; x_wconf 90' lang='lat' dir='ltr'><strong>simili</strong></span> <span class='ocrx_word' id='word_1_466' title='bbox 967 4594 1052 4687; x_wconf 73' lang='grc' dir='ltr'><em>αἶψα</em></span> <span class='ocrx_word' id='word_1_467' title='bbox 1076 4602 1110 4665; x_wconf 78' lang='grc' dir='ltr'><strong>ἀὲ</strong></span> <span class='ocrx_word' id='word_1_468' title='bbox 1134 4606 1346 4689; x_wconf 79' lang='grc' dir='ltr'><em>γηράσκοντας</em></span> <span class='ocrx_word' id='word_1_469' title='bbox 1373 4604 1487 4689; x_wconf 80' lang='grc' dir='ltr'><em>ἀτιμή-</em></span> 
     </span>
    </p>
   </div>
   <div class='ocr_carea' id='block_1_5' title="bbox 0 0 1709 5067">
    <p class='ocr_par' dir='ltr' id='par_1_5' title="bbox 0 0 1709 5067">
     <span class='ocr_line' id='line_1_43' title="bbox 0 0 1709 5067; baseline 0 0"><span class='ocrx_word' id='word_1_470' title='bbox 0 0 1709 5067; x_wconf 95' lang='lat' dir='ltr'><strong> </strong></span> 
     </span>
    </p>
   </div>
  </div>
 </body>
</html>
