3392 5067
186 219 229 283 92

185 410 316 474 ductam
356 410 464 476 habet.
515 409 601 495 quod
639 430 718 472 num
752 430 795 473 ex
829 411 995 494 scriptoris
1033 410 1241 495 neglegentia
1279 407 1436 493 explicari
1474 410 1597 491 possit,

184 515 319 580 dubium
346 523 408 597 est3
444 536 519 579 nam
550 533 710 598 nusquam
738 513 815 578 alibi
842 536 916 579 eum
944 515 978 579 11
1005 516 1103 581 rebus
1133 514 1331 601 prosodiacis
1362 511 1415 576 vel
1445 512 1597 575 metricis

183 641 340 705 peccasse
361 626 496 683 constat.
521 639 585 702 qua
607 617 649 681 de
673 640 772 683 causa
786 615 955 705 Richter1)
980 642 1053 683 cum
1074 619 1112 683 L.
1127 618 1283 684 Muellero
1300 617 1415 682 statuit
1430 615 1595 687 Octaviae

183 730 376 809 anapaestos
404 721 480 786 solis
506 724 713 786 monometris
741 743 812 786 esse
841 721 1083 789 describendos.
1135 723 1193 787 sed
1225 724 1349 787 etiamsi
1381 720 1595 785 concedimus

183 830 217 891 in
240 826 378 892 Octavia
407 826 598 912 particulam
625 815 715 890 ruodo
745 827 846 891 iambi
876 848 1062 892 mensuram
1092 828 1244 913 adeptam
1275 848 1356 908 esse,
1387 834 1496 888 tamen
1525 824 1594 887 hoc

183 954 247 995 non
270 932 454 1015 posterioris
477 932 632 1016 temporis
654 930 811 995 indicium
834 929 931 1017 est²);
959 932 1090 997 namin
1117 931 1269 995 similium
1291 952 1410 994 vocum
1437 950 1594 995 mensura

182 1037 253 1120 ipse
276 1034 402 1099 Seneca
426 1034 487 1098 sibi
514 1057 579 1100 non
607 1036 765 1117 constitit,
789 1035 892 1099 veluti
918 1036 1006 1122 apud
1035 1058 1108 1101 eum
1130 1030 1198 1099 saro
1226 1044 1258 1099 et
1285 1035 1465 1119 spondeum
1489 1034 1594 1097 efficit

184 1149 215 1203 et
239 1140 437 1223 trochaeum,
460 1138 560 1203 6611116
582 1138 738 1204 tribrachi
761 1140 814 1204 vel
836 1143 1002 1225 anapaesti
1026 1126 1213 1205 mensuram
1234 1139 1373 1225 habet,³)
1399 1140 1431 1202 11
1455 1140 1593 1203 senariis

183 1244 330 1309 iambicis
353 1253 463 1308 autem
486 1243 643 1309 Octaviae
667 1245 857 1330 scriptorem
886 1254 919 1308 et
942 1245 1102 1310 Senecam
1124 1245 1256 1310 easdem
1279 1244 1369 1329 leges
1397 1241 1592 1307 observasse

184 1348 358 1435 66161614)
392 1370 468 1412 nam
496 1356 627 1432 praeter
647 1369 748 1412 unum
775 1347 881 1412 hiatus
905 1348 1100 1435 exemplum,
1129 1347 1216 1435 quod
1243 1348 1322 1412 mihi
1345 1347 1477 1433 quidem
1499 1348 1533 1411 in
1556 1372 1590 1411 v.

183 1454 247 1518 516
270 1454 371 1516 tristes
394 1452 550 1537 Philippi.¹
570 1453 671 1515 1166611
693 1463 722 1515 61
745 1452 886 1516 Siculam
908 1452 1029 1537 116165)
1060 1453 1175 1518 adesse
1203 1452 1342 1535 videtur,
1372 1450 1453 1516 nihil
1482 1454 1592 1536 singu-

178 1556 251 1622 lare
277 1560 310 1620 in
332 1556 492 1621 Octaviae
515 1556 648 1620 senariis
669 1558 847 1639 invenitur3
880 1559 979 1621 immo
1002 1559 1029 1619 is
1052 1560 1107 1641 qui
1130 1558 1216 1623 hanc
1239 1556 1385 1622 fabulam
1408 1559 1593 1641 composuit

182 1665 216 1727 in
239 1660 401 1725 nonnullis
428 1660 567 1725 licentiis
594 1660 803 1726 admittendis
831 1663 929 1726 etiam
957 1663 1081 1727 cautior
1110 1662 1171 1727 1111
1198 1684 1296 1748 quam
1322 1662 1392 1746 ipse
1417 1661 1553 1726 Seneca.
1562 1660 1591 1747 6)

182 1766 276 1831 aliter
303 1788 382 1830 sane
408 1788 460 1830 res
487 1787 522 1829 66
548 1764 649 1830 habet
674 1767 709 1829 in
730 1765 879 1831 versibus
906 1769 1099 1852 anapaestis.
1145 1770 1179 1831 in
1202 1767 1341 1833 Octavia
1369 1766 1454 1830 enim
1481 1765 1592 1830 hiatus

183 1880 216 1934 61
242 1869 369 1955 syllaba
395 1891 517 1955 anceps
543 1871 577 1933 in
604 1868 712 1934 media
739 1872 899 1934 sententia
921 1871 1023 1935 multa
1050 1874 1179 1958 saepius
1201 1870 1412 1935 inveniuntur
1434 1891 1532 1955 quam
1556 1874 1592 1935 in

183 1974 317 2058 singulis
338 1974 469 2059 reliquis
492 1973 620 2039 fabulis.
659 1996 735 2037 nam
758 1975 791 2037 11
815 1982 940 2059 septem
962 1973 1124 2059 prioribus
1147 1973 1276 2057 fabulis,
1301 1977 1327 2039 si
1351 1984 1440 2039 certa
1463 1983 1592 2041 tantum

183 2077 334 2164 exempla
356 2080 580 2163 respiciuntur.
608 2076 689 2142 haec
717 2079 848 2143 licentia
871 2080 977 2142 sexies
1006 2078 1114 2143 decies
1142 2079 1271 2143 circiter
1298 2078 1441 2144 admissa
1468 2089 1527 2158 est,
1556 2082 1591 2143 in

183 2183 428 2267 Agamemnone
453 2182 617 2259 undecies,
644 2184 678 2246 in
701 2182 843 2247 Hercule
867 2182 989 2248 Oetaeo
1014 2183 1132 2265 dacica,
1157 2185 1189 2247 in
1213 2182 1353 2248 Octavia
1380 2191 1488 2249 autem
1512 2184 1590 2248 duo·

185 2286 370 2373 devicies.⁷)
416 2286 474 2350 sed
507 2296 583 2351 ante
617 2290 725 2352 omnia
759 2288 1031 2352 considerandum
1066 2298 1114 2351 est
1152 2296 1402 2373 anapaestorum
1435 2310 1592 2353 versuum

182 2414 352 2457 numerum
378 2393 412 2455 in
439 2389 577 2456 Octavia
607 2393 707 2457 multo
741 2394 896 2456 maiorem
928 2415 998 2457 6666
1030 2414 1127 2477 quam
1155 2394 1189 2456 in
1221 2394 1336 2457 ceteris
1367 2391 1498 2457 fabulis.
1536 2415 1592 2455 16-

183 2498 261 2559 mini
283 2498 382 2580 igitur
404 2500 522 2561 mirum
544 2496 718 2577 videbitur,
745 2497 832 2582 quod
855 2496 987 2561 licentia
1010 2496 1073 2579 illa,
1099 2519 1182 2583 quae
1205 2499 1238 2561 in
1261 2495 1507 2581 Agamemnone
1530 2520 1591 2561 un-

183 2601 291 2665 decies
319 2602 471 2683 66611111,
498 2601 542 2670 ab
570 2599 729 2665 Octaviae
757 2603 914 2685 scriptore
943 2600 1152 2666 duodevicies
1180 2602 1322 2666 admissa
1350 2610 1407 2682 est,
1440 2602 1466 2665 si
1496 2623 1592 2686 repu-

183 2706 301 2768 taverit
328 2706 361 2767 in
390 2704 452 2770 hac
483 2713 733 2791 anapaestorum
761 2727 932 2770 nnmerum
959 2706 1027 2770 fere
1056 2705 1220 2791 duplicem
1248 2728 1327 2771 esse.
1374 2714 1521 2774 ceterum.
1548 2728 1592 2769 ne

183 2810 217 2873 id
249 2809 381 2893 quidem
415 2832 473 2895 pro
509 2818 596 2873 certo
630 2809 797 2874 adfirmari
830 2818 937 2895 potest
972 2810 1130 2875 Octaviae
1165 2813 1356 2895 scriptorem
1389 2808 1593 2876 Graecorum

182 2914 302 2996 legem,
332 2936 396 2998 qua
423 2916 591 2999 anapaesti
618 2915 780 2999 synaphia
808 2936 891 2999 quae
920 2913 1038 2979 dicitur
1068 2917 1231 2979 coniuncti
1261 2937 1324 2979 uno
1356 2916 1447 3000 quasi
1477 2924 1592 2979 tenore

142 3079 144 3082 .
184 3017 370 3102 decurrant,
398 3021 591 3103 respexisse,
619 3019 809 3102 praesertim
837 3041 912 3084 cum
938 3020 1046 3103 ipsum
1069 3019 1228 3084 Senecam
1255 3040 1318 3083 non
1343 3040 1490 3083 severam
1513 3042 1590 3083 ana-

182 3129 368 3206 paestorum
396 3122 668 3187 conectendorum
695 3145 840 3186 normam
868 3122 930 3187 sibi
957 3124 1123 3209 scripsisse
1156 3132 1248 3188 const
1268 3123 1320 3210 t.⁸)
1369 3145 1475 3209 neque
1502 3124 1590 3205 inde,

184 3226 270 3310 quod
304 3232 336 3289 in
368 3224 507 3291 Octavia
537 3228 654 3311 viginti
687 3227 751 3291 duo
785 3228 977 3291 monometri
1011 3228 1233 3312 inveniuntur,
1274 3248 1411 3313 quorum
1445 3236 1517 3292 octo
1556 3229 1590 3290 in

288 3385 308 3450 1)
327 3384 367 3435 cf.
387 3386 445 3434 eius
462 3384 523 3434 diss.
543 3401 575 3449 p.=
588 3386 617 3447 53
640 3386 734 3435 statuit
751 3384 803 3435 hoc
821 3401 931 3450 quoque
948 3391 1056 3452 propter
1075 3401 1200 3452 magnam
1219 3387 1397 3451 frequentiam
1416 3385 1587 3435 licentiarum

182 3473 211 3520 in
230 3486 355 3521 versuum
374 3476 509 3522 structura
527 3473 685 3523 extantium.

288 3557 309 3620 ²)
328 3559 414 3608 lambi
432 3574 584 3608 mensuram
602 3574 654 3608 vox
672 3557 745 3608 awdo
762 3558 834 3624 apud
851 3559 1008 3609 Lucretium
1027 3559 1120 3626 habet3
1139 3560 1171 3609 61.
1190 3558 1358 3609 Lachmanni
1375 3559 1435 3609 adu.
1454 3558 1488 3609 ad
1506 3559 1586 3609 Lucr.

183 3646 210 3695 Π
228 3663 252 3695 v.
273 3646 349 3694 1135.

288 3732 367 3796 ³)·cf.
386 3733 417 3781 B.
436 3731 576 3781 Schmidtii
601 3731 662 3782 diss.
685 3747 710 3796 p.
730 3734 772 3781 30.
803 3732 870 3781 nihil
897 3735 979 3799 igitur
1006 3733 1040 3783 ad
1062 3749 1118 3783 rem
1141 3734 1213 3793 facit,
1237 3733 1308 3798 quod
1330 3738 1425 3798 poetae
1450 3733 1588 3785 ‚christiani
1618 3770 1623 3778 .
1693 3712 1694 3783 l

184 3834 262 3869 voces
281 3821 309 3868 in
328 3837 352 3879 a,
371 3821 422 3884 o,i
449 3822 577 3867 exeuntes
604 3818 731 3884 ambigua
755 3818 935 3868 adhibuerunt
962 3822 1121 3885 quantitate,
1149 3819 1183 3868 61.
1205 3819 1236 3868 L.
1256 3819 1382 3868 Muelleri
1406 3818 1439 3869 de
1461 3834 1490 3868 re
1508 3824 1585 3869 metr.

183 3923 208 3970 p.
227 3908 287 3954 335.

286 3991 309 4056 ⁴)
328 3991 368 4041 01.
388 3997 494 4057 praeter
512 3992 653 4041 Schmidtii
671 3992 733 4042 diss.
752 3992 859 4042 tabulas
877 4008 894 4042 a
911 3992 1038 4043 Richtero
1057 4009 1081 4057 p.
1104 3995 1135 4041 16
1146 4009 1184 4057 sq.
1202 3994 1360 4058 propositas.

287 4079 309 4143 5)
327 4079 369 4128 De
387 4079 438 4128 hoc
455 4093 536 4128 versu
554 4084 648 4144 postea
665 4079 872 4144 disputabimus3
900 4080 978 4129 multi
997 4081 1068 4129 enirn
1087 4079 1209 4129 homines
1227 4078 1299 4129 docti
1317 4062 1477 4143 scripturam
1495 4081 1524 4128 in
1543 4096 1585 4129 co-

182 4165 286 4215 dicibus
306 4165 429 4215 traditam
447 4168 593 4231 genuinam
612 4180 670 4215 esse
688 4171 830 4231 negarunt.

286 4251 309 4317 ⁶)
329 4252 368 4302 Of.
387 4252 508 4302 Richteri
526 4252 587 4303 diss.
607 4269 632 4318 p.
651 4255 716 4318 3sq.
1430 4298 1434 4309 .

289 4339 308 4403 ⁷)
327 4338 368 4388 cf.
390 4340 421 4388 F.
440 4339 560 4389 Leonem
578 4340 632 4389 vol.
652 4340 665 4388 I
687 4357 712 4405 p.
731 4341 765 4389 98
789 4345 815 4389 61
838 4339 980 4389 Schmidtii
1003 4340 1063 4389 diss.
1087 4356 1112 4404 p.
1132 4341 1163 4388 61
1175 4356 1222 4404 sq„
1250 4340 1297 4389 ubi
1316 4342 1407 4390 omnia
1429 4342 1493 4402 1616,
1517 4356 1585 4406 quae

182 4426 235 4475 huc
257 4430 393 4490 spectant,
420 4426 535 4476 collecta
556 4432 627 4476 sunt.
658 4426 787 4476 Octaviae
814 4426 887 4476 locos
914 4431 1021 4492 praeter
1049 4425 1226 4476 Schmidtium
1253 4426 1365 4476 Richter
1389 4445 1413 4493 p.
1438 4432 1453 4476 5
1477 4442 1585 4477 enume-

183 4515 260 4564 ravit.

286 4598 308 4657 8)
328 4599 367 4651 cf.
388 4601 508 4652 Leonem
527 4601 579 4652 vol.
598 4602 611 4650 Ι
629 4619 655 4666 p.
674 4569 724 4651 98..
