3392 5067
1464 248 1524 312 371

131 440 219 527 quod
252 461 333 506 voce
366 440 560 526 κεκρύφαλος
589 461 705 505 versus
738 439 938 503 terminatur.
987 438 1109 524 ubique
1148 439 1234 502 enim
1268 440 1363 504 tertia
1396 439 1528 524 dipodia

131 567 229 632 quam
257 545 394 609 dicimus
421 543 483 608 hae
506 567 588 610 voce
615 544 795 610 conficitur.
842 552 954 608 eontra
979 543 1013 606 in
1039 563 1158 626 genere
1189 542 1351 628 dactylico
1378 543 1527 608 omnibus

131 650 210 715 loeis
236 648 321 714 hanc
348 649 528 735 reperimus
550 670 750 714 mensuram:
787 648 1000 736 κεκρῦφᾶλων,
1032 645 1073 711 cf.
1097 646 1228 712 Anthol.
1252 647 1321 714 Pel.
1345 647 1386 730 V,
1417 647 1527 732 27611,

131 754 191 838 VI,
214 753 309 837 2071,
333 753 427 836 2801,
450 754 547 818 Ηοιιι.
564 753 598 816 X
607 753 682 819 469.
710 752 809 817 schol.
834 752 865 817 A
888 751 986 836 igitur
1008 751 1050 816 ad
1073 751 1160 816 hunc
1182 751 1290 817 locum
1312 753 1527 840 adscriptum:

132 863 221 946 παρὰ
250 864 319 937 τοῖς
347 856 511 943 νεωτέροις
541 856 714 924 ἐκτείνεται
741 859 779 922 τὸ
805 879 824 925 υ
850 867 907 921 τοῦ
932 857 1130 945 κεκρυφάλου
1158 855 1219 922 hoc
1246 857 1341 923 modo
1369 859 1528 944 aecipien-

132 963 209 1028 dum
239 972 337 1047 atque
366 962 619 1047 intellegendum
651 971 712 1025 est:
743 962 832 1024 vocis
858 961 1055 1048 κεκρύφαλος
1081 981 1233 1026 mensura
1260 970 1322 1026 est:
1350 963 1383 1026 in
1409 984 1527 1047 genere

131 1067 229 1131 iamb.
253 1073 301 1154 (et
321 1065 439 1151 troeh.)
467 1068 550 1135 le-
572 1067 576 1133 l
597 1106 670 1144 02,
693 1067 726 1130 in
749 1085 868 1150 genere
893 1064 1014 1150 dactyl.
1046 1065 1163 1134 lm!
1184 1118 1222 1134 -.
1245 1105 1288 1114 —-
1309 1057 1449 1152 λατρός.
1495 1069 1526 1131 in

132 1171 246 1235 lexicis
269 1170 457 1235 adnotatum
479 1172 640 1235 invenies:
665 1174 701 1252 ζι,
726 1169 828 1233 selten
852 1169 954 1233 kurz'.
986 1178 1020 1233 at
1042 1169 1124 1234 haec
1144 1193 1196 1234 res
1216 1173 1311 1234 certis
1332 1171 1529 1256 quibusdam

132 1274 251 1340 finibus
279 1274 502 1339 circumscribi
530 1283 645 1360 potest.
690 1282 787 1359 atque
815 1295 898 1358 quae
926 1281 1036 1337 nostra
1063 1275 1230 1360 provincia
1257 1284 1315 1358 est,
1348 1277 1382 1338 in
1409 1296 1528 1360 genere

132 1379 271 1445 iambico
299 1405 321 1461 ι,
351 1379 446 1462 longe
474 1377 621 1464 plurimis
648 1378 726 1443 locis
754 1380 788 1443 in
817 1376 902 1442 thesi
931 1378 1081 1462 positum,
1112 1377 1233 1464 ubique
1262 1377 1363 1444 breve
1394 1390 1455 1445 est:
1487 1379 1527 1446 ef.

133 1483 266 1569 Antiph.
290 1483 365 1564 401,
389 1482 523 1548 Timocl.
543 1484 615 1567 131,
639 1481 775 1547 Philem.
798 1481 870 1564 111,
895 1480 969 1565 751,
995 1480 1087 1564 1081,
1114 1482 1207 1567 1341,
1231 1481 1365 1548 Philem.
1389 1486 1453 1550 iun.
1476 1485 1528 1567 21,

133 1587 185 1670 31,
209 1586 363 1651 Menend.
381 1584 475 1670 2821,
498 1586 591 1670 5591,
615 1585 710 1672 5911,
733 1585 828 1668 6771,
855 1585 948 1650 1112.
984 1585 1025 1649 de
1048 1585 1165 1670 quibus
1188 1585 1267 1652 loeis
1290 1589 1379 1653 nulla
1401 1592 1529 1654 omnino

132 1699 182 1754 est
197 1689 365 1755 dubitatio.
402 1699 515 1756 contra
528 1693 562 1756 in
578 1693 642 1755 arsi
657 1691 799 1778 positum
818 1710 948 1775 semper
967 1688 1158 1775 producitur
1179 1717 1200 1776 ι,
1221 1690 1321 1755 veluti
1342 1692 1441 1778 Diph.
1459 1693 1528 1778 881,

135 1791 207 1877 117,
231 1794 405 1880 Philippid.
425 1796 477 1877 32,
501 1795 635 1881 Antiph.
654 1794 750 1878 2081,
773 1793 870 1877 2591,
895 1795 983 1858 Men.
998 1794 1092 1877 4971.
1117 1834 1158 1843 -
1180 1795 1331 1884 ildtovst)
1356 1796 1451 1861 Alex.
1469 1796 1527 1878 251

132 1898 277 1984 τύρβαζε,
307 1903 415 1988 Μάνη,
446 1905 582 1989 γαστρὸς
611 1902 703 1968 οὐδὲν
732 1901 832 1988 ἥδῖον,
864 1899 907 1963 cf.
938 1900 1051 1984 Eurip.
1083 1897 1195 1986 Suppl.
1227 1901 1307 1966 1101
1338 1953 1344 1966 .
1372 1952 1378 1965 .
1404 1953 1410 1965 .
1439 1904 1530 1968 οὐδὲν

132 2004 232 2092 Adios,
256 2002 518 2089 A1·isteph.Equ.
534 2005 618 2069 1263
632 2006 761 2071 κάλλῖον
777 2004 824 2090 (in
840 2003 989 2090 melicis),
1005 2002 1160 2090 Aeschyl.
1178 2003 1215 2069 fr.
1234 2005 1317 2089 3021
1336 2011 1375 2072 N.
1392 2003 1529 2089 βέλτῖον,

133 2107 189 2171 ubi
216 2108 378 2172 Burneius
404 2108 525 2173 frustra
550 2108 700 2197 βέλτερον
728 2109 874 2173 coniecit.
903 2146 946 2155 —
972 2106 1131 2198 Κῦρήνη.
1161 2108 1255 2174 Alex.
1285 2109 1346 2192 361
1376 2110 1423 2199 (in
1451 2113 1530 2198 arsi)

132 2210 288 2278 ἐπέθετο·
312 2217 492 2301 Κυρηναῖος
513 2211 549 2302 ἦν
571 2215 714 2279 ἐνταῦθά
735 2237 794 2296 τις,
818 2212 860 2278 cf.
877 2211 1041 2298 Aristoph.
1059 2212 1188 2279 Thesm.
1206 2213 1246 2277 98
1271 2214 1318 2301 (in
1342 2216 1419 2304 arsi)
1443 2211 1532 2303 ἄνδρ’

133 2313 234 2382 οὐδέν’
249 2313 363 2383 ἐνθάδ’
378 2317 464 2400 ὄντα,
489 2321 633 2408 Κυρήνην
656 2313 685 2384 d'
700 2317 774 2404 ὁρῶ.
813 2327 926 2381 contra
948 2317 1044 2382 Alex.
1062 2315 1141 2400 2391
1170 2317 1218 2406 (in
1233 2318 1332 2402 thesi)
1356 2321 1531 2410 ἄνθρωπος

133 2411 216 2486 εἶναι’
246 2444 303 2506 μοι
329 2425 510 2510 Κῧρηνοιῖος
540 2423 653 2501 δοκεῖς.
697 2442 760 2507 quo
792 2420 863 2486 loco
891 2421 1039 2485 Kockius
1066 2421 1279 2487 Herwerdeni
1312 2427 1531 2492 coniecturam

133 2524 263 2608 probatt
286 2525 452 2610 ἄνθρωπε,
475 2530 653 2613 Κυρηναῖος
675 2517 757 2592 εἶναι’
783 2550 850 2617 μοι
868 2526 982 2605 δοκεῖς.
1018 2536 1053 2590 at
1076 2527 1102 2590 si
1125 2549 1253 2592 mecum
1273 2527 1441 2617 Hermipp.
1467 2531 1528 2614 631

15 2626 16 2629 ’
134 2630 388 2711 comparaveris:
422 2629 458 2692 ἐκ
486 2631 543 2714 μὲν
569 2632 715 2719 Κῦρήνης
737 2681 744 2695 .
769 2679 776 2694 .
801 2679 809 2693 .
833 2628 931 2694 facile
958 2630 1125 2714 intelleges
1156 2630 1302 2697 vocalem
1332 2659 1350 2698 υ
1380 2637 1413 2699 in
1446 2635 1530 2700 thesi

133 2731 271 2815 positam
297 2729 434 2795 brevem
460 2735 620 2818 usurpari,
648 2754 714 2818 qua
740 2755 892 2798 mensura
919 2734 1017 2798 etiam
1044 2734 1206 2799 Hesiodus
1233 2745 1267 2800 et
1293 2736 1453 2803 Pindarus
1481 2741 1531 2804 usi

134 2842 218 2898 sunt.
264 2856 365 2920 quare
398 2856 463 2900 non
497 2845 546 2899 est
579 2836 666 2922 quod
700 2839 732 2901 in
765 2836 916 2902 Alexidis
950 2860 1047 2903 versu
1081 2841 1257 2925 quiequam
1289 2863 1456 2907 novemus.
1489 2882 1531 2891 -

133 2927 285 3024 πέομαι.
309 2939 428 3023 πίομαι
444 2939 532 3025 apud
547 2940 737 3024 Homerum,
760 2940 959 3027 Pindarum,'
973 2952 1085 3028 poetas
1101 2945 1251 3028 tragicos,
1268 2945 1529 3033 Aristophanem,

134 3041 303 3107 Cratinum
327 3041 389 3106 135
419 3042 547 3128 legitur,
577 3045 655 3109 item
680 3043 777 3110 Alex.
807 3045 901 3129 1111,
932 3044 1031 3129 2911;
1060 3055 1172 3112 contra
1199 3047 1318 3133 τιλομοιι
1341 3060 1431 3117 extat
1456 3054 1531 3138 Epi·

134 3167 207 3230 gen.
231 3146 282 3229 41,
309 3147 420 3232 Epier.
445 3146 511 3230 311,
535 3147 576 3211 cf.
599 3147 723 3213 Platon.
748 3148 787 3214 fr.
812 3149 842 3232 9,
869 3150 940 3233 163,
964 3150 1088 3237 Amips.
1112 3150 1186 3234 221.
1229 3176 1268 3217 ac
1291 3154 1455 3242 duplicem
1478 3180 1531 3222 vo-

134 3250 213 3314 calis
229 3276 241 3316 ι
260 3272 445 3316 mensuram
461 3250 561 3316 fuisse
577 3251 696 3317 Athen.
713 3253 757 3336 X,
773 3277 804 3339 p.
821 3254 886 3317 446
902 3276 920 3318 e
937 3253 1046 3337 docet,·
1069 3255 1152 3320 conf.
1170 3255 1347 3325 Herodian.
1364 3261 1408 3344 ΙΙ,
1423 3261 1530 3348 57011.

134 3354 184 3418 his
205 3376 287 3439 quae
308 3355 403 3419 modo
424 3356 661 3442 disputavimus
680 3358 841 3423 adiciatur
861 3380 964 3444 parva
984 3358 1024 3424 de
1045 3381 1125 3425 voce
1147 3360 1379 3446 ἐγχειρίδιον
1401 3364 1531 3434 adnota-

134 3457 287 3540 tiuncula,
315 3460 349 3523 in
376 3481 440 3544 que
463 3482 544 3525 voce
572 3486 583 3526 ι
611 3471 685 3526 ante
708 3463 728 3528 d
751 3485 880 3548 semper
906 3464 1015 3529 brevis
1045 3474 1103 3548 est,
1127 3466 1227 3531 veluti
1250 3467 1337 3535 Men.
1362 3469 1433 3555 201,
1457 3471 1530 3554 741,

135 3561 176 3625 cf.
204 3562 374 3648 Hermipp.
403 3562 477 3646 461.
524 3574 636 3629 contra
662 3589 757 3630 usum
788 3569 887 3650 igitur
919 3578 969 3633 set
999 3570 1128 3635 firmum
1156 3580 1188 3636 et
1216 3580 1339 3638 certum
1366 3576 1529 3641 Porsonus

134 3664 275 3729 Advers.
305 3688 337 3750 p.
369 3665 433 3730 292
463 3671 623 3754 peccavit,
655 3691 728 3734 cum
751 3670 924 3736 Menandri
954 3673 1172 3756 fragmentum
1203 3697 1300 3760 supra
1330 3677 1531 3766 adscriptum

133 3767 196 3831 hoe
218 3768 314 3833 medo
342 3772 512 3835 restituere
538 3772 655 3837 voluit:
678 3772 733 3839 καὶ
762 3777 958 3862 χρυσολαβὲς
983 3780 1068 3842 πάνυ
1097 3779 1194 3844 καλὸν
1219 3780 1416 3866 ἐγχειρίδιον,
1444 3785 1530 3850 unde

134 3893 224 3936 error
253 3875 287 3937 in
316 3874 471 3939 Pessowii
500 3875 630 3940 lexicon
659 3878 826 3962 irrepsisse
857 3878 1001 3962 videtur,
1031 3880 1088 3945 ubi
1117 3880 1268 3966 legimus:
1307 3887 1341 3951 ul
1370 3886 1456 3952 Men.
1487 3927 1530 3938 -

134 3977 244 4042 ἅπαν.
280 3976 367 4043 Men.
404 3979 487 4061 1291
511 3981 600 4045 daur
632 3980 801 4048 ἐπιτεθέν·
839 3977 872 4049 οἱ
906 3985 941 4050 δέ
974 3989 1031 4072 τὴν
1063 3987 1163 4073 ὀσφὺν
1196 3987 1304 4074 ἄκραν,
1342 3990 1382 4056 ef.
1420 3993 1528 4058 Bekk.

134 4079 262 4145 Anecd.
285 4081 395 4165 41611,
417 4106 460 4165 1³²
487 4085 589 4148 ἅπαν·
613 4077 646 4150 οἱ
668 4086 726 4169 μὲν
746 4078 858 4166 Ἴωνες
880 4085 1087 4154 συστέλλουσι
1108 4087 1163 4155 καὶ
1184 4084 1216 4156 οἱ
1238 4089 1372 4179 ποιηταί
1475 4096 1530 4163 καὶ

134 4177 167 4248 oi
189 4179 333 4251 Ἀττικοὶ
354 4184 528 4252 έκτείνουσι
549 4192 607 4277 τὴν
627 4187 998 4277 desinon—postremo
1020 4191 1194 4257 formarum
1217 4197 1419 4280 quarundam
1442 4221 1529 4264 men-

135 4288 254 4353 tionem
277 4287 405 4370 faciam,
434 4313 514 4376 quas
537 4313 734 4379 quamquam
758 4315 869 4359 earum
891 4297 974 4361 ratio
996 4297 1093 4382 plane
1116 4297 1246 4363 diversa
1269 4309 1318 4364 est
1339 4301 1381 4367 ab
1404 4304 1460 4386 eis,
1489 4305 1529 4369 de

136 4390 253 4476 quibus
283 4392 379 4457 mode
409 4393 561 4480 diximus,
591 4406 701 4460 tamen
730 4407 903 4483 propterea
932 4397 994 4462 hoe
1024 4398 1095 4463 loco
1127 4405 1424 4469 commemorandas
1458 4430 1529 4472 esse

240 4637 259 4699 ¹)
278 4634 317 4686 cf.
337 4637 419 4687 Mein.
438 4638 508 4688 Hist.
528 4641 585 4688 crit.
603 4654 629 4705 p.
648 4642 707 4698 397,
726 4642 861 4691 Kuehner.
879 4641 908 4691 1³
927 4646 941 4705 β
962 4646 1010 4692 122
1029 4644 1090 4693 adu.
1111 4645 1151 4694 10.

1324 4733 1382 4784 τι*
1406 4726 1409 4730 ’
