3392 5067
89 144 92 152 1
181 199 241 263 118

174 385 205 456 δ’
214 394 271 457 οὐκ
285 392 324 457 δν
338 392 399 476 ἐγὼ
415 392 605 478 μυθήσομαι
621 388 688 457 οὐδ
697 393 841 480 ὀνομήνω
855 390 909 455 vel
925 391 1034 475 hymn.
1048 389 1119 455 Cer.
1135 390 1196 453 149
1212 400 1312 456 ταῦτα
1328 387 1364 456 δέ
1379 415 1431 456 τοι
1446 389 1574 477 σαφέως

57 571 59 576 ,
173 496 384 586 ὑποθήσομαι
406 492 458 584 ηδ)
473 498 624 586 ὀνομήνω.
664 509 739 561 nam
762 496 850 582 quod
873 495 1017 579 Theogn.
1037 495 1120 559 1133
1137 516 1183 579 sq.
1206 504 1306 561 κακοῦ
1326 500 1574 579 καταπαύσομεν

175 603 281 691 ἀρχήν,
303 601 307 687 Ι
327 600 470 689 ζητῶμεν
490 598 519 667 δ
535 600 619 667 έλκει
637 606 790 688 φάρμακα
809 598 956 690 φυομένην
977 600 1104 684 legitur,
1127 609 1159 664 et
1179 600 1232 664 hic
1252 610 1284 663 et
1299 599 1363 664 505
1376 622 1423 685 sq.
1440 594 1509 667 ἀλλ)
1525 596 1573 682 ἄγ’

174 709 312 784 ἀναστὰς
331 705 335 791 Ι
354 711 514 794 πειρηθῶ,
530 708 573 795 μή
589 700 661 785 πως
673 704 729 772 καί
743 706 850 784 πόδας
864 699 949 784 σίνος
964 701 1029 786 ἔχει
1044 707 1076 769 in
1094 706 1299 769 coniunctivo
1315 704 1509 769 adhortandi
1526 706 1574 767 vis

174 811 267 875 inest.
307 820 451 874 ceterum
474 811 628 875 hocloco
653 812 792 895 primam
818 832 989 895 personam
1013 812 1139 874 numeri
1162 809 1343 892 singularis,
1371 830 1453 893 quae
1477 810 1572 871 etiam

174 914 263 1000 apud
286 916 459 1001 scriptores
482 916 597 980 atticos
620 912 784 979 invenitur
807 914 862 998 (cf.
880 915 1030 999 Krueger
1054 913 1110 977 Gr.
1127 936 1175 997 gr.
1199 914 1251 997 54,
1276 914 1305 997 2,
1328 915 1361 999 1)
1385 923 1574 998 usurpatam

176 1018 326 1082 videmus
342 1019 478 1084 adiectis
497 1019 665 1105 particulis
681 1014 750 1085 ἀλλ’
762 1021 828 1103 δίγε,
853 1039 936 1104 quae
957 1021 1034 1083 item
1057 1018 1180 1084 Archil.
1196 1019 1228 1102 4,
1246 1021 1274 1100 1,
1298 1027 1333 1083 ut
1349 1017 1494 1102 Theogn.
1512 1017 1574 1081 829

122 1202 125 1210 .
175 1118 244 1187 ’ἀλλ’
268 1123 323 1206 δίγε
351 1123 389 1212 δή
423 1132 456 1186 et
486 1122 595 1187 multis
625 1123 704 1188 locis
731 1124 822 1204 ἀλλά,
853 1124 1045 1208 imperativo
1076 1125 1335 1209 praemittuntur.
1376 1145 1434 1208 pro
1458 1123 1574 1207 quibus

176 1247 280 1310 neque
303 1226 466 1291 Homerus
489 1248 594 1313 neque
618 1237 733 1313 poetae
757 1227 893 1312 elegiaci
916 1250 1072 1313 umquam
1094 1226 1170 1317 φέρε
1194 1228 1263 1315 (δή)
1289 1236 1454 1313 usurpant.

278 1331 349 1395 Iam
373 1316 582 1418 optativus,
606 1333 803 1418 ubicumque
825 1333 944 1417 legitur
966 1332 1126 1418 particula
1148 1331 1201 1398 κέν
1217 1332 1284 1417 (dv)
1306 1354 1370 1396 non
1387 1331 1574 1413 accedente,

176 1443 232 1499 aut
255 1436 323 1499 eius
351 1445 408 1518 est,
440 1439 495 1521 qui
526 1438 604 1522 quid
627 1446 727 1523 optat,
757 1446 814 1501 aut
837 1438 915 1520 eius,
947 1439 1001 1522 qui
1032 1458 1065 1501 se
1097 1437 1245 1501 devovet.
1291 1435 1368 1500 illue
1391 1446 1508 1515 autem,
1538 1446 1575 1500 ut

176 1540 256 1604 tales
280 1539 367 1605 locos
391 1544 545 1625 omittam,
575 1542 677 1627 qualis
701 1552 750 1605 est
772 1542 917 1627 Theogn.
935 1542 998 1605 919
1021 1546 1062 1631 μή
1079 1566 1135 1629 μοι
1158 1546 1234 1629 ἀνὴρ
1256 1542 1304 1631 ε’ίη
1320 1543 1446 1632 γλῶσση
1472 1539 1576 1630 φίλος,

176 1645 256 1711 ἀλλὰ
278 1644 334 1711 καί
355 1642 445 1733 έργῳ,
469 1657 619 1732 spectant
633 1648 778 1731 Theogn.
797 1647 858 1711 131
870 1670 916 1733 sq.
940 1655 1004 1713 Ζεῦ
1017 1650 1129 1734 πάτερ,
1151 1646 1222 1713 εἴθε
1242 1645 1364 1730 γένοιτο
1385 1652 1477 1725 θεοῖς
1497 1643 1576 1733 ςοίλα

176 1755 245 1829 τοῖς
263 1748 321 1834 μέν
343 1751 484 1837 ἀλιτροῖς
503 1751 508 1836 Ι
526 1754 617 1838 ὕβριν
639 1735 737 1833 ἁδείν,
759 1750 813 1817 καί
836 1775 914 1840 σφιν
936 1764 1032 1818 τοῦτο
1054 1755 1177 1835 γένοιτο
1197 1749 1300 1839 φίλον,
1321 1750 1432 1816 Mimn.
1451 1751 1480 1831 6,
1496 1750 1512 1813 1
1527 1770 1575 1833 sq.

176 1852 216 1919 αἲ
240 1858 298 1938 γὰρ
320 1856 395 1938 δίτερ
425 1860 545 1921 νούσων
571 1880 606 1921 τε
636 1855 691 1921 καί
717 1851 878 1942 ἀργαλέων
905 1857 1090 1941 μελεδωνῶν
1111 1860 1114 1935 Ι
1134 1854 1341 1943 ἑξηκονταέτη
1371 1861 1469 1941 μοῖρα
1490 1853 1575 1936 κίχοι

176 1963 330 2040 θανάτου,
355 1960 501 2044 Theogn.
525 1960 590 2024 894
617 1963 660 2039 ὡς
683 1962 722 2049 δη
744 1958 956 2047 Κυψελιδέων
978 1966 1057 2040 Ζεὺς
1079 1959 1199 2028 ὀλέσειε
1222 1958 1323 2045 γένος,
1356 1960 1473 2045 quibus
1497 1958 1575 2022 locis

177 2065 320 2146 optativo
343 2065 523 2157 particulae
545 2066 656 2129 variae
679 2066 890 2151 praecedunt,
920 2087 1002 2150 quae
1030 2065 1072 2129 ab
1097 2064 1238 2129 Homero
1266 2085 1394 2149 quoque
1417 2064 1463 2127 sic
1486 2086 1576 2127 usur-

177 2178 306 2253 pantur.
351 2170 415 2234 huc
446 2170 610 2234 referendi
642 2180 717 2235 sunt
747 2172 860 2235 Mimn.
883 2172 912 2252 1,
936 2170 956 2235 2
978 2168 1140 2257 τεθναίην,
1172 2170 1226 2234 δ’τε
1248 2193 1304 2254 μοι
1334 2166 1446 2255 μηκέτι
1475 2174 1575 2233 ταῦτα

177 2272 268 2356 μέλοι
284 2282 316 2337 et
330 2274 475 2359 Theogn.
493 2275 556 2339 343
573 2297 620 2360 sq.
636 2273 791 2364 τεθναίην
807 2270 846 2356 δ’,
862 2276 893 2339 εἰ
907 2278 949 2364 μή
966 2298 998 2339 τι
1013 2284 1118 2341 κακῶν
1133 2276 1291 2358 δίμπαυμα
1306 2272 1481 2360 μεριμνέων
1499 2273 1504 2356 Ι
1524 2274 1576 2337 εὓ-

177 2376 299 2465 ροίμην.
334 2380 432 2463 pauci
453 2380 679 2465 relinquuntur
701 2380 774 2461 loci,
798 2380 926 2464 quibus,
952 2401 1152 2465 quamquam.
1169 2377 1302 2463 optandi
1324 2379 1373 2441 vis
1397 2377 1499 2461 abest,
1522 2398 1575 2463 op·

176 2484 296 2546 tativus
326 2482 445 2567 legitur
475 2506 540 2548 non
571 2484 683 2548 addita
714 2484 831 2548 vocula
861 2486 900 2549 δίν
923 2482 1015 2569 (κέν),
1047 2505 1130 2569 quae
1153 2484 1186 2546 in
1210 2481 1367 2546 eiusmodi
1402 2482 1575 2545 enuntiatis

178 2588 325 2672 exceptis
347 2587 481 2652 Homeri
505 2588 703 2652 carminibus
726 2589 802 2673 poni
826 2587 915 2672 solet,
939 2586 1186 2670 theognii&
1202 2608 1249 2673 sq.
1273 2587 1361 2665 οίίτις
1382 2588 1503 2651 δίποινα
1524 2585 1575 2650 δι-

179 2692 255 2770 δοὺς
275 2695 420 2758 θάνατον
441 2698 537 2780 φύγοι
560 2694 633 2760 οὐδὲ
654 2698 789 2779 βαρεῖαν
808 2691 812 2777 Ι
834 2690 1011 2777 δυστυχίην,
1034 2692 1065 2757 εἰ
1084 2697 1126 2781 μη
1142 2688 1295 2777 μοῖρ’έπί
1317 2689 1417 2775 τέρμα
1438 2689 1575 2775 βάλοιξ)

179 2818 262 2881 quae
282 2796 384 2861 verba
406 2797 487 2863 haec
511 2800 695 2883 excipiunt:
727 2794 795 2864 οὐδ’
810 2799 854 2862 δν
877 2797 1095 2884 δοσφροσύνας
1120 2846 1127 2861 .
1149 2847 1156 2861 ,
1179 2850 1185 2862 .
1209 2798 1378 2883 προφέγοι,
1410 2795 1489 2859 ibid.
1511 2794 1573 2858 921

177 2904 218 2965 τὰ
241 2902 385 2990 χρήματα
407 2899 503 2967 πάντ’
523 2900 685 2989 ἀποδραίη
713 2901 896 2988 (praecedit
917 2897 984 2967 οὔτ’
1007 2904 1045 2966 δν
1062 2952 1068 2965 .
1088 2954 1118 2967 ..
1141 2899 1290 2986 τελέως),
1325 2900 1366 2963 cf.
1398 2900 1476 2964 ibid.
1504 2899 1576 2984 125,

178 3005 235 3069 ubi
259 3007 371 3089 optimi
393 3005 469 3070 libri
490 3006 565 3072 οὐδὲ
587 3011 644 3092 γὰρ
669 3004 814 3093 (εἰδείης)
839 3005 1007 3090 praebent,
1033 3006 1217 3087 deteriores,
1242 3006 1439 3091 quibuscum
1454 3004 1577 3068 Aristo-

180 3110 260 3174 teles
284 3109 373 3196 (Eth.
398 3110 535 3174 Eudem.
558 3110 623 3175 VH
646 3110 679 3195 2)
704 3112 877 3196 conspirat,
901 3114 938 3176 οὐ
961 3113 1018 3193 γὰρ
1041 3110 1089 3175 δν.

499 3319 537 3404 β)
562 3329 606 3380 Ι)ε
627 3328 765 3381 modorum
787 3329 817 3381 ia
839 3329 986 3381 enuntietis
1008 3328 1176 3381 secundariis
1199 3346 1259 3381 και,

173 3503 176 3509 -
285 3456 330 3521 Ut
345 3456 386 3520 ab
403 3457 442 3520 iis
458 3457 642 3541 enuntiatis,
663 3459 697 3521 iu
713 3457 831 3542 quibus
847 3456 1082 3521 adfirmandi
1099 3458 1149 3521 vis
1164 3459 1255 3537 inest,
1279 3458 1404 3521 initium
1422 3460 1578 3543 capiatur,

180 3572 245 3625 tres
268 3562 419 3645 leguntur
442 3563 693 3643 coniunctiones,
719 3584 801 3647 quae
817 3583 928 3625 omnes
944 3584 963 3624 a
978 3564 1167 3645 pronomine
1190 3561 1326 3626 relativo
1347 3564 1503 3645 originem
1519 3560 1578 3624 du-

181 3674 268 3750 cunt,
292 3667 343 3746 ὡς,
368 3670 490 3746 olberto,
513 3664 573 3731 dut.
607 3666 788 3750 exquibus
811 3667 854 3745 ὡς
876 3666 1007 3751 reliquis
1032 3666 1160 3751 saepius
1183 3666 1356 3731 adhibetur
1379 3665 1457 3752 (Sol.
1474 3666 1505 3746 4,
1523 3666 1576 3749 32,

180 3769 326 3853 Theogn.
345 3770 396 3849 66,
421 3768 495 3851 282,
525 3768 597 3851 118,
624 3769 716 3854 1248,
743 3769 849 3852 1322),
874 3776 994 3853 οδνεκα,
1024 3772 1110 3857 quod
1133 3774 1167 3835 in
1189 3771 1291 3834 Iliade
1315 3782 1440 3834 tantum
1463 3774 1502 3835 A
1525 3770 1578 3854 21,

181 3876 293 3959 paucis
320 3873 400 3938 locis
431 3872 604 3959 Odyssiae,
636 3873 747 3957 hymn.
768 3874 875 3960 Apoll.
897 3876 992 3961 Pyth.
1011 3875 1072 3939 198
1104 3876 1240 3940 eandem
1271 3877 1434 3940 notionem
1467 3875 1578 3959 habet,

181 3979 325 4062 Theogn.
343 3978 403 4041 611
422 3988 454 4041 et
469 3978 543 4060 854,
567 3979 618 4043 δ’τι
634 3978 809 4065 (nusquam
824 3978 867 4068 dh,
893 4004 975 4068 quae
998 3981 1158 4066 particula
1180 3982 1214 4043 in
1238 3980 1356 4063 elegeis
1377 3980 1505 4044 omnino
1530 3991 1581 4044 est

181 4085 354 4164 rarissima,
377 4092 502 4146 tantum
525 4081 670 4167 Theogn.
689 4085 781 4149 1305.
806 4086 909 4150 verba
931 4088 1002 4172 ipsa
1025 4095 1142 4167 autem,
1166 4108 1185 4148 a
1209 4085 1325 4169 quibus
1348 4087 1516 4149 enuntiata
1539 4107 1580 4149 ea

180 4188 335 4273 pendent,
361 4195 435 4251 sunt
456 4193 640 4271 γιγνώσκειν
662 4189 820 4273 (Theogn.
839 4189 900 4252 111
924 4192 1049 4276 γνώμην
1071 4188 1306 4274 καταθέσθαι),
1335 4187 1463 4271 εἰδέναι,
1490 4191 1581 4278 ἡγεῖ-

287 4396 308 4462 1Ι
327 4397 466 4447 Hermann
483 4414 530 4463 pro
550 4394 623 4454 οίίτις
647 4399 764 4448 coniecit
782 4398 831 4448 οὐκ
850 4399 892 4461 δν,
916 4399 1080 4449 Herwerden
1103 4415 1150 4464 pro
1170 4399 1258 4448 verbis
1280 4398 1381 4449 ἄποινα
1401 4396 1496 4453 διδοὺς
1514 4400 1579 4447 scri-

181 4486 245 4535 bere
266 4484 354 4534 voluit
377 4481 468 4535 dnow'
482 4486 516 4535 dv
539 4483 619 4550 δούς,
650 4484 697 4535 sed
720 4490 793 4535 recte
816 4486 962 4551 Bergkium
985 4488 1132 4550 scripturae
1155 4486 1268 4536 traditae
1290 4492 1432 4552 patronum
1457 4486 1581 4545 extitisse

182 4578 255 4636 puto,
274 4574 428 4635 praesertim
448 4589 508 4621 eum
527 4573 609 4637 paulo
628 4572 697 4622 infra
715 4574 750 4623 ἄν
768 4578 904 4638 sequatur.
1230 4582 1231 4585 ’
