3392 5067
179 243 220 305 76

178 438 222 500 ita
250 434 342 520 quasi
369 431 545 511 imbibisse,
577 442 612 497 ut
639 432 728 497 nulla
754 435 784 496 in
809 456 844 497 re
872 434 1057 518 posterioris
1084 434 1198 498 aetatis
1225 433 1388 498 hominem
1411 455 1446 497 se
1468 435 1574 521 prodi-

179 540 287 605 derit?
320 561 396 603 nam
423 559 516 603 nemo
539 537 662 621 adhuc,
691 537 777 624 quod
800 538 843 603 ad
867 536 1025 603 Octaviae
1048 537 1177 602 dicendi
1200 560 1302 622 genus
1325 538 1459 620 adtinet,
1487 540 1575 625 quio·

179 666 276 729 quam
298 644 443 730 proferre
464 646 577 730 potuit,
602 665 664 729 quo
688 665 760 707 eam
783 666 802 707 a
825 646 929 726 primo
952 666 982 730 p.
1000 642 1212 708 Oh.-saeoulo
1234 643 1374 709 alienam
1396 666 1468 709 esse
1491 666 1575 709 com-

178 749 341 835 probaret.
380 770 463 834 quae
493 769 545 811 res
569 748 702 813 maximi
724 750 879 812 momenti
906 756 962 811 est.
1001 748 1129 812 accedit
1156 748 1242 833 quod
1265 770 1304 811 ea
1326 748 1439 813 fabula
1461 747 1575 813 eadem

179 864 257 938 arte,
281 875 365 939 quae
392 852 589 917 rhetoricum
616 873 752 937 praese
779 852 843 919 fert-
867 852 1016 935 colorem,
1045 854 1222 939 composita
1250 861 1298 916 est
1324 862 1423 937 atque
1448 862 1576 917 ceterae

178 957 373 1041 tragoediae.
413 955 472 1020 sed
495 965 670 1043 antequam
693 955 734 1020 de
757 966 824 1021 arte
847 958 882 1021 in
905 955 1044 1021 Octavia
1067 958 1242 1041 conspicua
1265 978 1435 1042 exponam,
1461 958 1575 1041 paucis
1694 1026 1696 1028 ,

179 1061 267 1126 aliud
290 1060 434 1126 Senecae
461 1060 648 1125 imitationis
675 1082 778 1145 genus
800 1060 1035 1125 absolvendum
1057 1071 1116 1125 est.
1154 1063 1181 1125 is
1203 1064 1298 1144 enim,
1322 1064 1377 1148 qui
1404 1061 1489 1126 hanc
1512 1071 1576 1125 tra·
1694 1057 1696 1072 '

178 1165 326 1251 goediam
354 1164 511 1249 condidit,
546 1173 676 1251 praeter
702 1165 830 1231 fabulas
858 1167 955 1229 etiam
982 1188 1081 1250 opera
1110 1186 1193 1252 quac
1223 1165 1277 1230 ille
1306 1188 1403 1250 prosa
1432 1167 1577 1230 oratione

181 1270 371 1356 conscripsit
394 1269 531 1334 adsidue
553 1270 715 1334 lectitasse
737 1269 875 1334 videtur.

282 1374 353 1437 Iam
384 1374 567 1439 Farnobius
597 1374 640 1439 ad
670 1373 743 1439 Oct.
768 1374 831 1439 385
848 1397 896 1460 sq.
929 1398 946 1438 o
976 1355 1067 1460 paam
1098 1374 1238 1454 iuvabat,
1271 1397 1331 1460 qao
1364 1374 1442 1439 nilil
1473 1376 1578 1439 maias

173 1501 293 1565 parens
312 1478 317 1564 Ι
339 1478 470 1541 Natura
496 1478 612 1564 peracit,
643 1478 742 1563 operis
772 1478 915 1541 immensi
943 1478 1063 1565 artifecc
1086 1482 1120 1560 1,
1150 1478 1271 1543 caelum
1299 1479 1490 1545 intueri
1522 1479 1577 1543 ad-

180 1585 355 1670 scripserat
382 1606 420 1649 ea
454 1604 537 1670 quae
571 1583 698 1648 Seneca
721 1582 807 1648 Dial.
832 1584 901 1648 XII
923 1583 953 1667 8,
977 1584 1079 1669 4sqq.
1113 1584 1204 1649 dicit:
1249 1584 1393 1671 quicquid
1429 1586 1579 1668 optimam

180 1691 296 1753 homini
321 1699 375 1766 est,
404 1689 438 1753 id
460 1698 550 1751 entra
577 1689 747 1753 humanam
768 1691 941 1773 potentiam
969 1691 1055 1756 iacet.
1093 1712 1147 1753 nec
1177 1689 1251 1753 dari
1281 1711 1336 1752 nec
1365 1689 1444 1773 eripi
1466 1699 1577 1774 potest.

179 1794 311 1857 mundus
337 1793 400 1871 tic,
430 1815 497 1880 quo
527 1791 623 1856 nihil
652 1815 764 1880 neque
793 1794 913 1857 maius
942 1815 1054 1880 neque
1082 1794 1255 1858 ornatius
1282 1815 1408 1857 rerum
1437 1803 1581 1856 natura

180 1898 323 1984 penuit,
353 1899 474 1961 animus
501 1896 719 1983 contemplator
745 1897 977 1983 admiratorque
1002 1899 1111 1962 mundi
1138 1947 1307 1965 ......
1332 1897 1382 1984 (6)
1406 1898 1481 1961 dam
1503 1897 1581 1961 mili

179 2001 289 2066 solem
305 2000 470 2087 lunamque
484 2000 626 2064 intueri
642 2001 742 2079 liceat,
766 2002 839 2065 dum
861 2002 969 2066 ceteris
991 2002 1150 2066 inhaerere
1168 2000 1357 2066 sideribus
1374 2052 1380 2065 .
1395 2053 1402 2068 .
1416 2053 1423 2066 .
1439 2012 1579 2087 spectare

181 2117 225 2169 tot
242 2129 302 2191 per
323 2116 441 2171 noctem
462 2104 569 2169 stellas
592 2106 740 2169 micantes
762 2115 795 2171 et
810 2105 942 2171 Delrius
965 2108 1105 2172 cumeis
1129 2127 1211 2192 quae
1230 2107 1263 2169 in
1279 2103 1419 2170 Octavia
1434 2104 1499 2171 564
1507 2127 1577 2191 sqq.
1688 2117 1692 2125 '

182 2211 222 2275 dc
245 2210 393 2294 Augusto
421 2210 575 2275 dicuntur
602 2213 782 2296 comparari
812 2212 904 2275 iussit
935 2210 1009 2276 Sen.
1041 2209 1383 2295 Deffclem.110sq.:
1411 2211 1483 2273 laec
1510 2210 1577 2273 Aa·

180 2325 286 2401 pastus
320 2337 413 2379 senece
451 2324 506 2378 aut
538 2316 603 2378 lam
640 2317 673 2379 in
706 2326 887 2379 senectutem
920 2318 1013 2379 annis
1046 2314 1250 2401 serpentibus.
1294 2314 1330 2377 ire
1367 2313 1579 2379 adulescentia

180 2419 291 2496 caluit,
326 2420 405 2482 arsit
437 2419 503 2497 ira,
537 2418 637 2482 multa
662 2418 759 2505 feeit,
793 2420 837 2483 acl
870 2442 947 2505 quae
980 2419 1095 2484 incitas
1130 2418 1234 2483 oculos
1266 2418 1468 2504 retorquebat.
1502 2440 1579 2483 com-

177 2544 297 2607 parare
325 2544 411 2586 nemo
440 2523 673 2587 mansuetudini
699 2534 770 2587 tuae
797 2522 929 2587 andelit·
949 2525 1052 2587 dicam
1079 2522 1267 2610 Auyustum,
1299 2523 1422 2587 eacnmi
1451 2524 1486 2586 in
1515 2546 1579 2586 cer-

181 2639 283 2691 tamen
305 2626 484 2691 iuvenilium
511 2649 664 2691 ancoram
687 2627 852 2693 deluserit
872 2638 1051 2692 senectutem
1073 2627 1260 2713 plusquam
1283 2638 1453 2691 maturam:
1471 2626 1581 2711 suerit

182 2732 356 2796 moderatas
384 2742 412 2795 et
439 2731 579 2809 clemens,
608 2754 715 2817 nempe
739 2742 810 2817 post
836 2754 937 2796 mare
963 2731 1157 2796 Actiacum
1184 2732 1348 2796 Romano
1373 2753 1504 2797 cruore
1526 2732 1579 2794 in-

173 2836 328 2921 fectum,
359 2858 465 2920 nempe
488 2846 561 2921 post
583 2835 738 2922 fractas
767 2837 805 2899 in
836 2836 973 2901 Sicilia
1006 2836 1144 2900 classes
1178 2847 1211 2899 ct
1239 2858 1326 2900 suas
1354 2848 1387 2901 et
1420 2836 1580 2912 alienas,

181 2945 367 3025 nempe'post
384 2941 553 3005 Perusinas
569 2962 645 3005 aras
660 2950 688 3003 et
704 2942 1017 3027 proscriptiones.
1049 2962 1129 3026 quos
1149 2939 1236 3005 locos
1257 2942 1370 3025 siquis
1391 2961 1466 3005 cum
1481 2939 1580 3005 Octa·

181 3046 255 3109 viae
266 3043 415 3109 versibus
432 3047 656 3132 composuerit,
673 3046 783 3110 statim
798 3054 971 3128 cognoscet
986 3054 1114 3130 poetam
1129 3066 1183 3109 eos
1198 3046 1383 3130 respexisse
1398 3053 1497 3129 atque
1511 3045 1580 3107 imi-

182 3148 281 3213 tando
305 3147 460 3234 effingere
482 3149 632 3214 voluisse.
672 3148 797 3215 Seneca
822 3152 918 3234 enim,
946 3149 1024 3214 dum
1051 3151 1084 3213 in
1111 3149 1174 3214 hac
1196 3148 1309 3214 fabula
1330 3147 1504 3232 inducitur,
1527 3170 1580 3213 ea·

182 3255 257 3318 dem
279 3252 411 3337 profert,
435 3276 519 3340 quae
540 3254 574 3318 in
596 3253 687 3318 libris
710 3276 808 3341 supra
831 3255 1089 3319 commemoratis
1112 3254 1263 3340 disputat.
1303 3262 1400 3338 etque
1422 3274 1471 3334 ea,
1496 3274 1580 3338 quae

121 3427 123 3429 ,
180 3356 234 3421 ille
262 3378 372 3421 secum
399 3358 469 3444 ipse
495 3366 650 3444 reputans
678 3357 719 3422 ab
744 3358 901 3422 Octaviae
924 3359 1080 3443 scriptore
1103 3358 1235 3441 fingitur
1257 3379 1309 3421 vv.
1327 3355 1509 3438 stt-435,
1538 3379 1584 3438 ex·

181 3460 267 3525 Dial.
292 3460 359 3525 XII
383 3483 430 3526 cc.
453 3461 559 3526 6-10
582 3461 753 3547 desumpta
776 3470 859 3527 sunt.
896 3464 966 3526 ime
989 3463 1075 3527 enim
1097 3461 1242 3549 Braun1)
1265 3460 1465 3527 Famabium
1491 3482 1581 3525 secu·

182 3573 233 3628 tus
266 3566 399 3631 contulit
428 3564 501 3630 Oct.
526 3566 667 3652 3ttsqq.
704 3587 778 3629 oum
813 3566 887 3631 Seu.
918 3565 1004 3630 Dial.
1035 3566 1102 3631 XII
1132 3565 1167 3647 6,
1192 3566 1223 3629 4.
1251 3565 1282 3631 5.
1305 3566 1338 3647 ἵ,
1363 3565 1397 3646 8,
1425 3565 1455 3629 3.
1484 3566 1514 3629 4.
1542 3565 1579 3646 63

183 3670 213 3751 9,
241 3668 270 3751 2,
302 3669 359 3734 ubi
389 3670 431 3735 do
461 3670 572 3749 exilio,
605 3670 647 3735 de
681 3671 795 3736 mundi
830 3671 1099 3757 contemplatione
1134 3692 1238 3735 sermo
1265 3670 1315 3752 fit,
1346 3669 1419 3735 Oct.
1436 3669 1497 3734 397
1508 3692 1580 3755 sqq.

182 3786 258 3837 tunc
287 3774 347 3839 illa
374 3774 461 3859 virpo
492 3822 646 3839 ......
670 3775 797 3839 Iustitia
828 3826 834 3839 .
860 3827 867 3841 .
900 3777 990 3839 terris
1021 3774 1144 3860 repebat
1172 3774 1258 3837 mitis
1289 3776 1459 3838 lamnam
1487 3796 1582 3860 penus

184 3901 257 3943 cum
288 3879 362 3944 Seu.
394 3878 480 3944 Dial.
504 3879 573 3944 XII
595 3879 630 3961 9,
655 3880 674 3944 3
705 3882 768 3943 iam
800 3879 939 3943 omnibus
969 3879 1090 3964 templis
1111 3878 1287 3964 formosius
1316 3878 1388 3957 erit,
1419 3900 1487 3941 cam
1515 3877 1582 3941 illio

182 3984 335 4047 institia
356 3983 637 4069 conspectafnerit,
661 3982 733 4049 Oct.
748 3982 813 4049 426
822 4006 892 4069 sqq.
916 3985 1027 4068 copiola
1050 3982 1123 4046 belli
1143 3983 1238 4047 crevit
1260 3993 1351 4067 atque
1374 3984 1450 4046 auri
1462 3981 1579 4067 fames.

183 4108 258 4153 eum
273 4086 347 4152 Seu.
361 4087 447 4152 Dial.
461 4088 530 4152 XII
543 4088 627 4174 10,2
650 4090 684 4153 cli
705 4091 778 4153 istos
801 4089 932 4173 oleaeque
949 4088 1099 4172 perdant,
1121 4110 1252 4171 quoram
1274 4086 1429 4150 lusoria
1452 4097 1516 4150 tam
1536 4087 1581 4149 in-

182 4192 296 4256 vidiosi
321 4194 444 4278 imperii
461 4192 543 4277 fiaes
570 4193 771 4257 transcendit.
817 4201 987 4279 praeterea
1015 4191 1162 4256 conferas
1190 4190 1263 4255 Oct.
1287 4190 1350 4255 383
1360 4213 1406 4276 sq.
1429 4190 1483 4254 ali
1505 4190 1581 4253 liber

183 4298 305 4360 animus
328 4308 355 4359 et
378 4298 525 4361 saliaris
547 4298 625 4361 milri
647 4297 651 4383 l
671 4320 788 4382 semper
810 4296 945 4361 vacabat
967 4296 1071 4360 stadia
1093 4295 1239 4359 recolenti
1259 4317 1328 4359 mea
1355 4304 1387 4359 et
1409 4294 1495 4359 Dial.
1516 4294 1581 4359 VII

182 4401 213 4482 4,
237 4401 257 4466 3
291 4400 366 4486 quial
396 4401 474 4464 enim
501 4402 641 4487 prohibet
676 4424 732 4466 nos
766 4401 887 4466 beatam
917 4403 1012 4463 citam
1041 4400 1143 4465 dicere
1173 4398 1329 4463 liberam
1359 4399 1521 4463 animum
1554 4410 1582 4463 et

182 4553 389 4563 ———

289 4630 510 4699 Offipfflm
