3392 5067
155 192 234 283 m

261 408 383 487 Restat,
406 418 442 473 ut
464 408 584 473 addam
607 410 799 493 particulam
823 409 908 497 ὄφρα
931 430 1173 492 nonnumquam
1189 431 1252 473 non
1275 412 1379 495 primo
1396 412 1552 474 enuntiati

156 512 342 576 secundarii
373 512 443 577 loco
473 514 552 597 legi:
594 513 667 596 290,
698 512 772 597 449,
805 514 891 597 quod
922 513 1010 598 apud
1041 512 1119 577 alios
1147 535 1274 598 quoque
1303 515 1468 578 invenitur
1495 513 1551 599 (cf.

155 615 1012 702 mmmfflmmfflfflwq

258 721 330 785 Iam
364 743 446 806 quae
480 722 582 786 fusius
616 745 715 807 supra
749 724 886 807 exposui
917 722 1061 786 breviter
1095 721 1329 807 comprehensa
1362 744 1552 807 proponam.

155 833 352 911 usurpantur
373 827 407 889 in
430 828 603 890 enuntiatis
629 818 782 891 finalibus
809 825 851 891 ab
876 826 1171 911 Argonauticorum
1192 828 1350 912 scriptore
1374 826 1553 912 particulae

155 928 250 1017 ὄφρα,
278 929 341 1009 ἵνα,
366 928 448 1016 aga)
493 941 566 1015 post
588 939 716 1015 tempus
739 932 929 1015 primarium
951 932 1083 1017 ponitur
1106 932 1332 995 coniunctivus
1354 933 1475 1012 aoristi,
1499 932 1553 1016 qui

154 1042 228 1118 post
250 1030 460 1118 praeteritum
484 1057 612 1121 quoque
635 1036 825 1117 admittitur,
859 1057 1055 1121 quamquam
1080 1038 1209 1122 saepius
1232 1037 1396 1121 optativus
1426 1034 1554 1119 legitur,

156 1139 208 1201 cui
238 1136 325 1201 haud
354 1161 427 1203 raro
458 1138 624 1204 adduntur
651 1140 832 1224 particulae
865 1164 918 1205 κεν
948 1140 1002 1204 vel
1030 1140 1069 1205 e'v
1096 1162 1170 1204 oum
1199 1142 1403 1204 coniunctivo
1428 1161 1554 1225 quoque

154 1240 316 1305 interdum
341 1243 542 1308 coniunctae.
588 1246 790 1308 enuntiatum
812 1246 1004 1329 primarium
1027 1265 1155 1330 semper
1177 1244 1351 1310 antecedit.

398 1547 463 1605 111.
481 1547 543 1603 -De
566 1548 750 1605 enuntiatis
771 1547 1017 1616 temporalibus
1040 1552 1075 1605 et
1096 1539 1329 1627 causalibus.²)

259 1782 404 1847 indicem
428 1783 662 1870 particularum
685 1785 910 1869 temporalium
927 1784 1020 1849 simili
1043 1785 1138 1849 modo
1162 1806 1340 1869 proponam
1355 1794 1454 1869 atque
1478 1784 1555 1847 fina-

158 1884 245 1951 lium.
291 1886 388 1970 loocs,
420 1887 476 1952 ubi
504 1883 574 1954 ἀλλ’
596 1885 649 1953 ὅτε
673 1890 712 1975 δή
735 1888 863 1973 legitur,
886 1890 1042 1953 asterisco
1065 1889 1265 1973 significabo,
1289 1883 1358 1954 ἀλλ’
1373 1890 1427 1954 ὅτε
1451 1889 1559 1952 crucis

158 1992 249 2075 siguo
272 1991 409 2056 adiecto.

161 2252 331 2319 Conjunctir,
351 2255 441 2305 indam
460 2270 489 2305 er
506 2261 651 2321 ausgesagt
669 2256 742 2318 wird,
766 2256 835 2306 ohne
854 2256 894 2306 als
913 2256 992 2306 Glied
1011 2258 1085 2306 einer
1103 2272 1151 2305 zur
1169 2256 1389 2322 Vorgangenheit
1406 2256 1554 2321 gehtrigen

158 2340 331 2407 Vorstellung
344 2342 501 2392 bezeichnet
519 2359 553 2392 zu
571 2343 710 2407 werden'):
730 2343 797 2393 ‘Wir
815 2343 903 2394 haben
921 2343 1005 2393 damit
1024 2343 1148 2409 augleich
1166 2343 1218 2393 den
1237 2343 1404 2393 einfachsten
1421 2343 1557 2394 Schliissel

161 2444 208 2477 aur
231 2430 442 2494 Beantwortung
469 2430 515 2479 der
537 2431 624 2495 Frage
649 2430 795 2495 gefunden,
818 2432 909 2481 waher
931 2445 959 2481 es
982 2431 1094 2492 kommt,
1118 2431 1178 2481 dass
1201 2431 1246 2480 die
1269 2430 1412 2481 einzelnen
1435 2430 1556 2480 Antoren

162 2515 224 2564 bald
243 2516 343 2577 diesen,
364 2516 427 2565 bald
442 2518 526 2581 jenen
545 2517 640 2567 Modus
657 2517 840 2583 bevorzugen:
857 2519 886 2583 je
905 2518 974 2567 nach
992 2519 1064 2567 ihrer
1080 2518 1278 2568 individuellen
1296 2517 1424 2567 Vorliebe
1443 2518 1556 2567 macheu

158 2601 297 2651 disselben
320 2619 372 2652 von
396 2604 456 2653 dem
480 2605 560 2653 einen
583 2604 646 2653 oder
669 2604 786 2655 anderen
809 2603 1041 2655 Modusausdruck
1064 2604 1220 2671 htiufigeren
1243 2604 1394 2654 Gebrauch'
1422 2610 1449 2653 et
1472 2604 1556 2653 Krue-

157 2708 250 2757 gerum
268 2706 380 2757 gramm.
398 2707 484 2757 graec.
504 2691 517 2739 I
536 2694 577 2755 54,
596 2694 620 2754 8,
638 2694 653 2741 2
677 2692 744 2741 haec
763 2692 911 2741 dicentem:
941 2691 1078 2742 ‘Vorliebe
1099 2693 1142 2742 mr
1164 2692 1207 2741 die
1230 2692 1364 2757 objectiva
1382 2691 1557 2741 Redeweise'.

228 2856 230 2862 .
264 2797 283 2860 1)
303 2796 410 2847 Sitzleri
429 2798 591 2859 coniectura,
610 2798 656 2862 qui
669 2811 761 2846 versus
779 2796 843 2846 inde
856 2813 880 2847 a.
896 2798 971 2857 1316,
989 2811 1024 2846 ne
1042 2796 1140 2847 lacuna
1153 2797 1296 2847 statuenda
1313 2798 1348 2845 sit
1366 2801 1426 2861 post
1438 2812 1463 2847 r.
1479 2796 1554 2857 1317,

161 2886 198 2933 sic
222 2884 301 2934 scribi
324 2884 383 2933 vult
414 2882 457 2947 (cf.
477 2899 616 2933 censuram
641 2883 766 2933 editionis
788 2884 939 2933 Abelianae
963 2886 992 2933 in
1015 2884 1105 2935 ‘Neue
1127 2884 1221 2950 philol.
1244 2883 1418 2933 Rundschau'
1443 2897 1466 2931 a.
1488 2883 1555 2931 1886

157 2987 181 3035 p.
198 2974 244 3020 161
259 2971 340 3036 sqq.):
360 2968 494 3027 Ἀλκίνοος
510 2972 564 3037 μέν
577 2968 600 3037 ῥ
611 2961 656 3021 ὦκ’
669 2970 825 3022 ἐπετέλλετο
845 2971 988 3039 κηρύκεσσι
1004 2971 1008 3035 l
1023 2971 1126 3039 κούρην
1138 2971 1316 3039 ἀμφήριστον
1329 2971 1409 3037 ἄγειν
1427 2968 1474 3019 ἐπὶ
1490 2969 1557 3033 νηὸς

158 3058 276 3125 ἐρυμνῆς
297 3059 301 3120 Ι
325 3054 444 3124 πατρίδ’,
464 3058 478 3106 δ
484 3074 549 3112 πως
567 3060 648 3108 τίσειε
668 3056 747 3122 δίκην
766 3056 996 3125 ἀλιτημοσυνᾶων
1014 3058 1101 3122 (codd.
1115 3059 1169 3109 ἀπὸ
1188 3060 1253 3123 νηὸς
1271 3056 1390 3126 ἐρομνῆς
1405 3060 1410 3123 Ι
1425 3057 1508 3124 πατρὶ
1525 3052 1555 3104 θ’

160 3143 204 3210 ἑῷ)
223 3144 328 3209 probari
348 3160 401 3192 non
420 3149 522 3209 potest,
550 3160 619 3203 nam,
643 3149 673 3193 nt
691 3147 811 3194 omittam
831 3146 963 3195 rationem
982 3144 1232 3211 palaeographicam
1251 3150 1279 3195 et
1296 3145 1391 3195 duram
1409 3144 1553 3193 verborum

158 3237 327 3292 structuram,
347 3229 475 3279 Alcinous
488 3232 541 3292 vix,
561 3232 611 3280 etsi
629 3246 776 3295 praecones
794 3233 823 3280 in
835 3249 861 3282 v.
877 3233 943 3281 1316
963 3232 1070 3281 eosdem
1090 3246 1148 3281 esse
1167 3238 1248 3297 atque
1266 3233 1297 3281 in
1313 3248 1339 3281 v.
1354 3233 1420 3281 1307
1440 3229 1554 3280 Sitzlero

158 3318 338 3380 concedimus,
357 3331 410 3382 qna
429 3317 461 3366 de
479 3332 508 3366 re
527 3331 591 3366 sane
605 3317 726 3367 dubitare
745 3316 817 3380 licet,
836 3320 981 3383 imperasse
1000 3318 1053 3368 dici
1072 3323 1161 3383 potest
1178 3318 1363 3384 praeconibus,
1382 3323 1413 3366 ut
1430 3317 1555 3366 Medeam

158 3406 187 3453 in
206 3405 318 3470 patriam
337 3404 504 3454 reducerent.

262 3491 282 3556 ²)
302 3490 341 3541 Of.
355 3492 384 3540 F.
398 3490 546 3556 Thuemen,
565 3491 607 3541 De
619 3491 701 3541 locut.
714 3497 825 3557 tempor.
839 3508 890 3542 usu
909 3492 979 3541 hom.
994 3492 1081 3542 Berol.
1100 3494 1174 3554 1866,
1196 3492 1229 3542 G.
1247 3491 1378 3553 Dietrich,
1397 3492 1440 3541 De
1458 3495 1554 3541 enunt.

156 3584 267 3643 tempor.
287 3577 356 3627 hom.
382 3592 413 3627 ex
437 3578 624 3642 antiquissima
646 3583 779 3629 structura
802 3580 968 3643 paratactica
986 3581 1100 3629 transitu
1122 3581 1150 3628 in
1169 3579 1375 3644 hypotacticam.
1395 3578 1472 3628 Halis
1491 3577 1553 3627 Sax.

159 3667 232 3727 1885,
263 3664 292 3715 C.
311 3666 416 3725 Prenss,
435 3665 476 3713 De
495 3671 587 3713 enunt.
606 3671 717 3729 tempor.
736 3666 807 3731 apud
826 3673 918 3731 poetas
938 3672 1003 3731 trag.
1023 3666 1139 3716 Graecos
1157 3682 1216 3715 usu.
1236 3665 1466 3731 Gryphiswaldiae
1486 3665 1556 3713 1864

157 3752 237 3816 (quae
257 3752 446 3801 commentatio
464 3751 588 3801 absoluta
606 3767 661 3800 non
680 3751 739 3813 est),
758 3751 789 3802 E.
802 3752 837 3803 H.
852 3753 1051 3815 Friedlaender,
1070 3754 1111 3803 De
1129 3754 1327 3802 coniunctionis
1345 3753 1390 3802 ὅτε
1408 3752 1480 3817 apud
1498 3752 1555 3801 Ho-

157 3853 257 3888 merum
277 3839 304 3886 vi
323 3844 350 3887 et
368 3853 425 3887 usu.
445 3838 533 3887 Berol.
554 3840 629 3901 1860,
649 3840 678 3889 Α.
692 3838 879 3904 Capellmaun,
898 3840 1018 3891 Schedae
1036 3841 1171 3891 Homeris.
1191 3839 1343 3890 confluent.
1359 3841 1426 3889 1850
1445 3838 1519 3903 (inde
1537 3854 1557 3888 a

157 3942 181 3989 p.
202 3927 232 3973 13
256 3926 288 3974 de
311 3925 443 3989 particula
461 3915 521 3975 adra
540 3926 648 3991 agitur),
685 3927 706 3977 Ι,
720 3926 818 3990 Sturm,
838 3927 1001 3978 Geschichtl.
1020 3926 1165 3978 Entwickl.
1185 3927 1231 3977 der
1250 3926 1401 3977 construet.
1421 3927 1470 3975 mit
1487 3927 1556 3992 πρίν

157 4012 279 4076 (Schann,
299 4012 380 4063 Beitr.
399 4030 422 4064 a.
440 4012 500 4063 hist.
519 4011 621 4077 Syntax
639 4013 662 4063 d.
682 4015 781 4079 griech.
802 4005 919 4080 Spraclie
936 4015 972 4080 3).
986 4015 1126 4081 Herbipol.
1142 4016 1216 4075 1882,
1234 4014 1266 4064 Ε.
1280 4014 1386 4076 Pfudel,
1405 4014 1487 4063 Beitr.
1507 4028 1557 4061 zur

158 4099 259 4163 syntax
282 4098 328 4147 der
346 4097 518 4149 Cansalstttze
542 4099 584 4149 bei
603 4101 712 4151 Homer.
749 4118 836 4167 progr.
856 4103 977 4167 Liegnic.
994 4104 1068 4164 1871,
1095 4102 1115 4152 I.
1134 4102 1233 4165 Zycha,
1252 4101 1394 4151 Gebrauch
1414 4117 1467 4150 von
1486 4098 1556 4149 ἐπεί.

156 4184 291 4235 Meletem.
307 4185 421 4235 Vindob.
440 4186 493 4235 VII
510 4202 535 4251 p.
549 4187 581 4236 82
595 4204 652 4253 sqq.
