3392 5067
1449 294 1513 359 353
1600 240 1639 254 ==

221 486 257 552 O.
297 485 524 552 Conformatus
556 494 606 548 est
636 484 763 550 duobus
795 484 1024 570 monosyllabis
1057 494 1089 548 et
1120 486 1212 550 verbi
1245 485 1380 550 alicuius
1412 489 1510 552 initio

116 594 270 678 inspicias
294 590 391 655 velim
415 590 548 675 Antiph.
573 588 630 672 811
655 591 809 676 ποτήριόν
830 613 887 674 μοι
909 593 947 655 τὸ
970 587 1059 673 μέγα,
1084 587 1179 654 Alex.
1203 590 1302 673 *1511
1327 595 1419 678 τρεῖς,
1448 585 1514 657 δέκ’

118 697 251 778 ὀβολῶν,
278 695 360 778 1241
386 699 443 780 γὰρ
465 697 503 759 τὸ
525 698 647 774 πάθος,
671 692 806 756 Philem.
826 693 904 776 1801
929 695 1025 772 πόλις
1046 716 1105 759 σου
1126 698 1164 760 τὸ
1186 692 1284 778 γένος,
1308 695 1457 781 Apollod.
1477 696 1512 778 11

117 799 138 889 ἦ
168 794 246 885 μεθ’
269 800 393 885 ἑτέρων,
425 801 565 865 Damox.
593 798 625 880 11
662 821 724 879 σοι,
757 802 812 863 τὸν
841 795 1007 887 ἐλέφανθ’,
1039 799 1126 863 Men.
1151 799 1226 882 339,
1262 804 1319 886 γὰρ
1348 804 1385 866 τὸ
1415 805 1514 867 κατοί-

119 906 275 986 πλαστον,
307 904 401 987 53211
435 906 564 994 εὐτυχής
597 900 673 969 ἐσθ’
700 902 719 969 ὁ
748 909 964 990 μετριώτατον
997 904 1113 986 λαβών,
1150 902 1212 966 828
1243 896 1282 988 εἶ,
1316 908 1397 991 πρὸς
1426 907 1513 988 ἅλοις,

120 1010 237 1094 quibus
265 1008 344 1074 locis
372 1008 544 1072 statuenda
571 1008 664 1072 nobis
688 1017 736 1071 est
763 1008 866 1073 forma
894 1008 1103 1072 usitatissima
1129 1006 1210 1090 2Α,
1237 1009 1349 1095 Eriph.
1377 1011 1431 1093 211
1459 1018 1516 1100 τὴν

120 1121 178 1201 γὰρ
193 1109 396 1202 Ἀφροδίτην,
412 1112 545 1178 Diodor.
563 1112 614 1197 211
634 1119 709 1191 τοὺς
724 1114 759 1179 δὲ
781 1113 972 1194 κολακεύειν,
996 1111 1119 1196 211καὶ
1141 1117 1178 1178 τὸ
1200 1114 1307 1195 καλόν,
1330 1114 1416 1182 Men.
1433 1115 1514 1198 5621

120 1214 153 1285 οἱ
175 1219 210 1284 δὲ
232 1220 345 1300 cdliv,
369 1219 481 1282 subest
502 1218 606 1282 forma
631 1218 646 1279 1
665 1221 706 1282 A.

224 1324 266 1387 D.
306 1322 440 1387 Constat
467 1322 635 1386 extribus
659 1321 905 1407 monosyllabis:
943 1321 1078 1407 Antiph.
1105 1321 1196 1404 12411
1222 1321 1275 1389 οὖν
1298 1321 1318 1388 ὅ
1342 1348 1374 1389 τι
1400 1322 1515 1410 φέρων,

122 1427 264 1513 Ephipp.
290 1419 423 1510 1511εί.
449 1431 495 1491 Α.
520 1433 559 1492 σὺ
583 1424 618 1492 δέ
639 1449 683 1510 γε,
707 1426 803 1492 Alex.
830 1426 885 1509 151
911 1432 954 1516 μὴ
977 1422 1055 1493 καθ’
1075 1424 1109 1490 ἓν
1130 1425 1273 1494 ἕκαστον.
1305 1451 1369 1492 uno
1391 1437 1517 1492 tantum

121 1531 191 1595 loco
212 1531 436 1615 monosyllaba
455 1530 510 1595 illa
527 1531 700 1595 cohaerent
719 1533 802 1595 inter
818 1553 861 1610 se,
890 1530 962 1596 dico
978 1530 1064 1594 Men.
1083 1530 1146 1604 740Ι
1160 1530 1213 1597 ναί
1227 1538 1272 1616 μὰ
1288 1535 1344 1597 τὸν
1358 1529 1515 1598 Ἀπόλλω.

226 1635 328 1700 Vides
356 1639 389 1700 in
417 1638 510 1700 tertio
537 1636 622 1722 pede
648 1636 744 1720 longe
772 1636 927 1721 plurimos
955 1636 1101 1721 dactylos
1128 1638 1172 1700 ita
1196 1636 1411 1700 conformatos
1435 1659 1516 1718 esse,

123 1750 158 1806 ut
188 1763 323 1805 caesura
354 1739 543 1825 principalis
573 1741 803 1825 semiquinaria
832 1740 940 1804 locum
974 1740 1102 1805 habeat.
1141 1743 1254 1825 paucis
1284 1749 1410 1804 tantum
1440 1741 1518 1805 locis

123 1843 273 1930 dactylus
306 1846 401 1908 unius
432 1843 582 1909 vocabuli
617 1843 750 1930 syllabis
783 1846 852 1908 sive
886 1845 1032 1931 pluribus
1063 1844 1230 1909 vocabulis
1263 1853 1331 1908 arte
1363 1847 1447 1908 inter
1484 1867 1518 1908 se

125 1949 372 2015 cohaerentibus
397 1950 587 2013 continetur.
633 1959 730 2033 atque
757 1948 820 2012 hac
846 1951 880 2012 in
907 1970 942 2012 re
966 1971 1029 2013 non
1051 1949 1323 2034 praetereundam
1347 1971 1417 2013 esse
1440 1958 1519 2035 puto

124 2053 208 2118 hanc
242 2051 513 2118 observationem:
551 2055 578 2116 si
617 2053 765 2137 dactylus
803 2052 961 2118 formatur
994 2075 1075 2118 voce
1110 2054 1218 2139 aliqua
1252 2054 1391 2139 plurium
1424 2054 1519 2139 sylla·

124 2157 250 2240 barum,
282 2157 431 2223 omnibus
463 2158 531 2222 fere
562 2158 641 2222 locis
671 2157 823 2223 vocabuli
851 2168 1004 2222 accentus
1033 2180 1106 2223 cum
1134 2180 1247 2224 versus
1276 2161 1342 2222 ictu
1370 2160 1518 2222 concinit.

126 2284 190 2346 qua
216 2285 251 2326 re
278 2264 311 2325 ni
339 2260 433 2327 fallor
459 2262 644 2348 impeditur,
674 2264 844 2347 quominus
872 2263 1021 2347 neglecta
1049 2277 1182 2327 caesura
1210 2261 1381 2347 principali
1406 2277 1520 2326 versus

127 2376 290 2430 structura
312 2367 369 2430 fiat
392 2366 548 2452 impedita
572 2365 624 2429 vel
648 2365 791 2431 confusa.

554 2615 579 2656 c.
616 2601 665 2655 De
688 2599 833 2666 dactylis
856 2599 968 2666 quinti
989 2599 1095 2667 pedis.

429 2746 458 2810 l.
497 2745 688 2832 Dactylus
726 2749 947 2812 continetur
983 2771 1055 2812 uno
1093 2746 1219 2813 verbo.

232 2885 271 2951 A.
312 2885 517 2970 Exprimitur
554 2886 715 2971 prioribus
749 2885 901 2950 vocabuli
939 2887 1072 2950 alicuius
1110 2885 1253 2971 syllabis.
1299 2908 1400 2949 unum
1434 2894 1525 2949 extat

129 2989 223 3053 huius
235 2991 282 3053 rei
294 2990 489 3075 exemplum,
503 2990 575 3054 dico
588 2989 705 3054 Eubul.
720 2989 775 3073 38,
791 2991 925 3077 τρύβλια
937 2991 972 3056 δέ
992 2990 1047 3057 καί
1061 2994 1200 3072 βατάνια
1221 2987 1274 3054 καί
1288 2993 1447 3071 κακκάβια
1459 2989 1522 3055 καί.

232 3114 270 3176 Β.
295 3112 467 3176 Formatur
482 3111 712 3198 posterioribus
725 3114 814 3176 vocis
830 3111 967 3180 alicuius
985 3111 1128 3196 syllabis.
1153 3111 1299 3175 conferas
1312 3109 1449 3174 Nicostr.
1463 3110 1522 3193 261

130 3214 301 3302 αὐλητρίδα
323 3214 412 3299 λαβέ.
672 3209 676 3217 ’

233 3319 270 3384 O.
308 3319 500 3385 Continetur
526 3319 627 3384 verbo
653 3321 788 3403 integro.
827 3342 867 3384 en
895 3321 1027 3384 unicum
1053 3317 1148 3384 huius
1175 3318 1297 3383 formae
1329 3320 1524 3405 exemplum,

131 3424 215 3508 quod
246 3426 323 3489 item
353 3424 489 3510 praebet
522 3425 723 3488 Nicostratus
755 3424 812 3506 331
845 3419 1004 3507 βοοβάλί,
1036 3425 1135 3512 ὄφεις.
1181 3423 1230 3487 his
1264 3423 1343 3488 locis
1375 3423 1525 3488 omnibus

131 3527 222 3592 verbi
245 3538 417 3592 accentum
440 3549 514 3591 cum
538 3550 650 3591 versus
673 3529 740 3592 ictu
764 3550 941 3611 congruere
965 3527 1141 3592 notandum
1165 3536 1222 3593 est.

409 3686 439 3751 2.
474 3684 663 3770 Dactylus
702 3685 879 3750 efficitur
916 3685 1063 3751 duobus
1101 3684 1241 3750 verbis.

236 3825 276 3889 A.
308 3823 474 3908 Expressa
498 3833 547 3887 est
570 3824 669 3887 thesis
692 3824 787 3888 verbi
810 3824 965 3909 clausula,
988 3827 1068 3888 arsis
1092 3826 1181 3888 initio
1202 3823 1354 3887 vocabuli
1377 3826 1525 3908 proximi.

133 3929 280 3993 conferas
300 3949 419 4014 quaeso
439 3927 482 3992 ad
501 3927 585 3991 hauc
605 3927 752 4012 sormam,
773 3950 856 4012 quae
873 3927 1084 3994 CLXVIIIv
1102 3930 1250 4009 recurrit,
1269 3928 1527 4011 cognoscendam

132 4034 191 4096 hos
207 4031 308 4096 locos:
324 4032 458 4117 Antiph.
475 4031 509 4112 11
525 4029 667 4116 περαίνω
679 4030 889 4118 Σοφοκλέους,
906 4032 980 4114 2611
996 4033 1056 4121 ἤδη
1072 4031 1262 4118 παχυτέρας,
1279 4032 1349 4114 341,
1366 4031 1450 4114 6811,
1468 4031 1526 4112 741

132 4135 326 4222 κρέμασθαι.
349 4138 471 4221 πότερά
493 4158 559 4220 μοι,
583 4133 654 4218 871,
680 4135 867 4219 123111295
893 4135 980 4200 alios.
1012 4135 1074 4200 hac
1097 4137 1129 4199 in
1153 4135 1265 4212 forma,
1291 4159 1373 4221 quae
1397 4144 1446 4200 est
1468 4138 1527 4198 usi·

134 4243 298 4323 tatissima,
321 4263 436 4305 versus
464 4243 497 4306 in
523 4262 624 4304 unum
651 4241 719 4305 sive
747 4243 781 4305 in
807 4241 902 4327 plura
931 4240 1091 4306 vocabula
1117 4249 1186 4304 arte
1215 4241 1421 4304 cohaerentia
1448 4239 1529 4304 desi-

133 4347 190 4430 nit,
215 4367 297 4433 quae
320 4344 382 4409 hac
405 4344 507 4410 forma
540 4367 666 4396 ww*
699 4347 857 4410 instructa
880 4343 998 4431 sunt.¹)

240 4505 259 4568 ¹)
279 4503 317 4553 cf.
329 4501 452 4568 Rumpcl.
463 4520 488 4568 p.
498 4504 561 4552 609:
575 4503 638 4552 ‘Der
650 4503 737 4553 fflnfta
747 4503 816 4553 Fusa
830 4540 853 4553 ..
866 4505 902 4554 ist
913 4501 1081 4568 gewbhnlich
1095 4517 1123 4551 so
1137 4501 1264 4567 gebildct,
1274 4502 1335 4551 dass
1347 4504 1421 4551 seins
1434 4501 1530 4552 beiden

134 4589 243 4639 Kttrzsn
260 4592 309 4639 mit
324 4589 376 4639 dan
395 4589 492 4639 beiden
511 4588 602 4639 Silben
621 4590 668 4639 des
687 4590 811 4640 sschstsn
829 4591 928 4639 Fusses
952 4604 1106 4639 zusammen
1125 4591 1152 4637 in
1172 4591 1258 4638 sinam
1280 4589 1372 4637 Worta
1390 4588 1530 4639 enthaltsn

41 4690 43 4699 ’
135 4677 208 4726 sind'
227 4683 254 4726 et
272 4676 340 4726 addc
360 4692 429 4741 quac
448 4691 527 4741 supra
545 4693 570 4742 p.
590 4678 640 4725 alc
659 4677 862 4741 disputavimus.

185 4769 353 4810 viscerationes
366 4769 443 4819 philol.
453 4768 543 4809 vindob.
558 4767 598 4809 111.
614 4773 632 4809 1.
1343 4763 1376 4813 28
