3392 5067
1449 207 1509 270 ‘201

113 399 164 478 24,
185 399 283 483 lsqq.
300 390 372 463 ἶσόν
393 398 671 475 τοιπλουτοῦσιν,
694 395 757 482 ότφ
773 397 873 474 πολὺς
888 398 1020 483 ἄργυρός
1041 398 1128 462 ἐστιν
1148 396 1153 481 Ι
1171 395 1227 463 καὶ
1248 401 1361 483 χρυσὸς
1382 396 1436 462 καὶ
1459 406 1513 485 γῆς

113 505 297 591 πυροφόρου
312 496 410 568 πεόία
430 500 434 587 l
454 501 554 566 ἵπποι
574 497 611 567 θ)
626 498 755 590 ἡμίονοί
770 524 813 581 τε,
836 497 933 589 andqi
953 504 1035 585 μόνα
1057 511 1158 567 ταῦτα
1181 506 1345 586 πάρεστιν,
1367 502 1453 586 quod
1470 524 1512 564 ex

114 610 182 692 ipso
198 629 331 670 numero
356 605 472 691 plurali
495 604 700 688 intellegitur,
725 606 865 688 genuina
880 607 930 667 vis
953 605 1131 689 particulae
1153 604 1208 670 aori
1230 606 1325 689 plane
1349 605 1455 669 elucet
1471 644 1511 653 -

114 734 177 775 non
193 714 290 794 igitur
309 710 446 774 multum
461 710 570 773 differt
586 712 612 771 is
628 708 717 772 locus
734 731 754 771 a
769 708 905 792 Theogn
924 731 955 771 v.
975 709 1057 772 1267
1073 716 1152 787 παῖς
1165 733 1201 773 τε
1215 708 1270 774 καὶ
1283 710 1388 789 ἵππος
1402 710 1513 793 ὁμοῖον
1566 781 1569 790 ,

114 812 179 897 ἔχει
201 818 281 895 νόον,
306 814 359 877 vel
381 814 423 878 ab
446 813 580 877 Homeri
603 835 656 876 vv.
673 812 777 875 Ε’441
801 834 847 897 sq.
871 812 945 877 ἐπεὶ
967 814 1086 879 οόποτε
1108 814 1209 901 φῦλον
1231 813 1344 898 ὁμοῖον
1363 814 1367 899 Ι
1388 817 1513 879 ἀθανά-

113 944 177 985 των
191 944 225 985 τε
242 925 328 985 θεῶν
344 916 444 1003 χαμαὶ
458 918 636 1003 ἐρχομένων
650 912 679 980 τ’
689 919 871 1003 ἀνθρώπων
883 955 935 999 -,
952 918 1008 980 sed
1025 918 1120 1003 paulo
1142 918 1268 1001 longius
1284 940 1303 980 a
1319 920 1351 981 vi
1374 920 1514 1000 genuina

114 1024 238 1088 recedit
253 1022 307 1089 aui
323 1022 467 1107 Theogn.
486 1022 547 1085 106
561 1014 635 1087 ἶσον
655 1019 709 1087 ταὶ
732 1018 876 1107 σπείρειν
898 1023 1017 1087 πόντον
1040 1022 1115 1101 ἁλὸς
1136 1024 1258 1110 πολιῆς,
1268 1023 1289 1108 ¹)
1313 1022 1430 1085 deinde
1453 1025 1513 1085 sin·

114 1128 233 1212 gularis
257 1128 352 1214 plane
376 1136 425 1191 est
447 1127 592 1210 Theogn.
610 1148 640 1189 u.
658 1125 709 1202 57,
735 1126 790 1189 ubi
814 1136 887 1210 post
909 1126 1012 1190 verba
1036 1125 1071 1193 οἳ
1090 1122 1215 1213 πρόσθ’
1231 1128 1303 1193 οὔτε
1326 1125 1416 1205 δίκας
1438 1128 1513 1216 ¹ilde-

39 1301 47 1315 ,
114 1256 173 1299 σαν
196 1235 267 1297 οὔτε
290 1235 413 1317 νόμους,
439 1234 443 1311 l
469 1227 537 1295 ἀλλ’
554 1229 638 1318 ἀμφὶ
659 1231 812 1317 πλευρῇσι
836 1231 932 1314 όορὰς
954 1232 1053 1313 αἰγῶν
1073 1231 1270 1316 κατέτριβον,
1291 1232 1295 1315 Ι
1320 1227 1380 1308 ἔξω
1404 1227 1513 1297 d'dlur'

114 1334 228 1425 έλαφοι
243 1332 333 1426 τῆσό3
349 1334 497 1421 ἐνέμοντο
513 1337 630 1413 πόλεος
646 1336 692 1397 sio
707 1336 813 1419 pergit
830 1337 930 1399 oratio
953 1334 1008 1401 καὶ
1030 1346 1083 1400 νῦν
1104 1332 1164 1400 εἴτ’
1180 1333 1303 1420 ἀγαθοί
1309 1360 1316 1417 3
1341 1334 1513 1419 singularis

116 1452 226 1506 autem
251 1441 291 1506 ob
312 1450 451 1523 'eamque
476 1461 607 1503 causam
622 1440 701 1502 viris
725 1438 827 1501 doctis
844 1440 1011 1503 offensioni
1033 1439 1155 1504 idcirco
1178 1450 1236 1523 est,
1259 1439 1385 1523 quoda
1399 1439 1516 1503 vocula

114 1544 169 1611 κατ’
189 1546 342 1631 -apodosis
359 1546 539 1625 exorditur,
565 1542 622 1607 sed
639 1544 800 1628 equidem,
825 1566 899 1607 oum
916 1546 1116 1608 enuntiatum
1132 1543 1303 1607 relativum
1326 1544 1514 1629 bipertitum

116 1659 146 1712 et
169 1649 271 1713 altera
298 1671 374 1733 pars
398 1649 554 1713 enuntiati
582 1648 728 1732 primarii
755 1649 857 1710 instar
885 1649 935 1730 sit,
959 1648 1061 1712 verba
1084 1670 1161 1711 sana
1185 1668 1256 1711 esse
1283 1657 1360 1733 puto
1384 1657 1513 1733 poetam

114 1762 267 1817 nontam
295 1754 401 1838 priore
425 1774 522 1837 quam
545 1751 646 1816 altera
674 1761 766 1836 parte
790 1753 947 1815 enuntiati
974 1751 1102 1815 relativi
1128 1760 1277 1837 respecta
1302 1750 1357 1817 aod
1379 1761 1432 1816 νῦν
1453 1748 1513 1817 ei'o’

114 1856 235 1941 ἀγαθοί
258 1858 378 1921 dixisse
402 1867 500 1939 ratus,
517 1858 655 1941 ideoque
679 1856 809 1919 confero
826 1856 883 1919 hos
899 1878 1014 1920 versus
1038 1878 1113 1920 cum
1129 1879 1183 1919 vv.
1203 1855 1286 1919 1315
1299 1878 1357 1940 sq,
1381 1855 1437 1919 ubi
1459 1854 1514 1922 καὶ

116 1964 154 2049 dr)
176 1972 230 2027 νῦν
252 1970 352 2043 extat,
375 1956 446 2027 ἀλλ’
461 1963 522 2045 ἐγὼ
544 1953 585 2026 ἔτιΙ
602 1964 732 2025 πάντων
755 1955 784 2025 o'
800 1961 931 2026 έόόκουν
953 1958 1109 2027 ἔσσεσθαι
1133 1960 1260 2047 ἑταῖρον
1280 1961 1285 2046 Ι
1304 1961 1444 2025 πιστόν·
1461 1958 1515 2025 καὶ

116 2067 154 2153 δὴ
177 2075 229 2131 νῦν
252 2066 348 2131 όῖλλσν
371 2061 506 2148 έχεισθα
528 2062 631 2153 φίλον.

219 2170 283 2234 Sed
315 2192 380 2234 non
414 2170 516 2235 solum
546 2169 624 2233 bina
654 2169 820 2233 enuntiata
851 2169 1011 2254 particula
1037 2168 1093 2235 καί
1120 2172 1369 2255 coniunguntur,
1399 2190 1514 2232 verum

116 2276 213 2338 etiam
236 2284 329 2337 terna
344 2274 398 2337 vel
420 2274 502 2337 adeo
525 2274 619 2358 plura
643 2296 681 2337 ea
697 2273 814 2337 vocula
836 2274 888 2337 bis
910 2273 963 2336 vel
986 2276 1115 2358 saepius
1138 2273 1294 2359 adhibita,
1319 2296 1514 2359 quamquam

116 2378 215 2444 multo
240 2378 386 2443 crebrius
409 2379 504 2442 modo
521 2376 575 2444 καί
597 2379 693 2442 modo
709 2379 744 2444 τέ
766 2378 862 2444 modo
876 2377 941 2442 alia
964 2380 1146 2443 coniunctio
1169 2379 1297 2463 legitur,
1322 2379 1515 2464 compluries

116 2486 212 2549 etiam
237 2483 418 2567 asyndeton
441 2484 613 2546 invenitur.
647 2485 735 2545 cuius
756 2483 884 2565 generis
908 2484 1074 2546 enuntiata
1101 2504 1198 2567 saepe
1222 2506 1283 2547 non
1309 2492 1377 2546 arte
1402 2482 1538 2546 cohae.

117 2596 199 2670 rent,
227 2597 262 2650 ut
285 2586 446 2672 particula
468 2585 523 2652 uoci
546 2586 690 2670 singulae
715 2588 866 2650 orationis
890 2595 999 2672 partes
1022 2609 1085 2650 non
1108 2597 1174 2651 tam
1204 2589 1395 2673 copulentur
1418 2610 1515 2671 quam

117 2696 218 2758 oratio
246 2694 463 2774 continuetur,
487 2690 588 2755 veluti
611 2691 756 2773 Theogn.
778 2691 839 2754 661
859 2712 928 2775 sqq.
955 2690 1010 2757 aod
1037 2690 1155 2779 πρῆξαι
1182 2691 1291 2775 μέντοι
1317 2712 1368 2757 τι·
1398 2690 1452 2756 καὶ
1479 2693 1515 2756 έκ

115 2807 214 2863 κακοῦ
241 2796 363 2861 έσθλόν
390 2792 504 2879 έγεντο,
526 2793 604 2877 laod
629 2798 726 2860 κακόν
748 2794 783 2871 ἐξ
809 2798 953 2879 ἀγαθοῦ·
996 2792 1051 2860 καί
1072 2818 1107 2859 τε
1134 2798 1282 2879 πενιχρός
1308 2798 1384 2882 ἀνὴρ
1405 2801 1409 2875 l
1430 2787 1515 2881 αἶψα

116 2898 190 2986 μόλ’
202 2902 394 2988 ἐπλούτησε·
419 2899 474 2965 καὶ
496 2898 532 2978 ὃς
547 2901 632 2984 μάλα
648 2900 753 2965 πόλλα
769 2898 926 2978 πέπαται,
948 2900 951 2984 l
971 2894 1123 2986 ἐξαπίνης
1137 2894 1233 2964 πάντ)
1245 2898 1299 2965 οὖν
1314 2900 1412 2964 ὤλεσε
1427 2898 1515 2963 νυκτὶ

117 3014 184 3096 μιῇ.
218 3007 223 3090 Ι
252 3003 306 3071 καὶ
330 3010 467 3091 σώφρων
488 3008 617 3092 ἥμαρτε,
641 3003 695 3069 καὶ
716 3006 831 3091 ἄφρονι
854 3004 992 3069 πολλάκι
1016 3003 1094 3080 dota
1113 3008 1118 3086 l
1138 3002 1257 3069 ἕσπετο
1279 3002 1334 3068 καὶ
1356 3012 1447 3091 τιμῆς
1461 3001 1516 3068 καὶ

117 3114 214 3189 κακός
236 3112 279 3175 ὢν
302 3105 421 3190 ἔλαχεν.
468 3130 607 3193 quocum
629 3107 699 3172 loco
727 3108 767 3171 cf.
792 3108 872 3171 ibid.
890 3107 953 3171 909
969 3130 1050 3193 sqq,
1074 3108 1131 3171 ubi
1158 3109 1331 3171 enuntiatis
1358 3107 1515 3171 brevibus

117 3214 212 3279 modo
240 3211 400 3299 particula
426 3211 481 3278 καί
507 3213 603 3277 modo
632 3211 667 3278 όέ
695 3212 791 3276 modo
819 3212 906 3275 nullo
936 3212 1065 3276 vinculo
1092 3212 1237 3277 adhibito
1266 3213 1412 3276 condicio
1436 3214 1514 3293 eiua,

118 3322 182 3405 qui,
205 3328 311 3382 utram
337 3320 424 3381 vitae
450 3319 538 3381 viam
561 3317 772 3401 ingrediatur,
797 3316 965 3401 deliberat,
989 3318 1109 3380 vividis
1134 3317 1295 3382 coloribus
1319 3317 1514 3402 depingitur.

221 3422 265 3486 Ut
281 3424 344 3485 iam
361 3421 402 3485 ad
426 3419 602 3506 particulas
625 3419 786 3487 καὶ-κατ’
807 3421 1044 3507 (sowohl——als
1060 3421 1159 3508 auch)
1182 3421 1388 3498 accedamus,
1412 3422 1460 3484 his
1484 3431 1516 3484 et

119 3525 245 3611 singula
276 3525 378 3589 verba
409 3534 440 3587 et
471 3528 636 3590 enuntiata
665 3527 827 3589 rarissime
859 3527 1113 3610 coniunguntur,
1160 3528 1288 3589 variare
1319 3526 1405 3589 enim
1436 3524 1516 3589 solet

121 3632 221 3695 oratio
249 3632 303 3707 ita,
329 3639 364 3691 ut
386 3627 522 3692 voculae
546 3628 687 3695 τὲ-καί
709 3629 806 3714 longe
830 3620 894 3694 sint
915 3632 1151 3695 usitatissimae.
1197 3629 1344 3694 adverbii
1371 3631 1441 3693 loco
1463 3628 1518 3696 ani

119 3735 245 3822 (etiam)
268 3735 388 3819 passim
409 3731 528 3816 legitur
549 3755 655 3817 neque
679 3744 736 3815 est,
762 3756 819 3798 cur
842 3735 883 3798 de
906 3756 944 3797 eo
967 3757 1027 3798 usu
1049 3735 1153 3798 fusius
1176 3744 1300 3818 agatur,
1324 3735 1515 3820 praesertim

118 3862 192 3903 cum
216 3840 257 3903 de
287 3837 447 3924 particula
470 3836 589 3902 autad
612 3840 820 3923 participium
843 3841 875 3901 vi
905 3841 1094 3903 concessiva
1121 3841 1315 3903 instructum
1337 3840 1516 3903 accedente

118 3954 149 4009 et
173 3944 213 4006 de
236 3942 346 4006 verbis
369 3942 399 4007 εἰ
430 3940 484 4006 καί
513 3944 578 4005 iam
609 3942 670 4006 alio
701 3942 771 4006 loco
796 3945 980 4027 expositum
1012 3946 1061 4006 sit.
1109 3944 1186 4007 satis
1210 3946 1308 4026 igitur
1341 3944 1446 4008 habeo
1469 3965 1516 4006 re-

118 4047 227 4132 legare
258 4048 299 4110 ad
331 4048 389 4112 hos
419 4046 523 4111 locos:
556 4046 700 4131 Theogn.
726 4046 808 4111 1169
838 4046 894 4112 καὶ
925 4051 1028 4131 αὐτός,
1061 4047 1124 4112 Sol.
1146 4047 1176 4129 5,
1197 4048 1219 4110 4
1242 4058 1274 4111 et
1301 4048 1379 4111 ibid.
1407 4048 1456 4128 13,
1473 4047 1515 4111 58

118 4151 272 4232 καὶτοῖς,
304 4151 448 4235 Theogn.
473 4150 536 4213 599
562 4149 617 4215 καὶ
643 4150 729 4234 πρίν,
761 4151 838 4215 ibid.
861 4151 925 4215 853
955 4151 1009 4217 καὶ
1036 4154 1193 4237 πρόσθεν,
1225 4150 1287 4215 369
1312 4151 1397 4237 ὁμῶς
1423 4150 1516 4216 κακοὶ

117 4257 174 4343 ἠδὲ
207 4254 262 4321 καὶ
294 4253 410 4320 ἐσθλοί
440 4264 471 4317 et
501 4277 633 4318 monere
665 4279 684 4319 a
718 4258 840 4340 protasi
872 4258 1109 4320 enuntiatorum
1140 4256 1433 4340 comparativorum
1461 4250 1516 4320 ταί

120 4360 234 4423 abesse
258 4369 290 4423 et
317 4363 349 4422 in
378 4359 512 4443 apodosi
540 4359 607 4423 sola
634 4359 792 4441 adhiberi,
816 4360 918 4423 veluti
942 4360 1088 4444 Theogn.
1110 4360 1171 4424 357
1191 4383 1237 4446 sq.
1262 4362 1305 4439 ὡς
1332 4358 1368 4425 όέ
1394 4382 1454 4444 περ
1481 4357 1517 4434 ἐξ

225 4588 245 4651 1)
270 4586 309 4637 Of.
330 4586 392 4635 ibid.
413 4585 617 4655 3781υιαοιῇ
634 4590 718 4656 μοίρῃ
737 4586 785 4638 τόν
803 4603 831 4637 τε
851 4586 959 4637 δίκαιον
978 4584 1058 4652 ἔχειν.
