3392 5067
382 443 386 643 ἡ
539 502 627 566 Pers,
652 502 668 565 I
919 502 1009 566 Pers,
1032 502 1066 565 H
1162 454 1165 639 ἡ
1287 501 1377 565 Peru.
1401 500 1453 565 ΠΙ

179 733 368 817 Singnnm.
396 736 481 819 ἐγώ,
521 737 613 820 ἐγών
651 735 810 820 (Theogn.
839 742 896 817 οὐ,
920 738 994 823 τύνη

419 839 482 904 253
503 848 535 903 et
556 840 618 904 527
636 850 710 904 ante
723 845 811 927 voe.)

296 980 367 1043 gen.
396 962 494 1045 ἐμεῖο,
561 961 647 1045 ἐμέο,
710 965 811 1047 ἐμεῦ,
839 969 920 1028 σεῖο
935 961 1151 1047 (Τίεεοςο.’1),

420 1064 539 1150 (ἐμοῦ),
576 1065 704 1149 ἐμέθεν,
744 1077 811 1150 μεῦ,
861 1065 926 1147 σέο,
951 1076 1030 1147 σεῦ,
1054 1065 1151 1151 (σοῦ),

419 1171 494 1254 (μοῖ
535 1169 682 1254 Theogn.
714 1169 812 1256 1366)
862 1169 1151 1255 σέθενίΤίεεοςο.

864 1274 967 1354 1232),
996 1278 1082 1339 τεοῖο

304 1392 368 1456 dat.
396 1393 497 1478 ἐμοί,
521 1394 591 1479 μοί
840 1394 917 1475 σοί,
941 1395 1016 1474 τείν,
1040 1393 1102 1460 τοί
1180 1385 1237 1466 ἑοῖ,
1262 1388 1298 1451 οἱ

300 1536 368 1577 aee.
397 1514 477 1599 ἐμέ,
501 1515 546 1600 μέ
840 1515 883 1581 σε’
1179 1494 1540 1584 ἑέ,ῖ(801.13,27),μίν,

1201 1600 1264 1686 (νίν
1289 1602 1434 1685 Theogn.
1463 1600 1540 1685 364)

1165 951 1237 1056 leto,
1261 960 1305 1043 ἕο,
1328 958 1371 1042 εὗ,
1396 960 1473 1026 ἕθεν

179 1808 368 1873 Plu1·.n0m.
396 1813 517 1897 ἡμεῖς,
541 1813 643 1895 ὄίμμες
839 1814 958 1894 ὑμεῖς,
982 1814 1082 1895 ίίμμες
1165 1726 1168 1803 i

294 1952 367 2014 gen.
396 1930 522 2019 ἡμείων,
564 1931 690 2020 ἡμέων
732 1932 810 2018 (Sol.
839 1930 965 2017 ὑμείων,
991 1932 1094 2016 ὑμέων
1179 1930 1309 2020 σφείων,
1333 1932 1441 2020 σφέων

421 2036 471 2117 13,
498 2035 572 2120 721)
607 2047 640 2101 et
664 2036 810 2120 Theogn.

420 2139 483 2203 353
524 2139 579 2224 A),
711 2141 812 2228 (ἡμῶν

419 2243 564 2326 Theogn.
586 2243 650 2307 228
679 2254 710 2307 et
733 2243 811 2331 469)

304 2364 368 2428 dat.
396 2367 494 2451 ἡμῖν,
527 2361 616 2453 ἡμιν
651 2366 811 2451 (Theogn.
838 2370 935 2450 ὑμῖν,
958 2367 1086 2451 ilicum)
1179 2363 1334 2453 aetatu),
1359 2362 1479 2452 σφίίν)

419 2469 509 2554 235),
659 2470 809 2556 linum)

420 2573 577 2657 (Theogn.
601 2572 680 2648 418)
1163 2554 1167 2627 l

299 2715 368 2756 ²²⁰0·
396 2693 513 2781 ἡμέας
550 2693 950 2812 (Α105ἰ1.9,7),ἡὺμὲας,
1055 2696 1151 2780 ὔμμε
1179 2695 1288 2781 σφέας,
1330 2699 1424 2781 οφάς,
1470 2692 1542 2780 σφέ

420 2799 515 2886 (ἡμᾶς
541 2799 687 2883 Theogn.
703 2799 826 2904 1215))
863 2800 1022 2886 (Theogn.
1066 2798 1151 2862 1104
1201 2799 1360 2885 (Tlneogn.
1384 2797 1462 2882 552)

418 2904 517 2987 ὀίμμε
537 2902 697 2991 (Theogn.
713 2903 826 3018 1273)ἡ
862 2902 905 2989 A)

265 3110 320 3174 Ad
344 3131 439 3195 quem
462 3111 638 3176 formarum
660 3121 870 3197 conspectum
892 3134 998 3197 pauca
1020 3112 1207 3193 adnotanda
1230 3121 1313 3177 sunt.
1360 3134 1398 3176 uc
1420 3112 1561 3196 primum

162 3215 292 3299 quidem
320 3214 361 3277 de
389 3215 498 3278 dative
526 3216 697 3299 singularis
724 3237 881 3301 personae
908 3216 1041 3280 alterius
1069 3216 1164 3301 paulo
1191 3217 1293 3280 fusius
1317 3216 1480 3299 egendum
1503 3225 1560 3278 est.

163 3341 236 3382 eum
267 3320 353 3383 enim
384 3318 426 3382 ab
457 3322 579 3404 epieisf
599 3320 655 3385 ubi
686 3342 752 3384 vox
782 3322 950 3405 premitur,
982 3319 1035 3386 σοί
1065 3322 1297 3406 frequentetur,
1331 3318 1383 3386 τοί
1413 3320 1562 3383 enclitiee

162 3432 310 3507 ponatur,
330 3423 409 3508 quid
426 3423 466 3486 de
483 3424 602 3507 elegeis
619 3426 825 3489 statuendum
842 3427 892 3507 sit,
906 3426 1086 3489 videamus,
1103 3435 1201 3510 atque
1217 3425 1259 3490 ab
1275 3424 1324 3487 his
1341 3425 1443 3488 dativi
1458 3424 1562 3487 forma

160 3524 212 3591 τοί
231 3526 320 3590 haud
340 3526 445 3590 aliena
460 3536 517 3609 est,
539 3550 745 3613 quamquam,
761 3552 803 3593 ne
824 3550 899 3593 eum
919 3529 1079 3614 particula
1095 3528 1319 3593 confirmativa
1335 3528 1560 3607 confundatur,

163 3631 346 3694 cavendum
362 3643 419 3695 est.
444 3653 484 3694 en
502 3632 661 3717 exempla,
679 3654 762 3717 quae
779 3633 879 3697 dubia
895 3655 966 3695 esse
982 3656 1047 3696 non
1062 3642 1210 3718 possunt:
1228 3631 1306 3696 Call.
1324 3632 1353 3709 2,
1374 3633 1444 3718 lsq.
1458 3636 1561 3717 Σμυρ-

161 3731 268 3812 ναίους
284 3730 313 3800 (l’
321 3732 451 3822 ἐλέησον
468 3786 474 3799 .
492 3786 499 3800 .
517 3788 524 3800 .
546 3735 550 3821 Ι
570 3746 686 3822 μνῆσαι
699 3731 737 3816 ὁ),
755 3736 787 3801 εἴ
798 3736 873 3802 κοτέ
883 3761 933 3802 τοι
950 3735 1047 3824 μηρία
1062 3738 1142 3803 καλὰ
1157 3742 1244 3819 βοῶν
1261 3788 1313 3815 ...,
1328 3736 1473 3819 Theogn.
1487 3735 1560 3817 633,

162 3837 235 3921 656,
258 3838 351 3920 1319,
375 3839 418 3902 ad
439 3861 518 3925 quos
537 3840 623 3905 locos
644 3841 772 3904 aceedit
792 3841 866 3921 465,
890 3839 947 3903 ubi
966 3841 1064 3924 vulgo
1084 3839 1139 3906 καί
1154 3865 1207 3906 σοι
1221 3844 1262 3905 τὰ
1278 3838 1387 3906 δίκαια
1403 3834 1562 3928 φίλ’ἒστω

161 3940 287 4026 legitur,
312 3942 369 4005 sed
393 3965 435 4005 ex
459 3943 571 4007 codiee
587 3943 618 4006 A
640 3942 694 4008 τοί
715 3945 950 4008 restituendum
972 3966 1041 4009 esse
1063 3944 1198 4008 videtur.
1231 3956 1343 4009 eontra
1366 3944 1429 4008 655
1453 3946 1561 4008 neseio

163 4068 203 4109 an
221 4048 239 4129 ἡ
236 4047 306 4130 σὺν)
324 4044 378 4110 σοί
393 4045 439 4131 (Α
450 4049 515 4130 τοι)
536 4048 787 4132 praeferendum
808 4051 858 4111 sit.
888 4048 995 4111 multis
1016 4059 1125 4112 autem
1145 4048 1223 4112 loeis
1240 4048 1438 4131 Theognidis
1458 4048 1562 4112 forma

162 4150 312 4214 enelitiea
328 4173 347 4213 a
363 4149 469 4213 littere
485 4173 506 4216 σ
525 4153 682 4237 incipiens
699 4154 974 4237 praestantissimo
991 4174 1117 4238 quoque
1134 4152 1287 4216 codieeA
1304 4152 1451 4234 traditur,
1465 4175 1562 4237 quam

160 4275 240 4316 num
266 4255 336 4316 iure
359 4254 490 4318 Renner
519 4257 640 4340 ubique
670 4258 702 4319 in
733 4254 786 4322 τοί
816 4258 933 4319 mutari
965 4256 1112 4339 voluerit,
1150 4257 1271 4340 dubito,
1304 4279 1378 4320 cum
1409 4279 1561 4321 numerus

162 4380 272 4422 eorum
294 4358 446 4435 locorum,
471 4357 526 4422 ubi
546 4358 600 4425 σοί
619 4370 719 4441 extat,
743 4359 844 4424 altero
865 4363 967 4424 maior
987 4363 1028 4423 sit
1047 4383 1152 4446 neque
1174 4384 1271 4425 eausa
1292 4362 1392 4445 possit
1407 4361 1560 4445 intellegi,

163 4483 221 4525 eur
243 4461 402 4525 nonnullis
424 4463 503 4527 loeis
525 4462 576 4529 τοί
600 4473 774 4547 servatum,
799 4466 868 4528 aliis
891 4467 924 4527 in
947 4463 1000 4529 σοί
1019 4476 1178 4529 mutatum
1199 4468 1248 4529 sit.

267 4601 287 4664 ι)
307 4604 428 4669 Theogn.
441 4606 500 4667 228,
520 4606 565 4655 ubi
579 4605 684 4655 Solonis
696 4607 779 4656 verba
797 4622 852 4655 non
871 4607 929 4655 sine
942 4608 1023 4657 variis
1042 4609 1178 4673 scripturis
1197 4613 1363 4673 repetuntur,
1382 4615 1462 4674 ἡμῶν
1479 4617 1561 4659 extet.

1371 4694 1404 4744 8st
