3392 5067
116 244 157 316 12

115 442 219 506 simile
235 451 285 505 est
295 440 328 527 ¹),
352 438 436 525 Thy.
454 461 485 501 v.
503 437 596 517 347²)
613 434 797 501 sicadfert:
821 460 884 501 aon
899 461 978 500 auro
1000 437 1120 502 nitidae
1144 436 1255 515 trabes,
1280 462 1362 523 quae
1379 440 1413 503 id
1429 440 1515 525 quod

113 548 180 610 iam
203 567 302 630 supra
326 544 470 608 diximus
493 550 543 606 est
565 544 727 627 scriptura
749 564 814 607 rec.
832 542 872 607 A.
904 542 1042 624 accedit,
1066 542 1153 628 quod
1175 542 1252 608 folia
1266 546 1424 630 rescripta
1439 544 1515 610 Am-

114 648 275 733 brosiana,
298 670 381 733 quae
397 648 594 712 recensionis
610 646 779 711 deterioris
795 649 973 732 scripturas
988 646 1157 712 nonnullas
1173 646 1331 711 exhibent
1338 648 1374 735 ³),
1394 650 1517 714 saeo.V

113 778 145 841 p.
166 754 225 821 Oh.
248 757 369 840 scripta
391 774 461 816 esse
484 751 646 829 videntur,
675 752 762 838 quod
785 752 827 817 G.
849 750 1070 830 Studemund,
1095 755 1146 817 vir
1168 752 1282 817 talium
1303 774 1412 817 rerum
1434 756 1515 838 peri-

114 861 265 939 tissimus,
289 880 347 922 nos
370 856 523 941 edocet.4)
556 877 662 941 neque
684 856 781 941 plane
803 857 875 921 veri
898 855 1053 921 dissimile
1076 865 1134 939 est,
1158 856 1246 943 quod
1267 856 1419 943 Peiperl)
1443 879 1514 922 con-

115 964 230 1045 tendit,
255 962 378 1044 Boetio,
403 983 477 1025 cnm
500 960 578 1046 phil.
604 983 691 1026 cons.
715 960 825 1025 11112
845 960 935 1024 aas
959 961 1046 1047 deflet
1067 960 1212 1025 Taenaro
1234 983 1418 1026 commovens
1441 965 1516 1027 scri-

113 1067 214 1147 beret,
246 1068 325 1132 Her.
349 1065 389 1130 0.
413 1087 527 1129 versus
553 1064 638 1128 1064
647 1086 694 1150 sq.
727 1064 918 1129 obversatus
949 1085 1019 1128 esse
1050 1065 1097 1128 sic
1128 1067 1275 1150 scriptos,
1298 1066 1390 1129 utin
1413 1065 1514 1129 Aex-

114 1181 201 1236 tant:
247 1181 343 1234 cantu
370 1168 508 1231 Tartaro
526 1168 630 1255 flebili
655 1179 684 1232 et
711 1172 811 1233 tristes
838 1168 935 1232 Erebi
960 1168 1032 1232 deos
1057 1170 1151 1232 movit
1178 1168 1225 1254 (E
1245 1170 1347 1234 ‘vidit’
1371 1168 1514 1252 exhibet,

114 1276 201 1363 quod
228 1275 334 1339 Bothe
360 1275 394 1339 iu
417 1274 515 1337 ‘vicit'
540 1272 706 1359 correxit).
752 1282 866 1338 contra
893 1276 927 1337 in
949 1294 997 1354 eo,
1025 1271 1113 1358 quod
1135 1272 1304 1337 Ennodius
1332 1276 1366 1337 in
1389 1274 1514 1359 apolog.

113 1403 171 1466 pro
195 1378 318 1465 synodo
342 1377 430 1441 Med.
455 1400 487 1441 v.
513 1376 587 1459 459,
620 1378 724 1463 qualis
750 1379 784 1441 in
808 1378 838 1439 A
868 1379 1007 1464 scriptus
1035 1386 1094 1461 est,
1122 1377 1246 1449 adfert:
1277 1378 1364 1441 oculi
1388 1378 1515 1441 exilium

113 1486 248 1569 imperas
263 1505 318 1547 nec
334 1483 391 1546 dos
414 1481 516 1567 (‘exul
537 1481 680 1546 exilium’
697 1480 753 1567 E),
777 1491 902 1545 certum
925 1481 1080 1546 indicium
1102 1483 1208 1545 inesse
1231 1504 1315 1566 nego
1329 1482 1515 1547 Ennodium

113 1588 200 1652 hunc
219 1610 350 1652 versum
371 1589 405 1651 in
427 1584 509 1650 libro
532 1585 776 1650 recensionisA
798 1585 924 1671 legisse,
948 1585 982 1650 id
1006 1585 1093 1671 quod
1116 1586 1244 1651 Usener
1267 1587 1435 1673 censuitss),
1459 1589 1515 1674 qui

114 1691 323 1757 scribendum
345 1712 415 1755 esse
439 1690 590 1755 coniecit:
615 1692 688 1775 ‘quo
710 1711 764 1753 me
786 1692 923 1753 remittis
947 1689 1097 1754 exulem?
1136 1691 1269 1755 exilium
1290 1692 1431 1777 imperas
1453 1713 1515 1755 nec

114 1796 193 1862 das.'
232 1818 307 1859 nam
334 1794 465 1859 Etrusci
493 1794 653 1879 scriptura
680 1815 769 1858 mero
796 1794 920 1858 librarii
947 1795 1048 1858 errori
1074 1793 1250 1858 tribuenda
1276 1816 1347 1859 esse
1373 1795 1513 1860 videtur.

114 1922 310 1986 quamquam
338 1900 424 1962 enim
452 1898 505 1961 hic
531 1897 615 1962 liber
641 1900 756 1962 unicus
783 1896 888 1962 bonus
916 1907 965 1961 est
991 1899 1076 1963 inter
1103 1897 1247 1963 Senecae
1274 1899 1514 1982 tragoediarum

114 2005 251 2089 codices,
275 2015 384 2069 tamen
405 2005 438 2067 in
462 2024 498 2066 eo
522 2006 613 2066 utin
637 2002 786 2067 omnibus
808 2002 899 2067 libris
922 2025 1021 2067 manu
1048 2004 1176 2089 scriptis
1200 2013 1251 2067 sat
1272 2003 1373 2068 multa
1396 2004 1514 2069 menda

114 2108 245 2173 obviam
273 2108 369 2191 fiunt3
403 2106 555 2171 lineolam
585 2128 663 2171 sane
693 2106 843 2171 librarius
873 2106 968 2171 facile
998 2108 1145 2171 omittere
1168 2105 1312 2193 potuit.⁷)
1357 2108 1414 2171 sed
1442 2116 1516 2172 utut

113 2235 164 2277 res
192 2236 226 2277 se
257 2211 364 2293 habet,
395 2210 430 2275 id
452 2210 585 2295 quidem
609 2221 732 2275 certum
757 2219 805 2275 est
827 2212 1050 2275 recensionem
1072 2211 1102 2272 A
1129 2212 1195 2275 iam
1221 2213 1313 2276 initio
1341 2212 1462 2277 saeculi
1484 2212 1515 2276 V

114 2318 259 2380 extitisse
283 2324 381 2400 atque
403 2315 577 2380 Octaviam
604 2337 644 2379 ea
670 2324 776 2380 aetate
799 2316 832 2377 in
862 2335 979 2400 corpus
1002 2314 1263 2397 traegoediarum
1291 2314 1435 2381 Senecae
1465 2339 1513 2381 re·

113 2429 242 2505 ceptam
265 2442 335 2485 esse
357 2418 410 2483 vel
432 2421 498 2483 iam
519 2429 686 2505 receptam
708 2418 816 2482 fuisse.
1274 2435 1277 2441 ’

217 2523 283 2590 Sed
306 2526 369 2589 iam
393 2523 433 2587 de
453 2522 601 2587 Richteri
624 2522 839 2607 commento⁸)
863 2521 965 2587 verba
987 2522 1156 2606 faciamus,
1180 2524 1235 2608 qui
1250 2522 1424 2589 Octaviam
1447 2548 1516 2591 sae·

114 2629 185 2695 eulo
208 2628 277 2693 IIII
305 2630 524 2714 conscriptam
548 2649 619 2691 esse
635 2630 802 2714 opinatur.
837 2635 870 2690 et
893 2628 1109 2715 suspicionem
1132 2627 1194 2692 sibi
1217 2637 1320 2692 ortam
1343 2650 1414 2692 esse
1437 2630 1517 2694 dicit

113 2733 293 2798 abeodem
320 2732 449 2796 homine
476 2741 508 2795 et
530 2730 702 2796 Octaviam
725 2733 944 2816 ¹compositam
970 2741 1006 2806 et
1029 2733 1252 2796 recensionem
1274 2731 1304 2795 A
1328 2730 1511 2798 confectam

114 2860 194 2921 esse,
219 2838 285 2924 qui,
310 2836 388 2901 dum
412 2859 492 2922 opus
515 2857 609 2901 suum
632 2837 694 2900 viri
723 2835 892 2900 clarissimi
918 2836 1109 2901 auctoritate
1135 2838 1219 2899 tueri
1246 2836 1403 2918 studeret,
1431 2838 1515 2902 inter

113 2945 182 3008 eius
206 2965 305 3029 opera
327 2942 381 3005 vel
404 2963 488 3028 quae
515 2943 584 3005 eius
607 2963 678 3006 esse
702 2940 894 3005 credidisset
925 2963 1020 3007 suum
1041 2942 1278 3027 interposuerit.
1323 2950 1516 3025 argumenta

219 3153 240 3218 1)
260 3152 299 3203 Of.
319 3151 527 3202 Habruckerum
550 3168 576 3217 p.
595 3151 623 3200 8:
649 3150 831 3201 ‘Lactantium
850 3157 940 3201 autem
962 3152 1005 3201 sin
1028 3152 1117 3200 minus
1134 3150 1284 3216 aequalem,
1302 3157 1331 3202 at
1348 3157 1422 3201 certe
1440 3151 1514 3202 haud

115 3238 229 3289 multum
248 3244 337 3289 aetate
355 3239 485 3289 minorem
506 3237 600 3287 Servio
624 3237 706 3287 fuisse
728 3239 827 3287 scimus
851 3236 893 3303 (Α.
912 3237 1044 3303 Schottky
1061 3238 1105 3287 ‘de
1123 3239 1208 3303 pretio
1226 3240 1362 3288 Lactantii
1381 3254 1514 3289 commen·

112 3328 174 3375 tarii
196 3328 225 3375 in
249 3326 316 3376 Stat.
334 3324 417 3375 Theb.
437 3329 465 3373 et
488 3324 521 3373 de
544 3325 653 3374 nomine
677 3324 737 3373 ete'
773 3324 834 3373 diss.
854 3325 945 3389 inaug.
964 3323 1107 3375 Vratislav.
1127 3339 1151 3373 a.
1172 3326 1237 3374 1842
1256 3325 1297 3375 ed.
1316 3342 1342 3390 p.
1359 3326 1414 3388 39).
1450 3340 1513 3374 cum

113 3428 176 3463 vero
196 3413 305 3463 Servius
324 3415 441 3462 exeunte
460 3426 529 3461 saec.
549 3412 621 3474 1111,
640 3412 753 3460 ineunte
770 3410 802 3459 V.
818 3448 823 3459 .
838 3448 843 3460 .
858 3449 864 3460 .
877 3411 974 3460 vixerit
987 3448 992 3460 .
1007 3448 1013 3460 .
1028 3411 1219 3461 Laetantium
1237 3413 1309 3461 intra
1326 3426 1411 3461 annos
1429 3414 1513 3461 390-

113 3500 303 3550 430=floruisse
322 3499 380 3547 veri
399 3497 487 3547 simile
505 3498 563 3548 est’

217 3586 239 3653 ²)
258 3586 299 3635 Ad
318 3585 397 3635 Statii
415 3585 560 3635 Thebaidis
578 3584 692 3635 111530.

218 3674 240 3739 ³)
261 3673 301 3723 cf.
315 3672 493 3723 Studemundi
505 3672 588 3722 verba
606 3673 634 3721 in
647 3672 748 3721 Leonis
761 3672 801 3723 ed.
815 3689 839 3723 v.
853 3672 880 3722 II
892 3689 918 3738 p.
932 3672 1049 3722 XXVIII
1067 3670 1178 3738 prolata,
1197 3688 1267 3738 quae
1285 3687 1311 3739 p.
1324 3675 1339 3722 2
1358 3670 1511 3723 adtulimus.

217 3761 239 3824 ¹¹)
260 3760 299 3810 cf.
320 3775 390 3825 quae
408 3759 576 3809 Studemund
594 3761 623 3810 in
641 3760 740 3809 Leonis
759 3759 799 3809 ed.
813 3776 838 3809 v.
852 3760 915 3825 Hp.
929 3760 1007 3810 XVII
1025 3760 1140 3829 profert.¹

217 3847 238 3913 5)
257 3848 289 3897 In
308 3848 397 3897 Boetii
416 3848 534 3897 editione
551 3863 577 3912 p.
591 3849 656 3910 2313
675 3848 817 3911 Peiperum
837 3847 997 3897 Habruoker
1015 3846 1032 3897 l.
1046 3864 1068 3898 c.
1087 3850 1142 3913 pi
1161 3852 1269 3899 secutus
1288 3853 1336 3899 est.

218 3934 240 4000 6)
260 3935 300 3984 of.
319 3936 387 3984 Mus.
407 3934 493 3985 Rhen.
512 3938 531 3985 t.
544 3934 662 3984 XXVIII
680 3936 739 3984 391.
1060 3923 1063 3928 ¹

216 4022 238 4087 ⁷)
257 4021 383 4072 Ceterum
403 4022 475 4087 quod
492 4022 527 4071 ad
544 4022 624 4071 huius
636 4036 731 4071 versus
749 4022 904 4087 scripturam
919 4023 1031 4085 adtinet,
1049 4023 1107 4072 iure
1124 4021 1239 4073 editores
1257 4023 1423 4087 scripturam,
1442 4036 1513 4087 quae

111 4114 139 4161 in
158 4109 181 4159 A
201 4115 283 4172 extat,
306 4110 448 4159 retinuisse
468 4109 534 4158 mihi
550 4108 685 4159 videntur.
726 4110 864 4174 aptissime
883 4111 955 4159 enim
974 4109 1042 4159 haec
1058 4108 1156 4158 Medea
1177 4109 1212 4159 ad
1234 4110 1357 4159 Iasonem
1379 4109 1511 4174 loquitur:

112 4203 203 4247 monet
222 4212 284 4246 eum
306 4211 335 4245 se
354 4196 411 4245 eius
435 4210 517 4245 causa
539 4198 652 4261 patriam
671 4194 821 4261 reliquisse.
857 4195 927 4245 adde
946 4194 1017 4260 quod
1034 4196 1064 4244 in
1081 4195 1123 4245 his
1141 4196 1230 4246 verbis
1247 4196 1337 4261 gravis
1355 4194 1449 4261 figura,
1468 4196 1512 4247 de·

112 4284 237 4346 dinatio,
260 4285 343 4345 inest,
366 4282 399 4333 de
422 4297 476 4348 qua
498 4282 560 4332 vide
583 4297 653 4347 quae
675 4283 767 4343 Quint.
786 4281 866 4332 VIIII
888 4284 912 4343 3,
931 4284 965 4329 42
989 4282 1121 4346 exposuit.
1156 4288 1198 4331 sat
1219 4282 1305 4331 multa
1328 4283 1386 4332 eius
1410 4282 1512 4348 figurae

112 4370 235 4435 exempla
254 4385 287 4419 ex
310 4369 370 4419 Seu.
390 4375 458 4435 trag.
478 4370 562 4434 petita
580 4369 611 4418 R.
630 4368 716 4419 Smith
735 4367 869 4433 congessit
891 4371 919 4417 in
938 4369 999 4418 diss.
1019 4368 1061 4418 ‘de
1083 4373 1141 4419 arte
1163 4370 1299 4419 rhetorica
1316 4370 1344 4417 in
1363 4369 1425 4419 Son.
1444 4375 1512 4438 trag,

112 4458 264 4523 conspicua'
285 4456 404 4524 (Lipsiae
420 4458 498 4522 1885)
516 4474 541 4522 p.
555 4457 596 4506 87.
629 4471 697 4521 quae
717 4457 806 4505 omnia
825 4461 998 4518 evanescunt,
1016 4458 1039 4505 si
1057 4471 1118 4506 cum
1137 4457 1259 4507 Usenero
1278 4457 1403 4509 facimus:
1422 4472 1512 4522 neque

111 4548 192 4599 huius
211 4546 366 4595 coniectura
383 4549 492 4609 recepta
510 4542 605 4592 melior
624 4543 715 4592 evadit
734 4544 876 4593 sententia.
953 4608 958 4617 Ι

215 4631 238 4700 ⁸)
257 4630 297 4681 ef.
317 4632 357 4682 ed.
378 4631 439 4681 Son.
458 4631 542 4696 praef.
561 4646 586 4695 p.
599 4629 697 4695 XIIsq.
