3392 5067
1467 238 1510 302 23

111 429 256 513 111111)
294 430 411 515 quodsi
432 431 466 494 11
489 429 562 495 Oct.
582 430 643 495 168
667 430 876 511 Britannicus
903 430 1041 493 columen
1064 440 1217 513 aupmroo
1240 429 1349 516 domus
1370 430 1511 494 nomina-

111 542 176 619 tur,
200 556 263 599 non
287 543 368 613 erat,
392 557 450 599 cur
472 534 584 599 Brauu
606 534 650 599 ad
669 536 775 601 Taciti
797 533 901 599 verba
926 534 1011 598 Anu.
1029 533 1113 598 XIII
1130 532 1170 596 16
1193 532 1304 618 quippe
1325 532 1511 619 1161111111-

111 660 199 701 mmm
222 639 379 703 auxilium
402 650 541 723 ereptum
564 650 592 703 et
615 639 788 725 parricidii
808 639 978 725 coemptum
1000 638 1193 724 iutellepobat
1220 636 1429 723 (Agrippina)
1454 659 1512 702 nos

110 743 286 828 relegerem
313 766 390 808 nam
412 744 494 809 haec
518 766 649 830 prorsus
673 744 736 809 elio
759 766 855 809 sensu
878 743 919 808 de
943 742 1128 828 Agrippina
1151 741 1344 806 dictasunt.

216 847 290 913 Oct.
310 847 371 911 183
385 871 454 934 sqq.
478 851 590 913 nutrix
613 848 787 913 Octaviam
815 847 999 912 consolatur
1021 845 1133 932 populi
1156 846 1302 909 favorem
1329 845 1510 909 ostendens.

111 952 192 1016 dicit
208 953 308 1017 enim:
332 952 486 1034 confirmet
507 954 643 1016 amimam
658 954 769 1017 cloiam
784 962 893 1016 tantus
908 951 1010 1037 favor
1030 950 1035 1036 Ι
1055 949 1154 1033 loca:
1171 950 1291 1023 solatur
1305 950 1369 1012 ista
1392 960 1510 1028 mostra,

109 1080 172 1120 moa
189 1058 305 1121 relevat
319 1057 435 1142 mala),
454 1057 458 1143 l
475 1059 520 1121 m’e
535 1080 651 1143 mappa
662 1057 774 1142 populi
788 1067 832 1120 est
850 1056 950 1142 (Octa
964 1056 1116 1140 principis
1132 1054 1233 1117 maior
1247 1054 1377 1139 tamea),
1394 1057 1400 1138 1
1418 1057 1511 1139 raupi-

109 1160 168 1224 ciet
190 1162 255 1247 ipso
277 1162 436 1247 ooaiupem
463 1161 567 1247 (Octz
585 1162 702 1247 paelex
728 1160 835 1246 cetat).
883 1159 1078 1246 quibuscum
1099 1157 1250 1223 versibus
1272 1158 1384 1223 Braun
1407 1158 1513 1223 Taciti

109 1265 224 1348 verba,
248 1287 331 1351 quae
354 1265 440 1331 Anu.
461 1266 564 1330 XIIII
580 1266 622 1330 60
644 1266 806 1349 leguntur,
831 1266 1013 1349 comparari
1035 1263 1140 1328 iubet:
1174 1262 1247 1327 iudo
1269 1262 1369 1326 crebri
1389 1272 1513 1347 questus

109 1392 206 1454 noque
229 1370 342 1433 occulti
368 1393 426 1455 per
448 1371 582 1457 eulpam,
610 1372 660 1435 oui
680 1372 781 1433 minor
805 1367 962 1453 sapientia
987 1367 1043 1454 lot>
1065 1390 1103 1431 om
1125 1366 1336 1431 mediocritate
1354 1367 1512 1453 fortunae

106 1475 264 1559 pauciora
288 1476 431 1557 pericula
458 1485 541 1538 suut.
586 1476 634 1538 luis
657 1475 673 1513 ⁹⁵
695 1474 713 1512 '¹‘
737 1474 754 1512 ’¹‘
778 1484 935 1557 tamquam
965 1472 1051 1535 Nero
1071 1472 1271 1557 paenitentia
1291 1470 1415 1562 flaqitii
1439 1494 1511 1534 cou-

108 1581 210 1665 iupam
236 1582 389 1643 revocarit
416 1577 615 1664 Ootumomfl)
661 1601 739 1643 saue
768 1577 908 1642 conferri
936 1586 1081 1662 possunt·
1096 1575 1130 1639 hi
1157 1575 1219 1639 loci
1246 1576 1330 1638 inter
1354 1596 1406 1657 se,
1436 1576 1513 1661 quia

109 1706 154 1747 ex
168 1682 284 1747 Tacito
308 1680 432 1747 clarum
455 1682 491 1747 fit
507 1681 664 1747 Octaviae
689 1684 879 1767 scriptorem
901 1703 953 1745 res
976 1689 1085 1763 gestas
1108 1687 1157 1744 sat
1179 1678 1262 1743 bene
1285 1681 1427 1761 novisse,
1451 1701 1513 1742 uec

108 1798 220 1853 tamen
247 1790 422 1873 qumquam
448 1788 587 1871 amplius
618 1787 680 1851 hae
711 1786 884 1852 collatione
909 1786 1083 1850 lucramur.
1136 1783 1252 1869 quodsi
1279 1783 1390 1847 Braun
1420 1791 1513 1867 putat

109 1892 271 1957 Octaviae
302 1892 406 1957 verba
439 1892 567 1978 ‘paelex
594 1892 692 1955 vetat'
723 1890 945 1955 demonstrare
980 1899 1110 1974 poetam
1142 1910 1181 1952 ea
1211 1909 1293 1973 quae
1320 1887 1409 1973 apud
1432 1888 1511 1958 Tac.

108 1996 199 2061 Anu.
227 1996 330 2060 XIIII
350 1996 389 2059 61
423 1996 589 2081 leguntur,
619 1996 692 2059 dico
715 1996 889 2081 Poppaeae
916 1993 1028 2075 verba,
1056 1994 1250 2079 respexisse,
1279 1990 1375 2056 valde
1403 2014 1512 2055 errare

108 2101 190 2164 mihi
212 2100 350 2164 videtur.
395 2122 471 2164 uam
495 2101 634 2185 primum
658 2099 794 2164 dubium
818 2109 877 2181 est,
905 2119 983 2161 uum
1006 2098 1154 2183 scriptor,
1182 2098 1237 2181 qui
1261 2095 1434 2161 Octaviam
1456 2118 1511 2159 nu·

108 2207 201 2269 tricis
224 2206 349 2270 verbis:
373 2206 540 2290 ‘respiciet
559 2206 630 2289 ipse
654 2203 834 2287 coniugem'
858 2202 1109 2287 respondentem
1133 2200 1226 2265 fecit:
1249 2200 1378 2286 ‘paelex
1400 2200 1511 2283 vetat',

109 2312 243 2374 omnino
266 2310 308 2373 de
331 2310 428 2373 certis
451 2296 647 2393 quibusdam
670 2308 779 2372 verbis
802 2308 977 2392 Poppaeae
1002 2307 1200 2389 cogitaverit.
1248 2314 1281 2368 et
1307 2307 1334 2368 si
1357 2306 1512 2368 sumimus

109 2415 153 2478 de
177 2414 288 2478 verbis
310 2414 485 2498 Poppaeae
513 2412 724 2497 cogitandum
747 2433 827 2493 esse,
856 2414 937 2498 quis,
966 2432 1096 2496 quaeso,
1126 2432 1200 2473 cum
1222 2409 1365 2474 Braunio
1393 2416 1512 2471 statuet

109 2541 188 2583 eum
210 2519 383 2604 Poppaeae
413 2520 607 2600 orationem,
638 2538 736 2602 quam
766 2516 854 2603 apud
882 2516 1032 2580 Tacitum
1061 2515 1207 2599 legimus,
1238 2513 1433 2598 respexisse.
1478 2511 1513 2575 id

109 2626 199 2689 enim
226 2645 285 2709 per
311 2644 346 2687 se
368 2623 590 2707 unusquisque
612 2644 721 2686 rerum
748 2623 871 2705 peritus
894 2622 978 2684 scire
1004 2621 1109 2705 potuit
1130 2618 1294 2683 Neronem
1316 2640 1336 2679 a
1357 2617 1513 2701 Poppaea

109 2727 223 2793 verbis
239 2749 367 2813 quoque
384 2728 552 2792 incitatum
567 2748 648 2790 esse.
672 2725 730 2790 sed
743 2714 851 2790 Taciti
865 2724 918 2789 ille
934 2724 1025 2790 locus
1038 2745 1101 2787 non
1114 2723 1217 2787 solum
1232 2744 1297 2786 nou
1313 2722 1513 2785 demonstrat

110 2833 274 2898 Octaviae
297 2833 489 2917 scriptorem
514 2853 556 2894 ex
577 2830 691 2894 Tacito
720 2852 777 2894 sua
801 2830 1031 2914 desumpsisse,
1059 2830 1157 2891 immo
1180 2828 1376 2890 contrarium
1398 2847 1513 2888 verum

110 2960 186 3001 esse
209 2936 360 3001 ostendit.
406 2936 587 3000 rectissime
611 2937 706 3015 enim,
730 2936 868 2998 nisime
891 2934 1000 2997 omnia
1021 2932 1145 3012 fallunt,
1168 2933 1233 2995 iam
1254 2929 1391 3012 Ritter3)
1415 2950 1512 3011 nega-

108 3044 160 3106 vit
185 3041 341 3106 credibile
370 3062 440 3104 esse
464 3062 548 3121 eum,
577 3042 603 3103 si
626 3039 776 3103 Tacitum
803 3037 997 3102 imitandum
1020 3036 1082 3100 sibi
1109 3037 1307 3120 sumpsisset,
1337 3033 1513 3097 orationem

108 3146 201 3210 illam
229 3147 471 3229 gravissimam,
499 3167 564 3229 qua
591 3142 680 3228 apud
702 3142 853 3206 Tacitum
876 3143 1031 3227 Poppaea
1056 3140 1195 3204 Neronis
1222 3140 1304 3201 iram
1332 3146 1364 3200 et
1390 3145 1513 3200 metum

110 3247 281 3314 stimulare
297 3258 443 3331 conatur,
467 3247 692 3331 neglecturum
714 3269 818 3331 neque
838 3248 872 3309 in
887 3268 982 3311 usum
1005 3267 1098 3308 suum
1114 3264 1345 3307 conversurum
1367 3240 1512 3325 suissed)

108 3376 190 3419 nam
213 3355 317 3438 ipsam
339 3354 528 3438 Poppaeam
551 3351 628 3415 talia
651 3351 814 3415 dicentem
837 3352 957 3435 optime
980 3349 1135 3413 inducere
1159 3355 1318 3433 potuerat.

221 3494 241 3560 ¹)
261 3494 358 3545 Varios
377 3494 448 3543 eninr
468 3506 589 3541 rumores
606 3492 689 3541 fuisse
708 3507 741 3541 ex
760 3490 889 3541 Suetonio
909 3495 1021 3552 constat,
1045 3491 1091 3555 qni
1109 3488 1203 3538 Claud.
1222 3489 1256 3535 44
1279 3486 1347 3535 haec
1365 3485 1457 3535 tradit:
1478 3487 1514 3533 ‘et

107 3598 219 3633 veneno
233 3582 341 3647 quIdem
360 3583 476 3630 occisum
491 3580 630 3629 convenit:
649 3580 695 3627 ubi
714 3584 803 3628 antem
823 3583 851 3627 et
868 3594 916 3643 per
935 3593 1014 3641 quem
1033 3577 1105 3639 dato,
1118 3577 1260 3640 discrepat.
1279 3573 1387 3638 qnidam
1405 3572 1515 3621 tradunt

107 3670 237 3738 epulanti
255 3671 284 3718 in
304 3683 365 3718 aree
383 3667 567 3717 sacerdotibus
585 3681 631 3731 per
644 3666 775 3715 Halotum
795 3666 941 3729 spadonem
959 3670 1202 3730 praegustatorem
1220 3661 1267 3711 alii
1286 3661 1432 3710 domestIco
1452 3675 1513 3708 con·

105 3760 186 3809 vivio
200 3772 247 3822 per
265 3758 351 3820 ipsam
361 3754 546 3819 Agrippinam,
565 3768 634 3818 quae
647 3752 767 3802 boletum
780 3752 941 3801 medicatum
955 3752 1108 3801 avidissimo
1122 3750 1242 3799 ciborum
1261 3748 1357 3797 talium
1370 3747 1513 3796 obtulerat.

106 3848 196 3897 etiam
215 3843 249 3892 de
272 3841 498 3906 subsequentibus
517 3841 622 3890 diversa
644 3840 716 3889 fama
734 3844 782 3890 est.
801 3840 857 3889 ...'
886 3839 958 3904 apud
975 3840 1101 3888 Tacitum
1119 3852 1166 3902 per
1184 3839 1414 3901 praegustatorem
1433 3848 1514 3883 vene·

105 3948 179 3983 num
192 3930 279 3990 datur,
297 3930 331 3979 cf.
344 3928 413 3977 Ann.
428 3928 481 3977 XII
494 3929 527 3977 66
545 3928 678 3991 ‘paratum
690 3928 772 3991 virus,
792 3927 868 3975 cuius
879 3927 1000 3975 minister
1013 3964 1018 3975 .
1033 3964 1038 3974 .
1054 3926 1077 3986 .',
1096 3924 1168 3989 apud
1186 3923 1302 3971 Dionem
1321 3921 1349 3969 id
1369 3922 1515 3985 Agrippina

3 4042 5 4051 .
104 4023 171 4085 ipsa
191 4016 244 4078 dat,
262 4016 295 4066 cf.
315 4016 365 4064 LX
377 4017 486 4077 34,2at
498 4018 521 4063 3.
551 4027 621 4077 quae
639 4012 818 4076 discrepantia
836 4013 963 4061 notabilis
975 4012 1089 4061 videtur.
1115 4026 1175 4059 eum
1189 4010 1277 4058 Dione
1296 4009 1431 4057 consentit
1442 4008 1513 4056 Plin.

105 4106 142 4156 N.
165 4104 202 4153 H.
222 4102 301 4153 XXII
314 4104 347 4151 22
362 4101 427 4166 (46),
446 4102 488 4150 92.
508 4106 627 4150 ceterum
646 4099 678 4148 cf.
692 4100 743 4149 Ios.
756 4099 798 4148 Fl.
811 4098 872 4148 Ant.
891 4099 949 4148 Iud.
962 4100 1013 4147 XX
1031 4100 1099 4161 8,1;
1117 4098 1176 4146 Iuv.
1195 4101 1244 4145 sat.
1262 4095 1286 4144 V
1301 4095 1359 4156 141,
1378 4094 1416 4142 VI
1434 4096 1493 4143 620.

221 4190 241 4253 ²)
259 4190 349 4239 Locus
367 4190 395 4237 in
415 4188 471 4238 cod.
492 4193 630 4253 corruptus
648 4186 749 4251 iegitur
768 4201 857 4251 nequa
875 4202 960 4251 usqua
978 4186 1012 4235 ad
1030 4185 1081 4235 hoc
1099 4190 1204 4249 tempus
1223 4188 1333 4232 sanatus
1351 4186 1399 4231 est.

220 4276 231 4310 ³
260 4276 299 4326 of.
340 4314 345 4324 .
360 4276 445 4325 VIIII.

220 4276 363 4429 *1111ᾰὲ11
387 4367 510 4428 spectant
533 4362 641 4411 Meiseri
663 4360 746 4410 verba
767 4375 792 4425 p.
807 4362 839 4409 14
862 4358 981 4425 prolata:
1005 4359 1084 4407 ‘Keiu
1103 4356 1294 4408 dramatischer
1315 4354 1436 4415 Dichter,
1459 4353 1515 4402 und

3 4518 5 4523 .
106 4457 185 4503 wttre
204 4464 235 4501 er
254 4450 300 4500 der
319 4454 422 4515 groseto
432 4449 564 4514 Stiimper‚
584 4449 630 4498 der
649 4448 692 4497 die
711 4446 895 4496 meisterhafte
913 4444 1127 4495 Charakteristik
1144 4445 1189 4495 bei
1207 4445 1318 4493 Tacitus
1335 4440 1445 4506 gelesen
1459 4478 1464 4489 .
1478 4477 1484 4488 .
1500 4478 1515 4502 .,

106 4542 218 4591 konnte
238 4537 324 4587 dieses
342 4537 483 4587 wirksame
494 4536 580 4586 Motiv
598 4552 627 4588 so
645 4534 811 4585 uubeachtat
828 4532 1005 4600 lassenfflhoc
1023 4549 1107 4583 unum
1126 4534 1149 4582 is
1166 4536 1259 4582 contra
1272 4529 1418 4580 Braunium
1436 4542 1515 4592 argu·

108 4631 237 4678 mentum
255 4624 374 4690 protulit.
