3392 5067
1430 229 1493 296 155

96 434 137 496 τὸ
160 431 279 515 ούνομο
300 438 395 494 τοῦτο
411 479 418 493 .
433 478 461 494 ..
479 426 603 507 δίκαιός
623 428 694 492 ἐστι
716 426 876 513 φέρεσθαι
899 427 956 514 (cf.
980 426 1058 491 Tac.
1083 424 1166 489 Hist.
1184 425 1200 489 I
1216 424 1256 488 29
1280 425 1367 511 quod
1390 447 1493 510 aeque

97 534 186 621 apud
213 534 314 599 bonos
341 535 493 597 miserum
517 531 591 619 est),
621 533 655 596 id
683 555 702 595 a
729 542 898 617 poetarum
928 533 1146 617 elegiacorum
1174 552 1235 594 usu
1265 528 1405 594 alienum
1435 539 1493 594 est.
1534 629 1535 632 Ἴ

201 656 284 720 Item
312 655 446 724 liberius
473 655 681 740 participium
709 654 853 739 Theogn.
882 654 1020 738 1059sq.
1050 651 1224 718 adhibetur
1249 652 1377 717 πολλῶν
1403 652 1494 738 ὀργὴν

96 763 283 849 ἀπάτερθεν
304 761 419 846 ὁρῶντι
438 759 443 845 Ι
462 762 644 844 γιγνώσκειν
665 759 806 841 χαλεπόν
828 770 860 824 et
881 759 944 824 955
965 759 1087 837 δειλούς
1107 755 1141 823 ed
1163 755 1287 840 ἕρύοντι
1315 756 1378 823 δύο)
1402 759 1493 836 κακά,

96 863 215 951 quibus
240 862 321 928 locis
347 886 478 950 prorsus
504 863 739 948 respondentes
767 865 856 950 apud
878 863 1058 928 Homerum
1080 884 1144 926 non
1167 862 1385 943 inveniuntur,
1409 882 1493 941 cum,

95 969 124 1033 si
154 968 283 1034 dativus
317 969 493 1054 participii,
527 967 562 1032 id
594 967 680 1054 quod
709 990 782 1033 raro
814 969 864 1050 fit,
900 967 995 1033 simili
1025 965 1120 1031 modo
1149 974 1332 1053 usurpatur,
1368 986 1495 1049 semper

96 1096 214 1139 nomen
238 1072 402 1159 quoddam
423 1072 568 1139 accedat.

199 1195 300 1260 Porro
327 1195 392 1260 huc
415 1194 580 1260 referendi
603 1204 677 1260 sunt
703 1196 725 1259 ii
751 1196 823 1272 loci,
848 1194 966 1282 quibus
989 1194 1118 1259 dativus
1140 1216 1215 1258 cum
1237 1193 1368 1278 passiva
1390 1191 1495 1255 forma

93 1299 188 1364 verbi
211 1298 379 1365 cuiusdam
403 1302 615 1383 coniungitur.
655 1299 751 1385 quod,
777 1322 851 1364 cum
874 1299 1018 1384 Theogn.
1045 1297 1127 1363 1258
1150 1297 1286 1381 Bergkii
1309 1296 1494 1361 coniectura

93 1404 207 1469 ἄλλοτε
230 1410 308 1485 τοῖς,
331 1404 443 1470 ἀλλοτε
465 1411 551 1469 τοῖσι
573 1402 683 1493 φιλέοι
706 1403 808 1491 (libriz
831 1403 950 1493 φιλεῖν)
975 1394 1071 1468 valde
1099 1401 1199 1467 dubia
1226 1403 1280 1483 sit,
1308 1409 1435 1465 tantum
1461 1402 1493 1463 in

93 1530 192 1573 versu
211 1508 273 1573 261
298 1508 344 1593 fit,
367 1507 423 1573 ubi
445 1508 600 1573 traditum
623 1517 671 1572 est
693 1510 733 1574 ού
752 1532 808 1594 μοι
829 1506 959 1575 πίνεται
980 1499 1076 1588 οἶνος.
1361 1495 1366 1505 ’

198 1630 245 1696 Ut
274 1633 340 1695 iam
369 1630 412 1694 ad
440 1629 625 1706 eaverba
647 1631 899 1696 intransitiva
933 1639 1109 1711 transeam,
1145 1650 1227 1716 quae
1262 1628 1408 1692 dativum
1440 1625 1493 1690 ad·

93 1737 234 1799 sciscere
261 1735 377 1817 solent,
405 1736 438 1799 in
465 1736 577 1820 primis
599 1734 742 1802 ύπεσθαι
765 1735 806 1799 de
830 1758 893 1822 quo
917 1738 1100 1800 accuratius
1128 1743 1244 1818 agatur
1267 1732 1400 1817 dignum
1424 1751 1494 1794 esse

92 1840 223 1904 videtur
249 1839 347 1925 idque
375 1838 502 1905 duabus
530 1840 570 1903 de
599 1842 714 1907 causis.
760 1849 886 1904 constat
913 1841 997 1903 enim
1020 1839 1108 1925 apud
1130 1839 1308 1903 Homerum
1330 1837 1395 1923 ἅμα
1418 1834 1494 1901 ἕπε-

88 1942 174 2009 σθαί
200 1967 264 2010 τινι
296 1936 593 2029 frequentissimum
630 1966 714 2025 esse3
750 1946 782 2007 in
816 1944 937 2028 elegeis
970 1952 1094 2029 autem,
1130 1963 1325 2029 quamquam
1355 1940 1494 2005 verbum

88 2047 235 2115 ἕπεσθαι
270 2057 319 2114 sat
355 2048 463 2113 multis
498 2048 576 2114 locis
612 2050 764 2134 sequitur,
801 2052 869 2133 ἅμα
902 2071 1062 2133 nusquam
1096 2046 1233 2111 accedit.
1279 2054 1377 2131 atque
1411 2044 1493 2109 adeo

89 2153 242 2217 voculam
277 2174 349 2217 eam
382 2162 496 2238 poetae
531 2153 665 2237 elegiaci
698 2162 866 2239 respuunt,
900 2162 937 2217 ut
969 2152 1066 2218 Solon
1094 2152 1124 2230 6,
1150 2152 1165 2214 1
1195 2153 1294 2241 δῆμος
1316 2144 1350 2217 δ’
1371 2144 1432 2215 ὧύ)
1455 2149 1494 2214 ἀν

89 2257 206 2343 ἀριστα
232 2264 289 2324 σὺν
316 2260 520 2346 ἡγεμόνεσσιν
546 2256 661 2323 ἕποιτο
695 2260 967 2344 praepositionem
997 2259 1053 2324 σύν
1085 2256 1262 2343 praeferat,
1297 2275 1494 2340 quamquam

87 2362 143 2425 hic
174 2384 252 2426 usus
282 2364 360 2427 satis
389 2384 482 2426 rarus
513 2372 562 2426 est
592 2384 697 2447 neque
728 2385 882 2447 umquam
913 2364 946 2425 in
970 2362 1104 2426 Homeri
1136 2359 1335 2425 carminibus
1369 2360 1493 2445 conspi-

89 2469 182 2531 citur.
209 2464 271 2533 hoo
284 2489 348 2532 uno
363 2467 463 2551 igitur
485 2466 556 2531 loco
572 2468 628 2532 σύν
647 2491 710 2532 τινι
725 2465 867 2533 ἕπεσθαι
890 2474 990 2549 extat,
1014 2488 1153 2551 quocum
1172 2464 1251 2530 illud
1268 2468 1335 2550 ἅμα
1351 2460 1494 2531 ἕπεσθαί

86 2594 153 2635 τινι
189 2570 329 2635 conferri
362 2579 477 2655 potest.
544 2569 676 2655 reliquis
711 2592 788 2635 vero
824 2571 909 2635 solus
941 2572 1069 2636 dativus
1104 2572 1224 2655 legitur
1255 2592 1360 2657 neque
1391 2569 1493 2635 Theo-

85 2674 197 2760 gnidis
219 2697 273 2739 vv.
290 2674 351 2739 327
364 2698 410 2760 sq.
441 2675 628 2762 ἁμαρτωλοὶ
655 2680 713 2762 γὰρ
739 2678 772 2741 ἐν
798 2679 1022 2763 ἀνθρώποισιν
1047 2675 1182 2743 ἕπονται
1211 2677 1215 2763 Ι
1242 2681 1374 2763 θνητοῖς
1408 2676 1493 2738 exci-

88 2779 204 2864 piendi
227 2801 298 2843 esse
320 2780 482 2864 videntur,
507 2780 564 2845 sed
580 2781 730 2846 vertendi
753 2781 887 2846 ‘Fehler
902 2782 975 2847 sind
991 2783 1023 2845 in
1040 2782 1098 2847 der
1110 2780 1200 2847 Welt
1215 2782 1259 2845 im
1276 2780 1412 2864 Gefolge
1434 2779 1493 2843 der

90 2882 350 2972 Sterblichen'.¹)
395 2887 514 2970 inquo
541 2886 612 2951 loco
639 2885 674 2950 id
700 2888 807 2971 ipsum
835 2890 1023 2972 conspicias,
1052 2909 1116 2973 quo
1147 2894 1276 2973 praeter
1305 2905 1493 2949 commemo-

86 2998 197 3054 ratum
230 2980 404 3053 discrimen
437 2990 589 3076 exempla
623 3013 665 3071 ex
700 2989 819 3074 elegeis
857 2993 959 3076 petita
993 2991 1035 3055 ab
1069 3012 1130 3055 usu
1162 2991 1296 3055 Homeri
1330 2989 1491 3052 differunt.

85 3093 180 3179 apud
202 3093 382 3158 Homerum
409 3096 495 3158 enim
521 3097 554 3158 in
581 3103 672 3159 tanta
697 3094 842 3159 locorum
870 3097 963 3181 copia
985 3094 1129 3162 ἕπεσθαι
1151 3096 1313 3160 rarissime
1340 3094 1493 3157 translate

87 3198 220 3279 dicitur,
244 3198 332 3261 velut
354 3204 373 3263 l
393 3199 457 3263 512
479 3212 525 3288 τῷ
548 3200 625 3288 ἀτην
647 3196 703 3285 ἀμ’
718 3198 871 3283 ἕπεσθαι,
901 3204 933 3267 Δ
950 3201 1015 3265 415
1037 3203 1140 3288 τούτῳ
1163 3203 1220 3287 μὲν
1242 3202 1299 3286 γὰρ
1322 3199 1416 3278 κῦδος
1438 3194 1493 3284 ἅμ’

85 3300 215 3389 ἕψεται,
233 3302 327 3367 1513
337 3325 384 3388 sq.
410 3306 487 3383 Διὸς
501 3308 649 3395 κούρῃσιν
664 3303 805 3371 ἕπεσθαι
821 3311 826 3393 Ι
844 3308 948 3394 τιμήν,
972 3308 1005 3370 in
1029 3307 1148 3389 elegeis
1171 3313 1280 3368 autem
1304 3326 1429 3390 semper
1453 3303 1494 3368 de

89 3406 306 3471 substantivis
333 3407 507 3473 abstractis
534 3419 719 3494 usurpatur,
747 3409 836 3475 velut
864 3410 956 3496 Tyrt.
979 3410 1011 3492 4,
1034 3410 1053 3471 9
1078 3411 1181 3498 δήμου
1204 3408 1240 3477 δὲ
1262 3410 1384 3497 πλήθει
1407 3406 1494 3494 νίκην

89 3508 149 3576 καὶ
177 3515 292 3597 κάρτος
322 3509 474 3594 ἕπεσθαι,
507 3511 571 3577 Sol.
596 3513 615 3575 8
647 3514 725 3579 ὅταν
754 3514 855 3592 πολὺς
885 3514 982 3595 ὄλβος
1008 3512 1137 3601 ἕπηται,
1165 3513 1310 3598 Theogn.
1337 3512 1399 3578 150
1421 3517 1493 3600 ἀρε-

200 3758 219 3822 1)
239 3758 392 3809 Haeserunt
410 3759 518 3824 quidam
537 3761 566 3808 in
584 3760 636 3811 hoc
653 3760 721 3811 loco.
750 3766 831 3826 atque
849 3761 992 3827 Emporius
1011 3778 1058 3827 pro
1078 3760 1107 3812 ἐν
1126 3763 1241 3811 coniecit
1260 3758 1317 3829 ἀμ’,
1337 3763 1414 3811 cuius
1433 3777 1493 3811 con·

89 3849 213 3895 iacturae
236 3861 323 3909 nemo,
346 3848 369 3895 si
387 3861 487 3908 eorum,
506 3861 575 3912 quae
594 3862 674 3911 supra
693 3848 725 3897 de
748 3862 781 3898 ea
798 3848 895 3899 vocula
914 3848 1073 3912 dictasunt,
1097 3850 1228 3899 rationem
1251 3849 1382 3911 habuerit,
1405 3854 1493 3915 patro·

91 3948 146 3981 nus
164 3933 270 3995 existet,
287 3934 443 3997 praesertim
466 3948 527 3981 cum
547 3934 605 3999 ἀμοι
625 3934 707 3983 semel
726 3937 835 4003 omnino
854 3938 882 3984 in
902 3936 1002 4002 elegeis
1020 3936 1135 4001 legatur,
1159 3936 1232 4001 Tyrt.
1253 3938 1277 3999 2,
1296 3938 1312 3985 3
1336 3930 1407 3987 οἷσιν
1426 3939 1492 4003 ἀμα.

90 4035 182 4085 neque
201 4020 355 4069 Ruhnkenii
375 4020 531 4069 coniectura
549 4020 679 4069 πέλονται
701 4037 767 4085 opus
789 4028 843 4084 est,
866 4021 1061 4074 ruminandae
1083 4024 1250 4089 aptissimum
1273 4025 1308 4073 sit
1334 4028 1361 4073 et
1383 4024 1494 4089 probata

91 4106 283 4171 explicatione,
306 4120 386 4171 quam
407 4120 487 4171 supra
509 4106 655 4172 Bergkium
678 4114 787 4157 secutus
809 4109 917 4173 protuli,
941 4115 968 4159 et
991 4124 1024 4159 ea
1046 4109 1199 4173 difficultas,
1222 4126 1292 4175 quae
1315 4115 1355 4162 est
1373 4113 1401 4161 in
1426 4127 1493 4163 voce

92 4192 132 4257 ἐν,
152 4199 179 4243 et
198 4207 237 4256 ea,
256 4208 326 4258 quae
344 4197 384 4242 est
402 4195 430 4244 in
449 4194 577 4243 seiunctis
593 4194 682 4243 verbis
701 4194 891 4263 ἀνθρώποισιν
910 4202 937 4246 et
955 4199 1075 4261 θνητοῖς,
1093 4197 1215 4253 tollatur.
1242 4214 1331 4264 neque
1350 4200 1492 4264 quicquam

92 4282 201 4331 obstare
223 4279 338 4343 videtur,
361 4282 503 4345 quominus
522 4279 552 4331 ἐν
571 4279 745 4348 ἀνθρώποισι
763 4284 801 4331 sic
824 4284 1039 4347 interpretemur,
1063 4300 1124 4333 cum
1144 4300 1176 4333 ea
1194 4286 1276 4335 verba
1295 4285 1448 4335 oblitterata
1465 4289 1493 4335 vi

92 4370 213 4433 genuina
231 4367 302 4433 apud
320 4366 503 4433 Theognidem
522 4381 603 4433 saepe
621 4368 701 4417 simili
720 4369 799 4418 modo
817 4376 988 4437 usurpentur3
1010 4371 1042 4420 cf.
1064 4372 1111 4419 131
1122 4388 1160 4436 sq.
1180 4370 1263 4421 οὐδὲν
1276 4370 1306 4422 ἐν
1320 4371 1493 4439 ἀνθρώποισι

93 4455 195 4522 πατρὸς
211 4454 257 4504 καλ
272 4454 376 4521 μητρὸς
394 4454 511 4520 ἀμεινον
527 4455 532 4520 1
547 4452 641 4505 ἔπλεθ’
660 4455 847 4522 (τοιούτοις),
866 4458 939 4514 ύτοις
957 4460 1024 4521 ὁσίη,
1043 4456 1142 4525 Κύρνε,
1160 4459 1268 4525 μέμηλε
1287 4457 1357 4522 δίκη,
1376 4462 1425 4508 273
1439 4464 1493 4509 τῶν

92 4544 204 4591 πάντων
216 4539 247 4591 os
266 4544 393 4591 κάκιστον
406 4539 436 4591 ἐν
448 4540 615 4610 ἀνθρώποις,
633 4545 727 4609 orvsq.
747 4542 800 4609 ἤδη
812 4546 864 4595 νῦν
877 4542 959 4601 αἰδὼς
976 4543 1030 4611 μὲν
1047 4543 1077 4594 ἐν
1090 4546 1281 4614 ἀνθρώποισιν
1298 4545 1406 4609 ὄλωλεν,
1423 4543 1427 4611 l
1443 4545 1492 4596 οὐ·

93 4630 144 4696 τὰρ
162 4624 288 4691 ἀναιδείη
311 4631 394 4697 γαῖαν
412 4627 619 4698 ἐπιστρέφεται,
638 4630 699 4681 vide
717 4637 857 4697 praeterea
877 4633 951 4694 1003,
972 4632 1046 4681 1135.
