3392 5067
213 1482 389 1567 Postquam
420 1506 448 1546 a.
472 1481 569 1546 1801)Α
586 1480 790 1548 Godofredus
815 1482 1021 1546 Hermannus
1054 1486 1087 1547 in
1118 1482 1258 1547 editione
1289 1483 1505 1568 Orphicorum
1534 1509 1538 1515 ·

112 1585 233 1671 Orphei
264 1608 347 1671 quae
377 1586 525 1652 feruntur
553 1587 773 1671 Argonautica
803 1596 917 1671 quarto
949 1609 981 1672 p.
1005 1585 1081 1651 Ohr.
1105 1611 1136 1651 n.
1161 1588 1290 1652 saeculo
1321 1590 1506 1673 conscripta

112 1712 180 1753 esse
212 1689 323 1754 docuit
353 1700 385 1754 et
414 1691 456 1756 ab
487 1692 549 1755 hoc
573 1694 715 1755 carmine
746 1693 911 1777 profectus
944 1692 1064 1777 ‘prima
1094 1694 1178 1778 epici
1208 1714 1322 1756 versus
1352 1689 1505 1756 historiae

112 1794 305 1859 lineamenta
328 1794 445 1871 duxit',
454 1794 475 1883 ¹)
499 1798 564 1859 iam
579 1796 729 1880 neglecta
752 1794 820 1859 fere
844 1805 893 1859 est
909 1796 950 1859 de
974 1818 1130 1880 sermone,
1155 1818 1218 1881 quo
1240 1820 1318 1862 usus
1341 1806 1390 1860 est
1412 1796 1506 1859 huius

112 1900 262 1963 carminis
294 1901 441 1984 scriptor,
473 1901 626 1983 quaestio.
684 1922 761 1964 sane
793 1900 836 1963 de
865 1922 903 1964 ea
932 1922 967 1964 re
998 1903 1119 1985 passim
1149 1902 1310 1985 quaedam
1340 1901 1507 1964 adnotavit

112 2003 303 2069 Guilielmus
326 2004 496 2088 Wielius2)
523 2006 557 2068 in
584 2005 719 2089 singulis
742 2005 820 2069 locis
849 2003 1059 2070 emendandis
1082 2014 1245 2088 versatus,
1284 2005 1342 2069 sed
1365 2006 1407 2070 ad
1435 2028 1506 2069 eam

111 2110 215 2194 ipsam
248 2108 453 2173 tractandam
482 2130 577 2172 nemo
612 2111 750 2173 accessit
778 2120 854 2173 ante
884 2108 1038 2173 Ioannem
1068 2109 1350 2192 Rosenboominm,
1385 2111 1440 2195 qui
1473 2110 1506 2171 in

113 2214 388 2293 commentatione,
414 2214 465 2276 cui
488 2214 652 2298 inscripsit
675 2213 900 2293 ‘Quaestiones
925 2212 965 2277 de
989 2212 1112 2299 Orphei
1129 2215 1422 2299 Argonauticorum
1445 2213 1506 2277 elo-

113 2318 251 2380 cutione'
282 2317 383 2402 (Dias.
416 2316 492 2402 phil.
521 2317 653 2382 Halens.
677 2316 778 2381 VIIII
808 2339 863 2402 pp.
887 2317 1052 2404 tit-128)
1084 2316 1124 2382 de
1154 2320 1331 2383 imitatione
1361 2319 1506 2398 Homeri,

113 2420 257 2501 Hesiodi,
282 2419 455 2506 Apollonii,
477 2421 599 2502 Quinti,
624 2418 819 2507 hymnorum
835 2421 1071 2486 homericorum
1094 2432 1126 2486 et
1150 2423 1364 2507 orphicorum
1389 2421 1506 2485 deinde

113 2523 152 2587 de
176 2524 313 2588 vocibus
336 2518 630 2609 Argonauticorum
660 2528 798 2611 propriis
828 2528 897 2589 sive
929 2526 1086 2611 singulari
1108 2528 1141 2590 vi
1168 2528 1342 2613 usurpatis,
1367 2527 1506 2610 denique

111 2628 152 2692 de
175 2630 213 2691 iis
237 2628 423 2714 disputavit,
448 2651 530 2713 quae
555 2651 628 2694 cum
644 2629 751 2693 Nonni
776 2628 916 2693 dictione
940 2640 1135 2714 congruunt3
1160 2632 1201 2695 cf.
1218 2652 1389 2695 censuram
1412 2630 1507 2693 huius

111 2731 211 2797 libelli
227 2732 269 2797 ah
287 2732 404 2797 Abelio
423 2733 542 2797 factam
557 2735 591 2797 in
607 2732 823 2818 ephemeride,
848 2756 932 2819 quae
955 2734 1142 2798 inscribitur
1158 2734 1433 2801 ‘Wochenschrift
1455 2734 1508 2797 fiir

112 2836 286 2902 classische
309 2836 506 2922 Philologie’,
529 2826 660 2903 aissa
684 2861 715 2924 p.
733 2838 794 2902 841
813 2860 882 2924 sqq,

215 2940 307 3021 Quae
331 2941 513 3016 dissertatio
530 2942 661 3007 eumad
683 2964 735 3007 me
757 2944 917 3027 pervenit,
941 2945 1125 3029 conscripta
1148 2943 1217 3008 fero
1241 2952 1309 3009 erat
1332 2944 1413 3008 haec
1435 2965 1506 3027 par-

109 3045 209 3109 ticula
233 3046 519 3131 commentationis,
543 3067 607 3131 qua
631 3045 671 3111 G.
695 3046 842 3111 Hartelio
866 3055 897 3110 et
920 3046 955 3112 O.
980 3046 1175 3112 Schenlrelio
1198 3049 1360 3132 magistris
1384 3046 1507 3111 doctis-

111 3150 200 3213 simis
216 3148 402 3214 auctoribus
418 3149 711 3235 Argonauticorum
732 3154 897 3237 syntaxim
920 3152 965 3216 ita
980 3161 1120 3216 tractare
1137 3153 1253 3230 studui,
1277 3161 1313 3216 ut
1336 3152 1507 3237 inprimis,

111 3263 270 3337 quatenus
292 3254 387 3319 huius
408 3256 558 3319 carminis
582 3257 721 3341 scriptor
743 3278 838 3320 usum
858 3254 1057 3321 homericum
1078 3266 1209 3321 secutus
1229 3264 1323 3337 esset,
1347 3263 1508 3339 quatenus

22 3352 26 3359 ’
110 3357 154 3421 ab
178 3379 215 3421 eo
238 3360 432 3440 recessisset,
461 3360 537 3423 satis
560 3358 741 3443 adpareret.
788 3381 850 3445 quo
873 3362 907 3424 in
931 3360 1086 3446 opusculo
1109 3360 1312 3426 contexendo
1336 3381 1378 3423 ex
1401 3370 1508 3444 poeta·

110 3484 193 3543 rum,
218 3464 272 3547 qui
294 3472 367 3548 post
390 3462 568 3529 Homerum
590 3463 776 3546 floruerunt,
800 3486 935 3529 numero
958 3466 1089 3551 respexi
1104 3464 1312 3551 Apollonium
1335 3463 1507 3544 Rhodium,

110 3564 357 3652 Callimachum,
385 3567 543 3649 Quintum
566 3567 792 3654 Smyrnaeum,
820 3567 874 3631 hic
901 3568 967 3632 illic
993 3569 1197 3636 Nicandrum
1225 3578 1257 3632 et
1278 3568 1508 3655 Oppianumi)

218 3847 237 3912 ¹)
254 3847 343 3898 Verba
361 3853 424 3898 sunt
441 3847 592 3898 Ludwiehii
615 3846 748 3914 (Quaestt.
773 3848 805 3900 dc
827 3850 932 3899 hexam.
951 3854 1021 3915 poet.
1040 3865 1128 3917 graec.
1147 3848 1307 3916 spondiacis.
1331 3849 1409 3899 Halia
1433 3850 1508 3911 1866,

109 3949 135 4001 p.
153 3933 194 4000 3);
213 3934 246 3985 ef.
265 3934 369 3999 Hartel,
388 3935 468 3985 Hom.
486 3934 562 3986 stuc.
580 3936 629 3988 14.

216 4020 235 4085 ²)
255 4020 365 4073 Observ.
383 4023 413 4071 in
437 4022 537 4087 Orphei
555 4022 663 4089 Argon,
687 4024 798 4074 Bonnae
823 4025 898 4074 1853.
935 4024 1006 4074 Part.
1023 4025 1149 4075 11-1111
1167 4024 1255 4074 editae
1278 4030 1340 4073 sunt
1363 4025 1391 4072 in
1409 4022 1509 4072 libellis

108 4106 277 4159 scholasticis
295 4109 530 4176 Bedbnrgensibus
548 4124 572 4160 a.
593 4111 758 4175 1861,1862,
779 4112 855 4161 1866,
891 4111 940 4161 has
958 4114 1198 4162 commentationes
1215 4111 1373 4177 significabo
1392 4112 1510 4160 numeris

107 4194 332 4247 1.11.111.1111.

217 4280 238 4347 3)
257 4282 397 4334 Editiones
415 4266 553 4349 poetarum
572 4282 680 4334 illorum
693 4283 803 4334 adhibui
822 4284 882 4333 has:
900 4284 1037 4349 Apollonii
1050 4283 1279 4337 Wellauerianam
1298 4284 1452 4351 (verborum
1469 4285 1508 4332 in-

107 4367 171 4419 dice
182 4369 351 4435 instructam)
371 4376 398 4421 et
410 4369 605 4422 Merkelianam
619 4371 737 4437 (Lipsiae
751 4373 831 4434 18543
850 4372 927 4421 euius
941 4370 1066 4422 editionis
1078 4387 1203 4423 numeros
1221 4374 1250 4422 in
1262 4372 1377 4423 citandis
1389 4371 1509 4421 versibus

108 4454 229 4521 sequor),
253 4454 412 4507 Callimachi
431 4464 458 4508 et
477 4458 606 4508 Nicandri
624 4458 757 4509 editiones
775 4459 808 4508 ab
827 4458 859 4509 0.
879 4457 1041 4509 Schneidero
1060 4459 1202 4522 indicibus,
1225 4460 1319 4521 Quinti
1337 4474 1354 4508 a
1371 4457 1511 4523 Koechlyo

107 4540 231 4609 (Lipsiae
257 4544 335 4608 1850)
358 4543 555 4611 prolegomenis
578 4551 707 4609 ornatam,
732 4544 848 4611 Oppiani
872 4546 1047 4596 Lchrsianam
1077 4547 1163 4611 (Post.
1187 4546 1275 4597 bucol.
1302 4552 1329 4596 et
1352 4546 1449 4596 didaci.
1469 4546 1509 4595 ed.

108 4628 203 4681 Didot.
216 4631 326 4681 Parisiis
340 4632 420 4695 18623
439 4632 530 4693 index,
548 4634 624 4683 cuius
637 4635 738 4683 mentio
751 4632 781 4681 fit
793 4635 821 4681 in
835 4632 915 4683 titulo
934 4632 1058 4683 editionis
1071 4633 1305 4695 Schneiderianae‚
1325 4649 1395 4697 quae
1412 4634 1510 4699 prodiit

164 4722 331 4764 Dissertationes
346 4724 420 4775 philol.
432 4724 522 4767 i'indoh.
537 4726 576 4766 111.
593 4731 611 4765 1.
1323 4724 1353 4769 16
