3392 5067
187 185 249 249 156

184 385 239 464 τῆς
262 372 418 459 δ’δλίγοις
447 376 580 460 ἀνδράσι
609 372 695 459 μοῖρ’
717 373 847 455 ἕπεται,
887 384 918 437 et
949 377 974 437 si
1006 375 1150 456 Theogn.
1175 373 1238 437 225
1269 374 1310 437 de
1340 375 1469 439 homine
1497 398 1586 439 usur·

185 493 290 564 patur,
318 491 429 543 tamen
455 479 610 543 translata
631 481 681 541 vis
709 478 882 543 statuenda
909 488 971 542 est:
1003 474 1072 543 ἀλλ’
1096 478 1113 542 ὁ
1141 480 1197 563 μὲν
1219 483 1275 543 οὐκ
1301 476 1409 543 ἐθέλει
1435 502 1586 565 κακοκερ-

185 583 307 673 δείησιν
322 582 472 650 ἕπεσθαι.
512 606 554 646 ex
576 582 686 647 verbis
710 584 895 669 compositis
923 604 1023 648 unum
1045 584 1210 647 invenitur
1231 582 1416 670 ἐφέπεσθαι
1440 582 1585 667 Theogn.

189 690 271 753 1073
295 699 327 753 et
350 688 422 752 217.
469 688 584 752 eadem
613 697 723 753 autem
749 690 782 751 vi
814 696 983 773 praeterea
1014 688 1147 776 ὀπηδεῖν
1177 689 1370 751 instructum
1400 698 1463 765 est,
1499 688 1588 774 quod

186 815 250 856 uno
272 793 343 857 loco
366 792 565 876 Theognidis
589 802 692 857 extat:
723 792 786 856 933
809 797 945 879 παύροις
967 796 1150 878 ἀνθρώπων
1174 795 1268 879 ἀρετὴ
1291 790 1345 857 καί
1366 792 1481 872 κάλλος
1503 795 1588 879 ὀπη-

187 898 245 977 δεῖ,
272 895 328 960 ubi
354 898 463 962 nescio
486 920 528 960 an
551 919 626 961 cum
648 897 785 961 Arsenio
809 896 908 983 (Viol.
931 896 1021 980 501),
1045 898 1100 982 qui
1122 896 1209 961 hunc
1232 918 1362 961 versum
1384 896 1500 975 adfert,
1529 918 1589 981 pro

186 1002 313 1083 κάλλος,
337 1001 424 1086 quod
450 1003 556 1065 minus
583 1001 700 1087 placet,
727 1002 822 1079 κῦδος
844 1000 1052 1066 scribendum
1076 1002 1126 1082 sit,
1154 1001 1197 1065 ad
1221 1001 1306 1087 quod
1329 1000 1467 1066 verbum
1490 1004 1589 1065 etiam

188 1106 337 1170 codicum
356 1129 371 1169 e
391 1106 402 1167 l
425 1108 585 1190 scriptura
606 1104 697 1185 κλέος
723 1128 742 1168 a
765 1107 908 1170 numeris
936 1105 1114 1169 abhorrens
1138 1114 1274 1191 spectat,
1302 1114 1334 1169 et
1364 1107 1498 1171 imitatio
1527 1114 1588 1169 sta-

188 1210 322 1293 tuenda3
345 1210 434 1274 idem
457 1213 543 1273 enim
565 1211 642 1275 Hes.
668 1210 729 1296 Op.
751 1210 814 1274 313
837 1211 969 1294 legitur:
993 1212 1121 1297 πλούτῳ
1138 1206 1265 1297 δάρευη
1285 1208 1340 1275 καὶ
1358 1211 1453 1289 κῦδος
1471 1212 1590 1297 ὀπηδεῖ

189 1314 246 1401 (cf.
270 1320 298 1379 P
320 1314 381 1379 251
413 1316 449 1379 ἐκ
479 1315 514 1380 δὲ
542 1318 619 1393 Διὸς
647 1320 722 1401 τιμὴ
751 1314 806 1381 καί
835 1316 929 1394 κῦδος
958 1314 1102 1403 ὀπηδεῖ),
1152 1336 1257 1400 neque
1291 1316 1361 1378 veri
1399 1315 1501 1379 simile
1540 1324 1590 1377 est

187 1428 322 1505 poetam·
339 1420 373 1483 in
395 1418 497 1483 verbo
520 1420 653 1507 ὀπηδεῖν
675 1418 873 1503 adhibenda,
898 1420 983 1506 quod
1006 1418 1084 1484 alibi
1106 1428 1142 1484 ut
1164 1418 1343 1484 obsoletum
1366 1421 1497 1505 vitatur,
1523 1442 1590 1484 non

187 1533 314 1589 certum
337 1524 500 1609 quendam
522 1522 629 1589 locum
651 1525 812 1588 imitatum
836 1547 916 1588 esse.

292 1628 346 1693 Ex
375 1627 498 1711 verbis,
533 1650 616 1715 quae
648 1629 795 1693 dativum
830 1652 927 1715 quem
961 1638 1079 1694 vocant
1118 1631 1349 1695 sociativum
1386 1628 1591 1713 adsciscunt,

188 1735 270 1798 haec
292 1736 405 1819 paucis
428 1735 646 1819 perstringere
673 1735 707 1797 in
729 1735 836 1799 animo
860 1743 918 1799 est.
957 1734 1078 1819 ὁμιλεῖν
1100 1759 1163 1800 τινι
1186 1734 1273 1820 apud
1296 1736 1476 1799 Homerum
1498 1755 1592 1818 prae-

189 1849 239 1902 ter
269 1860 341 1902 eam
367 1842 444 1921 vim,
474 1861 571 1924 quam
601 1837 831 1923 posterioribus
863 1838 1064 1924 temporibus
1094 1838 1215 1903 habere
1248 1839 1341 1922 solet,
1373 1840 1470 1903 etiam
1500 1838 1592 1902 idem

190 1943 352 2027 significat
377 1953 475 2028 atque
502 1941 669 2027 μάχεσθαί
690 1966 763 2024 τινι,
794 1965 876 2028 quae
903 1946 989 2008 notio
1017 1943 1058 2008 ab
1083 1943 1201 2027 elegeis
1228 1943 1334 2009 aliena
1357 1954 1415 2008 est.
1461 1953 1593 2029 praeter

87 2044 90 2047 ⁴
190 2049 312 2134 ὁμιλεῖν
327 2056 435 2112 autem
450 2048 595 2132 Theogn.
615 2049 709 2133 disq,
735 2070 829 2112 sensu
852 2072 916 2113 non
937 2049 1064 2114 diverso
1085 2049 1202 2133 legitur
1216 2049 1438 2136 προσυμιλεῖντ
1462 2053 1593 2114 κακοῖσι

190 2155 225 2220 δὲ
247 2159 290 2240 μη
311 2151 504 2240 προσομίλει
524 2155 528 2235 Ι
548 2154 690 2239 ἀνδράσι,
716 2153 777 2217 alio
801 2175 898 2217 sensu
925 2153 1004 2218 ibid.
1028 2153 1144 2239 arasq.
1168 2152 1204 2231 ὃς
1227 2152 1286 2240 (sc.
1310 2152 1488 2237 πολύπους)
1512 2150 1594 2217 ποτὶ

190 2256 299 2349 πέτρη,
320 2259 324 2344 l
344 2267 384 2349 τῇ
407 2259 643 2348 προσομιλήσῃ,
666 2263 754 2337 τοῖος
777 2259 857 2325 ἰδεῖν
879 2259 978 2347 ἐφάνη
1007 2258 1063 2345 (cf.
1088 2257 1345 2343 Pseudophoeyl.
1370 2258 1412 2321 49
1439 2253 1523 2347 μηδ’,
1549 2258 1594 2336 ὡς

189 2368 371 2451 πετροφυης
392 2363 569 2443 πολύπους,
597 2369 679 2428 κατὰ
702 2370 803 2449 χῶρον
826 2361 986 2450 ἀμείβου).
1033 2386 1094 2449 quo
1119 2363 1219 2427 verbo
1243 2362 1404 2427 Homerus
1431 2385 1594 2448 nusquam

190 2468 300 2531 utitur.
345 2487 450 2551 neque
475 2466 563 2551 apud
590 2466 677 2531 hunc
700 2473 839 2532 συνεῖναι
866 2466 938 2552 plus
966 2489 1029 2531 uno
1053 2467 1121 2532 loco
1144 2474 1235 2531 extat
1262 2493 1281 2555 η
1305 2467 1377 2551 270,
1406 2467 1462 2530 ubi
1488 2475 1593 2531 trans-

191 2573 254 2637 late
280 2571 398 2635 dicitur
427 2570 631 2657 (ξυνέσεσθαι
654 2569 765 2657 ὀιζυῖ),
796 2574 928 2657 proprio
956 2582 1065 2636 autem
1093 2595 1189 2636 sensu
1216 2571 1334 2656 legitur
1357 2571 1503 2655 Theogn.
1527 2570 1593 2633 668

193 2682 261 2755 τοῖς
283 2679 439 2761 ἀγαθοῖσι
462 2678 571 2741 συνών.
617 2676 660 2740 ad
683 2698 765 2761 quae
788 2676 891 2741 verba
914 2678 1075 2741 accedunt
1097 2683 1237 2763 μετεῖναι
1260 2677 1351 2761 Tyrt.
1376 2676 1425 2758 10,
1443 2675 1471 2753 l,
1496 2676 1598 2761 ὁμαρ-

193 2786 268 2861 τεῖν,
293 2779 379 2865 quod
402 2779 490 2865 apud
512 2781 691 2845 Homerum
715 2780 772 2865 (cf.
796 2781 919 2865 Krueg.
944 2782 997 2845 Di.
1022 2781 1074 2865 48,
1092 2782 1120 2864 7,
1140 2780 1174 2867 3)
1199 2781 1358 2864 significat
1381 2784 1598 2843 ‘zusammen-

194 2884 351 2967 handeln,
386 2884 689 2968 zusammengehen'
721 2894 754 2948 et
784 2907 911 2971 semper
944 2886 1089 2949 absolute
1119 2894 1302 2969 usurpatur,
1335 2883 1480 2967 Theogn.
1512 2883 1597 2946 1165

194 2994 262 3068 τοῖς
291 2989 430 3074 ἀγαθοῖς
459 2993 630 3075 σύμμισγε,
661 2995 788 3055 κακοῖσι
816 2988 851 3056 δὲ
879 2993 921 3079 μή
944 2984 1028 3055 ποθ’
1048 2990 1191 3074 ὁμάρυει,
1226 2996 1470 3075 προσομαριεῖν,
1509 2988 1597 3073 quod

193 3094 281 3178 apud
297 3093 436 3177 reliquos
452 3096 625 3179 scriptores
641 3117 704 3158 non
720 3097 893 3176 invenitur,
915 3095 977 3157 609
985 3115 1030 3178 sq.
1048 3092 1110 3182 ὅσην
1125 3094 1245 3179 ψεῦδος
1259 3102 1468 3181 προσυμαρεῇ
1480 3092 1483 3174 l
1493 3090 1596 3175 ἀνδρί.

193 3201 258 3261 iam
286 3198 488 3262 adverbum
516 3200 660 3283 μιγνύναι
688 3208 720 3262 et
747 3223 785 3263 ea
813 3221 897 3285 quae
926 3221 999 3263 cum
1027 3199 1088 3261 hoc
1117 3197 1290 3261 cohaerent
1313 3197 1414 3261 verba
1437 3199 1595 3261 venimus.

193 3307 227 3367 in
261 3301 378 3388 quibus
412 3301 607 3369 adhibendis
643 3312 758 3389 poetae
797 3304 933 3387 elegiaci
966 3304 1008 3367 ab
1043 3303 1177 3366 Homeri
1210 3325 1270 3366 usu
1304 3302 1469 3367 recedunt.
1520 3324 1597 3365 nam

193 3408 351 3492 μιγνύναι,
387 3408 473 3492 quod
507 3408 595 3493 apud
625 3409 804 3473 Homerum
835 3409 1079 3473 usitatissimum
1110 3417 1159 3471 est
1192 3415 1224 3470 et
1257 3416 1386 3492 praeter
1420 3408 1595 3489 genuinam

115 3549 132 3569 ,
193 3513 260 3575 vim
283 3513 381 3575 etiam
405 3512 446 3575 de
470 3534 507 3575 eo
531 3521 715 3597 usurpatur,
740 3515 794 3597 qui
818 3514 902 3575 inter
925 3513 1002 3577 alios
1023 3521 1172 3574 versatur
1193 3510 1244 3574 vel
1267 3510 1372 3595 aliquo
1395 3510 1597 3575 familiariter

193 3620 303 3698 utitur,
334 3639 395 3680 neo
425 3639 490 3681 non
514 3618 554 3683 de
585 3617 759 3682 concubitu
787 3617 970 3699 adhibetur,
1001 3620 1033 3680 in
1065 3616 1184 3700 elegeis
1215 3624 1339 3681 tantum
1363 3616 1506 3698 Theogn.
1534 3615 1597 3679 190

193 3722 332 3799 πλοῦτος
350 3715 438 3806 ἔμιξε
453 3720 542 3806 γένος
565 3731 596 3786 et
616 3721 681 3785 444
702 3731 801 3786 extat.
842 3731 954 3785 contra
976 3720 1171 3806 συμμίσγειν,
1196 3721 1281 3805 quod
1305 3719 1391 3805 apud
1416 3720 1596 3783 Homerum

195 3825 294 3889 semel
316 3828 493 3909 invenitur,
521 3832 551 3891 B
567 3825 629 3889 753
653 3821 721 3892 οὐδ’
737 3824 757 3892 ὅ
774 3849 809 3911 γε
831 3832 960 3916 Πηνειῷ
984 3824 1204 3911 συμμίσγεται,
1234 3848 1393 3911 nusquam
1421 3827 1508 3912 apud
1532 3827 1596 3889 He-

195 3928 321 3994 siodum
344 3929 392 4016 (in
415 3930 535 4015 hymno
555 3930 635 3994 Ven.
661 3953 759 4016 saepe
782 3931 900 4013 legitur
922 3930 1110 4015 συμμίσγειν
1129 3934 1200 3994 τινά
1219 3954 1282 3995 τινι
1304 3932 1324 3993 i.
1343 3952 1369 3993 e.
1395 3931 1536 4011 efficere,
1561 3940 1597 3993 ut

196 4035 438 4119 concumbant),
462 4037 496 4098 in
519 4034 638 4119 elegeis
661 4036 780 4120 passim
802 4043 978 4121 usurpatur
1001 4045 1097 4119 atque
1122 4057 1187 4098 non
1211 4035 1314 4099 solum
1336 4036 1465 4120 proprio
1490 4056 1596 4119 sensu,

194 4138 251 4202 sed
268 4141 364 4202 etiam
380 4139 543 4221 translato,
565 4148 600 4203 ut
614 4138 760 4223 Theogn.
778 4139 873 4224 35sq.
897 4140 934 4225 ἢν
950 4140 984 4204 δὲ
1000 4144 1145 4204 κακοῖσιν
1162 4138 1165 4223 l
1183 4136 1359 4227 συμμίσγης
1379 4148 1411 4201 et
1432 4136 1511 4212 1165
1527 4144 1597 4217 τοῖς

191 4248 330 4328 ἀγαθοῖς
344 4244 512 4328 σύμμισγε,
537 4244 655 4328 quibus
678 4245 756 4308 locis
779 4243 891 4307 utendi
914 4246 980 4308 vim
1002 4242 1111 4328 habet,
1135 4244 1189 4307 vel
1211 4243 1289 4308 ibid.
1314 4243 1410 4327 64sq.
1434 4252 1537 4331 χρῆμα
1560 4243 1595 4308 δὲ

193 4346 349 4437 συμμίξης
363 4346 474 4434 μηδενί
492 4344 567 4436 μηδ’
579 4350 684 4415 ὁτιοῦν
701 4347 706 4436 Ι
722 4349 900 4415 σπουδαῖον
916 4347 998 4434 (sich
1014 4348 1174 4413 eiulassen
1189 4348 1246 4435 in),
1271 4349 1324 4412 vel
1340 4347 1404 4411 214
1420 4346 1597 4435 (=1072)‚

194 4452 252 4519 ubi
278 4454 370 4540 ἀργὴν
399 4450 583 4538 συμμίσγων
614 4454 740 4539 legitur.
786 4463 956 4539 praetcrea
991 4456 1203 4541 compositum
1238 4462 1328 4517 extat
1357 4452 1501 4537 Theogn.
1534 4450 1597 4516 961

194 4555 431 4641 ἀναμίσγεσθαι
455 4556 558 4645 (tta).
1148 4578 1152 4582 ·
