3392 5067
194 235 256 298 124

191 427 244 489 vel
278 429 406 491 nomina
440 450 513 492 cum
547 430 786 514 praepositione
821 429 930 513 aliqua
965 432 1137 493 coniuncta
1170 451 1227 513 pro
1263 429 1472 493 substantivis
1507 440 1590 493 sunt.

192 532 256 594 huc
294 541 420 616 spectat
458 533 549 615 Tyrt.
583 532 633 614 12,
663 533 704 595 41
743 531 777 596 οἵ
809 556 845 597 τε
879 529 949 597 κατ’
972 534 1076 614 αὐτόν,
1116 535 1168 595 cui
1206 533 1275 597 loco
1314 533 1450 597 similem
1487 556 1593 619 neque

193 635 280 720 apud
303 636 481 699 Homerum
506 657 611 721 neque
639 636 727 720 apud
757 636 938 700 Hesiodum
969 638 1108 719 invenie,
1141 636 1287 720 Theogn.
1311 636 1375 702 553
1403 642 1439 703 οά
1473 638 1593 703 πολλὸν

191 743 229 803 τὸ
256 744 383 826 μεσηγύ,
412 739 623 829 διαπρήξουσι
648 740 811 820 κέλευθον,
840 763 980 825 quocum
1003 741 1074 805 loco
1098 780 1138 787 -
1162 741 1250 825 apud
1273 743 1453 806 Homerum
1475 748 1592 830 μεσηγύ

193 865 320 929 semper
347 854 396 907 est
422 844 617 909 adverbium
639 868 746 931 neque
769 867 924 930 umquam
948 847 976 909 ei
1000 846 1155 926 articulus
1178 846 1365 931 adiungitur
1388 884 1429 893 —
1453 846 1592 912 conferri

192 957 326 1033 possunt
358 949 421 1012 duo
453 971 567 1012 versus
602 971 644 1012 ex
671 950 801 1034 hymnis
829 950 1002 1035 desumpti,
1039 950 1156 1035 quibus
1185 954 1305 1036 μεσηγύ
1334 951 1477 1015 medium
1510 953 1594 1015 inter

192 1060 310 1115 terram
340 1062 372 1116 et
395 1051 520 1117 caelum
543 1056 684 1137 spatium
705 1056 725 1117 i.
748 1077 775 1118 e.
798 1076 874 1117 aera
898 1053 1067 1139 significat,
1092 1053 1203 1139 hymn.
1230 1054 1336 1139 Apoll.
1358 1054 1431 1119 Del.
1452 1053 1512 1118 108
1535 1079 1593 1119 τα-

192 1154 272 1239 χέως
298 1157 334 1223 δὲ
364 1159 491 1247 διη’νυσε
518 1164 584 1221 πᾶν
610 1161 647 1223 τὸ
675 1163 794 1246 μεσηγύ
817 1169 850 1221 et
875 1158 987 1244 hymn.
1012 1158 1084 1223 Cer.
1109 1158 1172 1222 318
1195 1158 1250 1226 aod
1273 1163 1309 1223 τδ
1332 1165 1451 1246 μεσηγὺ
1474 1159 1531 1246 (ex
1553 1158 1593 1222 Il-

192 1262 279 1344 genii
303 1264 436 1326 coniect.
462 1284 519 1346 pro
546 1260 601 1327 aci
623 1262 778 1348 μεσσηγὺ)
806 1260 975 1349 διέδραμεν
997 1261 1064 1328 ὦκα
1086 1265 1226 1329 πόδεσσι
1255 1265 1310 1351 (cf.
1336 1266 1432 1327 etiam
1456 1265 1592 1328 Theocr.

192 1366 293 1430 XXV
308 1366 371 1430 216
394 1368 515 1453 ἤματος
536 1364 574 1453 ἦν
595 1370 633 1431 τδ
660 1367 803 1452 μεσηγύ),
827 1389 921 1451 porro
947 1367 1091 1451 Theogn.
1115 1367 1177 1431 110
1199 1376 1263 1433 τῶν
1285 1371 1432 1453 πρόσθεν
1454 1372 1593 1448 πάντων,

196 1470 279 1533 1096
305 1480 368 1535 τῶν
391 1495 447 1555 μοι
470 1473 608 1555 πρόσθε,
637 1470 808 1554 singularis
831 1481 880 1534 cst
902 1495 933 1535 v.
955 1471 1018 1535 332
1045 1477 1086 1536 τὰ
1112 1480 1175 1537 τῶν
1201 1470 1324 1556 ἑτέρων,
1357 1494 1419 1557 quo
1449 1473 1529 1553 loco,
1559 1473 1594 1536 id

192 1575 278 1659 quod
301 1597 463 1660 nusquam
485 1576 562 1639 alibi
585 1574 631 1656 fit,
656 1575 740 1639 duae
763 1576 888 1639 articuli
912 1575 1035 1640 formae
1058 1578 1143 1640 inter
1165 1598 1199 1639 sc
1223 1576 1428 1663 excipiunt.¹)

297 1679 475 1743 Homerum
498 1690 619 1763 negant
641 1682 843 1762 grammatici
867 1702 1019 1765 umquam
1043 1702 1117 1744 cum
1138 1681 1296 1744 infinitivo
1321 1683 1526 1745 conirmxisse
1547 1704 1595 1745 ar-

193 1784 327 1848 ticulum
343 1795 375 1847 et
391 1784 476 1869 quod
495 1810 513 1847 υ
529 1785 626 1869 52υη.
651 1786 788 1849 traditur
811 1783 882 1873 άνίη
899 1784 954 1849 καὶ
968 1790 1006 1850 τδ
1022 1786 1196 1872 φυλάσσειν
1206 1784 1208 1870 l
1220 1790 1378 1867 πάννυχον
1392 1786 1594 1873 ἐγρήσσοντα,

193 1889 367 1975 φυλάσσειν
393 1911 452 1974 pro
479 1888 680 1974 adpositione
709 1888 830 1953 habent
857 1890 956 1974 idque
979 1898 1078 1970 recte,
1108 1912 1182 1952 cum
1206 1890 1247 1954 ab
1272 1891 1410 1974 antiquis
1433 1890 1495 1953 illis
1517 1898 1595 1954 tem-

194 1993 325 2079 poribus
348 1993 401 2056 hic
424 2016 502 2057 usus
525 1992 621 2078 plane
643 1992 737 2057 absit.
777 1991 856 2079 quid
879 1994 965 2078 quod
988 2016 1029 2057 ne
1052 1994 1141 2078 apud
1164 1994 1344 2059 Hesiodum
1368 1995 1499 2079 quidem
1522 1995 1595 2079 plus

193 2121 293 2161 unum
320 2099 507 2184 exemplum
535 2100 699 2162 invenitur
727 2098 788 2183 Op.
813 2099 878 2162 314
905 2096 1033 2181 δαίμονι
1062 2095 1091 2164 δ)
1104 2088 1172 2177 οἶος
1198 2094 1313 2185 ἔησθα,
1341 2103 1379 2163 τδ
1401 2097 1595 2183 ἐργάζεσθαι

193 2204 331 2285 ἄμεινον.
377 2205 454 2266 item
479 2206 512 2267 in
536 2203 654 2287 elegeis
677 2202 771 2266 huius
794 2224 872 2266 usus
894 2212 1020 2265 tantum
1043 2204 1182 2286 vestigia
1206 2213 1328 2267 extant.
1367 2225 1443 2267 nam
1465 2212 1595 2288 praeter

194 2304 403 2369 Cleobulinae
431 2306 466 2387 2,
496 2307 515 2369 2
548 2306 603 2372 καὶ
635 2311 672 2372 τὸ
705 2306 764 2393 βίην
797 2306 886 2393 ῥέξαι
921 2316 1015 2372 τοῦτο
1047 2308 1252 2373 δικαιότατον
1284 2316 1316 2369 et
1347 2306 1492 2390 Theogn.
1522 2306 1594 2390 288,

194 2412 249 2496 qui
286 2433 401 2473 versus
439 2410 615 2475 admodum
653 2422 822 2497 corruptus
868 2420 926 2495 est,
971 2411 1077 2474 nullus
1123 2410 1279 2476 eiusmodi
1323 2411 1414 2475 locus
1459 2411 1596 2474 traditus

183 2513 282 2600 estss)

297 2619 367 2682 Iam
395 2642 494 2705 supra
522 2632 808 2686 commemoratum
837 2631 895 2703 est7
927 2623 959 2683 in
990 2621 1109 2704 elegeis
1140 2620 1335 2685 vocabulum
1363 2623 1457 2699 αὐτός
1484 2642 1596 2705 prono-

194 2725 288 2787 minis
311 2724 460 2788 reflexivi
482 2736 590 2810 partes
614 2728 788 2811 suscipere.
832 2726 919 2812 quod
942 2748 1016 2789 cum
1038 2726 1084 2806 fit,
1110 2724 1305 2809 ubicumque
1328 2726 1497 2808 genetivus
1520 2715 1597 2809 pen-

195 2828 273 2891 dens
301 2852 321 2891 a
348 2831 477 2892 nomine
504 2830 631 2913 legitur,
660 2830 815 2893 articulus
846 2852 1007 2915 nusquam
1034 2852 1098 2893 non
1123 2833 1261 2914 ponitur.
1308 2839 1421 2892 contra
1446 2828 1509 2892 loci
1542 2829 1596 2891 ho-

194 2935 306 2995 merici
334 2956 370 2996 eo
400 2943 511 2996 carent
541 2945 670 3019 praeter
697 2934 713 2997 I
741 2934 804 2997 342
830 2940 888 3023 την
917 2938 1016 3000 αὐτοῦ
1045 2932 1147 3021 φιλέει
1176 2933 1235 3018 (sc.
1265 2934 1404 3016 άλοχον).
1450 2936 1527 2996 item
1559 2955 1597 2995 eo

194 3038 274 3119 loco,
299 3037 356 3101 ubi
384 3049 501 3103 σαυτοῦ
528 3048 628 3119 extat,
656 3040 769 3102 Mimn.
795 3040 823 3119 7,
850 3039 869 3102 3
900 3039 918 3103 ὁ
945 3040 1121 3124 praecedit,
1150 3039 1206 3102 ubi
1235 3060 1311 3101 vero
1335 3038 1495 3101 Homerus
1526 3059 1596 3121 pro-

194 3164 310 3205 nomen
335 3143 503 3227 personale
524 3143 659 3207 voculae
676 3147 770 3223 αὐτάς
785 3146 972 3229 praemittit,
996 3166 1153 3228 persaepe
1175 3142 1267 3205 deest
1287 3141 1450 3205 articulus.
1489 3144 1595 3205 minus

195 3256 303 3310 autem
329 3257 479 3310 constans
507 3248 633 3311 articuli
661 3272 737 3311 usus
765 3258 814 3311 est
839 3250 878 3312 iis
901 3248 990 3328 locis,
1020 3248 1135 3332 quibus
1159 3248 1254 3325 αὐτός
1276 3247 1343 3309 vim
1367 3245 1456 3309 latini
1481 3247 1594 3310 ‘idem’

300 3581 320 3647 ¹)
346 3583 424 3647 Apud
449 3584 596 3633 Homerum
620 3600 703 3633 unum
726 3583 815 3633 locum
839 3587 879 3632 ita
902 3568 1083 3648 comparatum
1108 3588 1199 3631 extare
1222 3588 1284 3631 sunt
1308 3583 1355 3646 qui
1376 3586 1479 3646 putent,
1501 3582 1530 3629 K
1546 3580 1596 3628 408

195 3676 250 3726 πῶς
269 3667 294 3721 δ’
297 3672 326 3719 αἱ
343 3676 398 3720 τῶν
416 3671 504 3721 ἄλλων
522 3672 622 3739 Τρώων
640 3671 765 3738 φυλακαί
780 3688 807 3720 τε
826 3672 872 3719 καὶ
891 3671 975 3733 εὐναί,
995 3686 1065 3735 quae
1083 3672 1151 3719 ratio
1170 3671 1290 3734 proxime
1308 3670 1449 3718 accederet
1467 3669 1501 3717 ad
1519 3683 1596 3717 usum

195 3761 374 3808 recentiorum
398 3762 563 3824 scriptorum.
595 3774 677 3823 quare
695 3760 748 3806 iam
767 3758 936 3806 Aristarchus
955 3758 1040 3806 haesit
1063 3759 1091 3805 in
1109 3758 1198 3807 verbis
1216 3757 1249 3805 iis
1273 3762 1300 3805 et
1318 3756 1442 3820 relegans
1464 3755 1498 3805 ad
1516 3773 1532 3804 α
1546 3757 1596 3804 225

196 3853 223 3896 et
240 3865 260 3896 ω
280 3849 330 3895 299
349 3846 400 3897 δαί
415 3849 527 3911 scripsit,
546 3847 684 3895 Duentaer
701 3861 765 3894 vero
784 3850 839 3900 πῶς
859 3837 921 3894 δἀῧ
940 3847 1081 3895 restituere
1099 3844 1194 3894 voluit.

298 3932 319 3999 2)
338 3935 421 3983 Miror
439 3935 607 3998 Kruegerum
624 3934 667 3981 Di.
685 3935 726 3994 50,
740 3936 763 3993 6,
777 3935 792 3980 3
811 3934 864 3982 huc
882 3934 980 3982 referre
999 3933 1118 3996 Theogn.
1142 3933 1251 3996 1077sq.
1268 3932 1321 3998 πρὸ
1338 3930 1369 3980 δὲ
1387 3932 1437 3979 τοῦ
1449 3930 1597 3995 μέλλοντος

150 4062 156 4080 ,
195 4021 309 4073 ἔσεσθαι
324 4022 328 4086 l
344 4021 377 4071 οὐ
399 4024 496 4081 ξυνετά
520 4024 633 4084 θνητοῖς
655 4017 759 4088 πείρατ’
779 4022 945 4086 ἄμηχανίης,
982 4037 1042 4069 cum
1066 4020 1175 4068 dubium
1201 4034 1258 4068 esse
1277 4035 1331 4067 non
1350 4018 1441 4083 possit,
1465 4019 1530 4081 quin
1549 4021 1598 4065 τοῦ

196 4126 257 4159 curn
281 4110 421 4174 participio
446 4108 663 4172 coniungendum
687 4110 727 4156 sit.
765 4115 884 4157 ceterum
908 4110 988 4157 etiam
1013 4107 1084 4172 apud
1106 4106 1224 4171 reliquos
1245 4111 1338 4170 poetas
1357 4106 1517 4153 vetustiores
1535 4106 1596 4152 arti-

196 4196 273 4245 culus
291 4212 350 4244 raro
369 4196 403 4244 ad
422 4195 584 4243 infinitivum
604 4195 715 4256 accedit,
735 4195 856 4243 velutin
875 4197 962 4260 priore
979 4195 1033 4243 vol.
1053 4194 1145 4258 fragm.
1166 4194 1232 4257 epic.
1252 4192 1409 4241 aKinkelio
1423 4190 1597 4240 collectorum

196 4299 250 4331 non
270 4289 343 4331 extat
362 4284 414 4330 nisi
432 4282 463 4330 fr.
479 4283 524 4330 181
546 4280 599 4331 ἁδὺ
619 4281 649 4332 δὲ
668 4282 714 4331 καὶ
732 4283 763 4331 τὸ
781 4283 931 4344 πυθέσθαι,
950 4296 1039 4346 neque
1057 4281 1107 4329 hoc
1127 4287 1228 4329 certum
1248 4284 1288 4328 est
1307 4278 1468 4343 exemplum,
1488 4294 1547 4327 cum
1566 4278 1597 4325 τὸ

197 4372 277 4419 etiam
297 4386 343 4434 pro
367 4371 525 4433 pronomine
544 4369 752 4418 demonstrativo
771 4369 864 4418 haberi
887 4370 983 4433 possit3
1007 4368 1039 4417 cf.
1058 4367 1192 4416 Stummer
1210 4366 1228 4416 l.
1247 4382 1269 4415 c.
1288 4383 1313 4431 p.
1332 4368 1372 4414 63.
1411 4380 1444 4413 ex
1462 4365 1598 4413 Alcmanis

196 4455 317 4520 reliquiis
335 4456 456 4521 Krueger
474 4456 492 4505 l.
507 4473 528 4505 c.
542 4472 625 4504 unum
639 4459 705 4505 citat
717 4472 830 4516 versum,
850 4455 884 4504 ad
904 4471 982 4519 quem
1002 4454 1106 4503 accedit
1124 4454 1154 4503 fr.
1174 4456 1207 4503 35
1226 4454 1257 4503 τὸ
1270 4452 1355 4509 καλῶς
1367 4450 1545 4520 κιθαρίσδην,
1564 4451 1597 4500 cf.

197 4543 294 4593 Sitzler
317 4542 487 4606 (Festschrift
511 4542 558 4592 der
581 4543 725 4592 badischen
748 4543 913 4605 Gymnasien
938 4542 1081 4605 gewidmet
1104 4541 1151 4590 der
1173 4541 1341 4592 Universititt
1364 4538 1529 4602 Heidelberg
1551 4553 1598 4586 zur

197 4633 276 4686 Feier
294 4629 364 4679 ihres
382 4628 561 4695 500jahrigen
579 4630 732 4679 Jubilaums
754 4629 831 4694 1886)
851 4646 875 4695 p.
890 4630 931 4677 55.
