3392 5067
209 224 252 287 42

209 418 380 505 perierit.¹)
426 443 542 519 nempe
571 424 632 488 illis
654 429 865 514 temporibus,
893 429 1011 514 quibus
1039 428 1092 491 hic
1118 426 1246 491 libellus
1269 428 1409 510 scriptus
1432 434 1490 507 est,
1518 424 1618 489 haud

208 520 308 587 multo
331 533 403 607 post
426 525 553 591 Claudii
575 540 712 595 mortem
734 553 868 597 necesse
890 556 955 597 non
979 540 1048 597 erat
1070 531 1217 616 legentes
1240 530 1281 595 de
1304 553 1344 595 ea
1365 552 1411 611 re,
1435 551 1519 614 quae
1544 530 1617 593 cui·

209 647 271 713 que
294 638 372 691 nota
393 639 472 714 erat,
498 632 644 698 edocere.
684 646 780 722 atque
804 638 918 702 eodem
941 638 1037 703 modo
1060 640 1094 700 in
1116 636 1210 720 libro,
1234 658 1277 699 ex
1300 657 1362 723 quo
1379 634 1554 699 Suetonius
1580 643 1617 697 61

208 731 273 795 Dio
287 730 426 816 Cassius,
444 756 526 819 quae
543 737 583 803 de
599 738 648 802 his
664 739 756 805 Iuliis
771 742 985 827 tradiderunt,
1003 741 1260 825 desumpserunt,
1277 738 1361 802 duae
1377 737 1450 802 illae
1466 737 1616 802 feminae

208 839 320 899 mortis
342 859 462 921 genere
486 864 550 905 non
574 843 746 909 distinctae
769 847 868 910 fuisse
891 847 1051 911 videntur.
1092 845 1178 931 quod
1202 844 1288 908 enim
1310 842 1470 907 inferioris
1492 844 1615 906 aetatis

208 942 355 1025 scriptor,
379 945 525 1010 simodo
548 950 660 1031 potuit,
685 949 794 1013 facere
818 951 942 1033 debuit,
969 960 1006 1015 ut
1028 950 1109 1014 duas
1137 948 1235 1013 lulias
1259 948 1481 1031 distingueret,
1509 946 1544 1010 id
1570 948 1612 1028 ei,

208 1046 262 1129 qui
278 1048 347 1131 ipse
364 1068 402 1112 ea
417 1058 563 1135 tempora
578 1052 715 1135 viderat,
739 1056 913 1140 neglegere
928 1056 1027 1140 licuit,
1051 1055 1241 1141 praesertim
1258 1075 1332 1116 cum
1347 1052 1514 1115 historiam
1535 1073 1612 1114 con·

206 1150 349 1214 seribere
372 1152 479 1218 nollet.
510 1158 574 1221 iam
599 1180 672 1222 eum
689 1158 847 1224 Octaviae
871 1163 1009 1245 scriptor
1031 1182 1110 1241 rem,
1135 1161 1227 1222 cuius
1250 1167 1437 1221 accuratam
1460 1158 1611 1220 notitiam

204 1274 310 1338 neque
334 1278 375 1318 ex
399 1256 552 1325 Suetonio
575 1283 679 1347 neque
704 1285 746 1327 ex
769 1263 876 1329 Dione
898 1286 1005 1350 neque
1028 1287 1071 1327 ex
1094 1263 1165 1346 alio,
1190 1262 1276 1348 quod
1299 1261 1431 1347 quidem
1453 1263 1609 1342 sciamus,

206 1360 776 1454 6611616162)661111661116661111666
792 1379 927 1452 constat,
944 1369 1058 1434 melius
1071 1378 1269 1452 compertam
1285 1367 1436 1432 habuerit
1448 1387 1546 1451 quam
1562 1365 1611 1428 illi

205 1466 277 1549 ipsi,
289 1467 447 1551 suspicari
455 1467 807 1538 licetOctaviamhaud
815 1474 915 1539 multo
928 1484 1001 1559 post
1008 1473 1146 1539 Neronis
1159 1482 1306 1557 tempora
1316 1472 1526 1556 compositam
1535 1492 1610 1533 esse

205 1567 247 1632 ab
268 1569 405 1656 homine,
419 1576 473 1658 qui
489 1583 544 1637 aut
560 1577 625 1638 suis
638 1577 738 1641 oculis
754 1588 909 1663 tempora,
927 1601 1011 1663 quae
1024 1578 1204 1663 descripsit,
1217 1576 1299 1641 vidit
1311 1585 1368 1640 aut
1382 1598 1422 1639 ea
1434 1596 1518 1661 quae
1534 1597 1608 1660 pro·
1672 1595 1673 1608 ¹

205 1672 277 1737 tulit
300 1697 342 1738 ex
358 1686 488 1741 auctore
504 1674 691 1765 desumpsit,
717 1684 839 1767 quires
856 1704 895 1745 ea
912 1692 1018 1746 aetate
1041 1691 1150 1766 gestas
1166 1683 1350 1746 accuratius
1371 1680 1605 1766 explicaverat.

310 1780 375 1844 Sed
400 1780 533 1847 Tacitus
561 1784 647 1848 Anu.
672 1785 775 1850 XIIII
798 1786 854 1871 63,
886 1785 942 1850 ubi
969 1785 1143 1851 Octaviam
1174 1786 1352 1869 relegatam
1382 1805 1452 1847 esse
1482 1791 1604 1864 narrat,
1672 1825 1673 1828 =

205 1882 421 1969 Agrippinam
444 1894 476 1949 61
498 1887 633 1953 alteram
656 1889 784 1973 Iuliam,
809 1889 997 1955 Germanici
1021 1891 1121 1955 filiam
1138 1889 1220 1971 dico,
1245 1912 1343 1975 quam
1358 1888 1400 1953 ab
1424 1889 1519 1953 huius
1542 1896 1605 1951 tra·
1672 1881 1673 1954 J

204 1988 340 2071 gocdiae
368 1993 524 2076 scriptore
548 2015 613 2057 11611
641 1995 817 2077 significari
844 1995 940 2059 modo
970 1996 1273 2077 demonstravimus,
1302 1994 1491 2057 coniunctas
1519 2014 1603 2055 oom—
1672 2059 1673 2072 ,

204 2103 360 2157 memorat
391 2095 485 2161 simili
517 2096 613 2161 modo
641 2108 673 2161 et
701 2099 814 2163 eadem
839 2102 1010 2163 occasione
1037 2099 1114 2163 data
1140 2108 1239 2183 atque
1267 2096 1427 2162 Octaviae
1454 2098 1601 2182 scriptor.

187 2196 341 2280 legimus
369 2202 456 2264 enim
479 2202 568 2288 apud
590 2202 741 2268 Tacitum
764 2204 862 2267 haec:
892 2227 954 2267 aori
976 2204 1044 2267 alio
1067 2203 1142 2266 carol
1169 2203 1330 2266 oiseatium
1357 2201 1460 2265 oeulos
1482 2201 1602 2263 maiore
1672 2187 1673 2224 ³

203 2302 419 2368 misericordia
443 2306 569 2392 adfecit.
593 2308 795 2371 meminerant
817 2310 918 2371 (11111116
931 2310 1053 2393 quidam
1076 2307 1270 2393 Aprippiaue
1293 2330 1314 2369 o
1341 2305 1473 2383 Tiberio,
1497 2326 1600 2368 recca-
1672 2311 1673 2348 l

309 2499 329 2561 ¹)
349 2500 452 2549 Tamen
468 2501 512 2549 Fr.
525 2500 658 2550 Biicheler
675 2516 708 2550 ex
721 2501 848 2564 Senecae,
862 2503 959 2564 Taciti,
972 2502 1067 2551 Dionis
1085 2501 1152 2550 locis
1169 2499 1274 2550 collatis
1292 2516 1352 2548 cum
1372 2500 1419 2561 eis,
1437 2513 1507 2564 quae
1526 2497 1598 2547 Suet.

205 2584 298 2634 Claud.
318 2587 351 2635 29
379 2588 474 2637 tradit:
504 2588 648 2653 ‘Iuliasque
666 2589 778 2639 alteram
797 2590 878 2639 Drusi
901 2589 1013 2639 alteram
1032 2588 1185 2637 Germanici
1203 2587 1285 2636 filiam
1310 2587 1408 2636 occidit
1431 2585 1599 2650 (Claudiusl',

204 2673 320 2722 coniecit
337 2674 419 2723 Drusi
437 2674 520 2724 filiam
538 2676 616 2738 ferre,
637 2674 790 2725 Germanici
808 2677 880 2725 farne
898 2677 1018 2741 periisse.
1050 2676 1162 2725 adnotat
1180 2676 1252 2724 enim
1270 2675 1305 2724 ad
1323 2672 1434 2738 Apocol.
1459 2674 1549 2738 (quem
1567 2674 1597 2722 li·

203 2759 305 2809 bellum
319 2762 402 2811 edidit
421 2764 449 2811 in
463 2762 593 2827 ‘symbola
610 2764 704 2829 philol.
724 2766 809 2814 Bonn.
829 2767 857 2813 in
876 2763 939 2813 hon.
952 2763 1094 2813 Ritschelii
1112 2761 1182 2812 eoll'
1197 2763 1306 2827 Lipsiae
1320 2761 1399 2827 1878)
1418 2759 1507 2810 locum
1520 2776 1599 2825 supra

201 2849 312 2897 citatum
332 2848 368 2911 (X
384 2849 426 2915 4)=
445 2851 537 2900 ιΒ61116
556 2850 673 2916 (Julian)
691 2851 772 2901 fielen
791 2848 874 2901 durch
892 2850 1051 2903 Messalinas
1069 2850 1232 2900 Eitersucht:
1252 2854 1341 2898 1116161
1358 2849 1402 2897 die
1419 2848 1535 2897 Tochter
1552 2848 1598 2896 des

202 2934 380 2985 Germanicus
398 2937 454 2985 und
473 2937 507 2986 da
525 2937 612 2987 dieser
630 2939 714 2988 durch
726 2938 862 3005 Adoption
874 2940 933 2988 Tib.
947 2937 1017 3003 Aug.
1028 2937 1100 2987 filius
1118 2938 1173 2987 divi
1185 2937 1253 3002 Aug.
1272 2952 1356 3002 nepos
1367 2952 1431 2999 war,
1448 2935 1597 2987 Urenkelin

202 3021 328 3087 Augusta
351 3023 394 3072 die
412 3024 510 3074 Niehte
534 3025 580 3075 des
600 3025 738 3089 Claudius,
761 3025 864 3075 welche
889 3028 925 3075 im
944 3026 1027 3076 Jahra
1046 3027 1078 3074 41
1103 3025 1238 3074 verbannt
1260 3023 1331 3073 ward
1354 3022 1415 3088 (mit
1432 3023 1474 3073 ihr
1497 3022 1598 3072 Seneca

203 3109 242 3158 als
265 3110 455 3161 Theilnehmer
477 3127 512 3161 an
539 3112 616 3163 ihren
639 3112 908 3178 Aussohweifungen)
935 3113 989 3162 und
1013 3113 1076 3162 bald
1098 3112 1196 3161 darauf
1220 3110 1273 3160 (1611
1299 3110 1496 3176 Hungertod
1518 3109 1595 3158 starb.

202 3197 283 3245 Danu
302 3197 345 3246 die
363 3198 480 3248 Tochtcr
498 3198 544 3250 des
562 3200 674 3263 Drusus,
698 3201 744 3250 des
763 3202 866 3252 Schnes
885 3201 987 3263 1111616,
1011 3199 1123 3265 folglich
1145 3199 1215 3248 auch
1234 3198 1386 3250 Urenkelin
1404 3197 1530 3262 Augusts,
1552 3212 1595 3245 au·

201 3284 290 3349 gleich
315 3285 568 3337 Schwestertochter
591 3288 637 3338 des
656 3288 793 3348 Claudius,
816 3288 919 3338 welche
942 3290 979 3336 im
1001 3288 1085 3338 Jahre
1103 3289 1136 3335 43
1159 3302 1213 3335 von
1237 3285 1349 3335 Suillius
1371 3283 1519 3350 angeklagt
1541 3283 1596 3332 und

201 3372 430 3437 hIngerichtet
442 3375 528 3439 ward3
546 3375 599 3424 Dio
612 3376 689 3424 LX8
707 3377 763 3425 und
785 3378 824 3438 18,
843 3376 907 3425 Tac.
920 3376 989 3425 Anu.
1008 3375 1087 3424 XIIII
1104 3376 1137 3423 63
1156 3374 1212 3423 und
1230 3373 1296 3421 XIII
1311 3374 1353 3422 43.
1389 3373 1515 3422 Letztere
1532 3372 1595 3421 wird

202 3475 237 3509 au
256 3460 343 3510 dieser
365 3461 449 3511 Stella
473 3464 523 3511 wie
547 3478 600 3512 von
624 3462 725 3512 Suetou
748 3462 951 3529 vorangestellt,
973 3461 1034 3511 weil
1057 3463 1096 3511 sie
1114 3460 1157 3511 die
1175 3460 1260 3510 1111616
1278 3460 1334 3509 und
1356 3459 1439 3509 durch
1458 3459 1515 3509 drei
1533 3459 1594 3509 Ver·

201 3546 366 3613 miihlungen
389 3549 587 3599 bedeutendere
604 3565 660 3598 war
678 3548 739 3615 (mit
762 3550 841 3612 Nero,
865 3549 1040 3599 Germanicus
1062 3548 1149 3611 Sohu,
1176 3550 1226 3598 mit
1248 3548 1329 3612 Sejan
1351 3547 1406 3596 und
1429 3546 1498 3596 Rub.
1516 3546 1593 3596 Blan-

200 3634 276 3699 dus)'.
312 3640 403 3685 tamen
421 3642 570 3701 propterea,
589 3637 661 3701 quod
679 3638 708 3686 in
726 3636 955 3702 Apocolocyntosi
973 3651 1006 3686 ea
1022 3636 1101 3698 Iulia,
1124 3650 1194 3700 quae
1211 3635 1280 3685 ferro
1300 3649 1377 3684 caesa
1395 3639 1443 3696 est,
1462 3636 1533 3699 prior
1549 3650 1594 3683 no-

200 3722 325 3783 minatur,
345 3723 415 3787 apud
435 3722 592 3772 Suetonium
611 3738 674 3773 vero
692 3724 774 3773 Drusi
792 3723 856 3786 filia,
874 3729 968 3787 utpote
986 3724 1072 3772 maior
1090 3728 1164 3784 natu,
1183 3724 1270 3787 priore
1288 3720 1348 3771 loco
1366 3720 1494 3782 adfertur,
1513 3722 1592 3785 suspi-

201 3810 255 3857 cari
274 3825 328 3858 uon
341 3809 406 3859 licet
422 3811 452 3858 in
464 3809 691 3875 Apoeolocyntosi
703 3825 811 3875 quoque
823 3812 951 3859 maiorem
964 3809 1069 3872 Iuliam,
1088 3824 1158 3875 quae
1170 3810 1301 3874 posterior
1313 3808 1419 3871 occidit,
1437 3809 1525 3872 priore
1537 3808 1593 3858 loco

200 3895 353 3961 significari,
377 3911 464 3962 neque
483 3896 594 3946 verbum
613 3894 748 3963 ἀπέσφαξεν,
772 3898 843 3963 quod
861 3898 933 3963 apud
951 3897 1067 3947 Dionem
1089 3896 1196 3962 legitur,
1219 3896 1248 3944 in
1271 3911 1353 3945 causa
1372 3910 1430 3945 6666
1452 3900 1547 3960 potest,
1564 3900 1593 3944 ut

200 3988 335 4033 statuatur
358 3984 439 4033 Drusi
462 3984 545 4034 filiam
568 3984 638 4034 ferro
658 3987 772 4035 occisam
792 4000 862 4049 esse3
886 4000 948 4034 uam
971 3985 1023 4034 hoo
1041 3985 1147 4049 proprio
1167 3999 1247 4033 sensu
1270 3983 1421 4033 adhibitum
1439 3997 1497 4033 esse
1517 3997 1591 4032 1161116

199 4086 247 4136 pro
266 4076 338 4120 certo
357 4071 508 4121 adfirmabit
531 4073 583 4121 nisi
605 4074 628 4121 is
646 4074 693 4137 qui
712 4072 842 4122 Octaviae
861 4087 955 4121 versus
977 4072 1082 4137 legerit.
1119 4071 1186 4120 haec
1207 4072 1290 4135 igitur
1307 4085 1350 4119 res
1367 4070 1483 4119 discerni
1502 4072 1591 4134 nequit

200 4160 252 4208 nisi
271 4158 400 4208 Octaviae
423 4158 531 4209 fabulae
549 4159 670 4209 versibus
692 4161 721 4208 in
746 4160 877 4209 auxilium
895 4160 1010 4222 vocatis,
1034 4158 1185 4224 Buecheler
1208 4163 1299 4207 tamen
1322 4157 1453 4207 Octaviae
1471 4171 1590 4205 versuum

201 4246 333 4295 rationem
351 4261 406 4294 uon
424 4245 525 4295 habuit.
556 4248 648 4311 itaque
666 4246 797 4295 divinavit
815 4246 924 4310 quidem
943 4261 1044 4308 verum,
1058 4246 1137 4295 certis
1155 4246 1320 4309 argumentis
1338 4243 1589 4308 noncomprobavit.
1670 4293 1671 4308 ἶ

304 4331 325 4395 ²)
343 4333 385 4383 Ne
398 4347 431 4381 ex
444 4334 537 4382 'IacIto
552 4334 671 4398 quidem,
690 4349 751 4382 nam
765 4335 787 4383 is
800 4333 833 4381 (16
845 4332 976 4381 Iuliarum
989 4337 1075 4381 1116116
1093 4331 1160 4381 haee
1172 4337 1277 4380 tantum
1296 4330 1378 4381 tradit
1389 4328 1458 4379 Ann.
1471 4330 1537 4379 XIII
1547 4331 1589 4378 32:

199 4423 269 4469 ‘narn
293 4425 354 4484 post
375 4420 481 4481 Iuliam,
504 4420 585 4469 Drusi
607 4420 698 4482 liliam,
717 4420 778 4469 dolo
801 4418 966 4469 Messalinae
988 4419 1165 4468 interfectam'
1190 4423 1217 4468 61
1238 4418 1305 4467 XIII
1321 4420 1367 4467 42:
1392 4417 1497 4467 ‘Iuliam
1514 4418 1588 4467 Drusi
1669 4459 1670 4462 ,

199 4507 281 4557 filiam
301 4508 482 4572 Sabinamque
504 4508 656 4573 Poppaeam
680 4508 713 4557 ad
736 4512 848 4556 1116116111
872 4507 963 4556 actas'.
999 4506 1047 4556 sed
1069 4508 1098 4555 iu
1115 4504 1261 4555 Annalium
1283 4505 1359 4555 libris
1377 4504 1522 4569 deperditis
1543 4506 1587 4553 for·
1668 4505 1669 4508 ’

199 4600 270 4645 tasse
288 4594 415 4645 Iuliarum
436 4610 505 4645 111616
524 4596 674 4644 accuratius
693 4592 844 4660 significata
863 4599 928 4656 erat,
946 4610 1016 4659 quae
1034 4608 1076 4644 166
1093 4595 1148 4643 iam
1160 4592 1195 4643 ad
1212 4592 1346 4657 liquidum
1365 4592 1475 4658 perduci
1492 4594 1586 4657 nequit.
