3392 5067
301 412 413 497 Magni
436 420 553 492 autem,
585 421 620 475 ut
643 410 780 488 videtur,
809 414 963 476 momenti
995 412 1038 475 ad
1069 414 1290 496 quaestionem
1319 412 1360 476 de
1384 433 1447 497 qua
1469 415 1600 496 agimus

199 516 438 603 expediendam
453 522 527 579 sunt
550 515 622 579 Oct.
643 498 703 579 1'93
716 536 798 600 sqq,
822 537 902 599 quos
925 517 989 581 iam
1005 515 1110 580 Bothe
1133 525 1165 580 et
1180 516 1285 580 Ritter
1307 527 1397 581 reete
1421 518 1467 580 sic
1492 516 1598 581 distri·

198 621 387 705 buu-unta)
415 621 549 685 Nutrix:
572 619 691 683 violare
712 620 818 704 prima
840 641 917 703 qaae
940 630 1024 683 toros
1046 642 1125 683 ausa
1147 630 1191 684 eet
1214 630 1281 683 tuos
1300 620 1305 705 Ι
1325 622 1518 706 animumque
1540 622 1599 684 do-

197 725 276 788 mini
296 724 430 810 famula
452 723 590 809 possedit
613 724 679 802 diu,
700 723 704 807 1
726 723 788 785 iam
820 724 926 787 metuit
955 725 1070 789 eodem.
1102 763 1143 771 -
1174 723 1258 789 Oct:
1282 747 1390 810 nempe
1413 725 1601 810 praelatam

198 828 265 892 sibi.
294 828 423 912 lNutr.:
447 827 585 891 subiecto
609 838 636 890 et
658 827 790 903 humilis,
819 838 908 911 utque
935 827 1124 918 oronimeata
1147 828 1275 906 extruit,
1295 828 1300 913 l
1319 828 1431 913 quibus
1459 831 1601 893 timorem

190 934 288 1018 fasso
316 943 447 995 testatur
473 954 574 994 suum.
620 934 683 995 iam
712 930 895 995 aGrutero
924 934 1088 1015 cognitum
1116 941 1164 995 est
1194 932 1253 998 hos
1280 955 1395 998 versus
1422 934 1465 998 ad
1489 936 1601 997 Acten

196 1038 345 1102 libertam
362 1060 381 1099 a
395 1036 523 1100 Nerone
540 1045 680 1100 amatam
702 1038 874 1120 pertinere.
918 1038 1027 1121 itaque
1051 1036 1100 1101 his
1115 1036 1266 1101 versibus
1281 1039 1472 1103 adfirmatur
1488 1038 1599 1101 Acten

197 1143 325 1223 timere,
361 1163 402 1204 ne
429 1139 543 1205 eodem
570 1139 665 1205 modo
693 1149 792 1225 atque
820 1143 892 1226 ipsa
919 1139 1077 1205 Octaviae
1108 1141 1171 1205 alia
1198 1139 1414 1227 (significatur
1441 1143 1600 1227 Poppaea

198 1245 333 1330 Sabina)
366 1245 426 1309 sibi
449 1246 660 1331 praeferatur,
690 1246 822 1328 eiusque
846 1246 967 1308 timoris
991 1254 1158 1331 tamquam
1181 1248 1366 1310 testimonia
1387 1255 1600 1311 monumenta

198 1358 359 1413 extruere.
406 1350 517 1413 Brenn
540 1358 649 1413 autem
671 1348 729 1412 hos
753 1348 860 1412 Taciti
881 1348 979 1430 locos,
1009 1339 1126 1434 quibus
1149 1349 1190 1413 de
1215 1350 1298 1414 Acte
1322 1373 1427 1414 sermo
1450 1351 1495 1433 fit,
1527 1373 1599 1435 pro-

198 1453 283 1517 tulit:
312 1452 398 1517 Ann.
423 1452 508 1517 XIII
534 1453 582 1516 12.
609 1452 658 1516 13.
683 1452 735 1537 46,
766 1452 870 1517 XIIII
892 1453 944 1534 63,
975 1453 1079 1517 XIIII
1102 1453 1131 1518 2.
1178 1476 1314 1540 quorum
1335 1454 1447 1518 ultimo
1471 1465 1600 1519 tantum

198 1558 311 1644 paucis
339 1556 444 1621 Actae
470 1559 566 1621 timor
601 1559 744 1640 tangitur
775 1556 808 1641 (‘.
838 1607 843 1619 .
873 1608 879 1619 .
908 1558 1150 1644 immissamque
1177 1559 1284 1621 Acten
1312 1558 1478 1640 libertam,
1513 1582 1599 1645 quae

199 1662 295 1727 simul
317 1683 372 1725 suo
396 1661 539 1746 periculo
563 1670 595 1725 et
617 1662 750 1725 infamia
770 1660 909 1725 Neronis
932 1663 1031 1725 anxia
1047 1661 1190 1727 deferret
1211 1663 1442 1747 pervulgatum
1465 1686 1536 1728 esse
1552 1666 1599 1727 in-

199 1775 346 1829 cestum.
370 1817 375 1828 .
399 1764 442 1851 3),
468 1766 525 1829 sed
548 1767 643 1829 timor
666 1764 708 1829 ab
732 1765 918 1851 Agrippina
940 1774 1054 1830 motus.
1102 1787 1167 1851 qua
1190 1766 1232 1831 de
1254 1790 1353 1833 causa
1376 1770 1508 1832 minime
1532 1769 1598 1832 dici

197 1879 304 1955 potest
326 1868 484 1934 Octaviae
515 1871 705 1954 scriptorem
733 1870 766 1933 in
794 1870 842 1933 bis
866 1870 1016 1934 versibus
1046 1870 1228 1935 scribendis
1250 1871 1357 1936 Taciti
1381 1872 1525 1937 Annales
1548 1896 1598 1937 re-

199 1977 354 2060 spexisse.
401 1996 506 2058 neque
537 1983 610 2037 ante
639 1974 816 2038 Braunium
840 1975 1010 2059 quisquam
1041 1974 1214 2057 dubitavit,
1245 1977 1323 2061 quin
1353 1974 1414 2040 hoc
1438 1977 1597 2042 Octaviae

198 2080 266 2143 loco
291 2080 331 2144 de
355 2102 389 2143 re
407 2080 558 2143 certiores
581 2078 743 2160 fieremus,
768 2101 866 2163 quam
887 2100 929 2141 ex
952 2100 1061 2142 rerum
1078 2079 1296 2144 Romanarum
1319 2082 1475 2167 scriptore
1492 2084 1598 2166 cogni-
1660 2112 1665 2117 ·

198 2193 264 2247 tam
288 2206 352 2247 non
375 2182 541 2264 babemus,
566 2182 639 2247 dico
662 2182 768 2246 Acten
791 2191 1002 2247 monumenta
1024 2185 1218 2247 extruxisse.
1266 2207 1340 2248 cum
1362 2194 1598 2269 autem'usque

200 2288 242 2351 ed
266 2288 426 2351 Ritterum
448 2289 641 2373 interpretes
663 2308 733 2350 rem
756 2289 801 2351 ita
824 2286 1066 2371 explanassent,
1090 2297 1126 2351 ut
1148 2287 1295 2354 dicerent
1309 2288 1418 2353 Acten
1441 2288 1482 2353 de
1499 2290 1597 2353 Nero-

200 2394 250 2455 nis
273 2414 381 2455 amore
405 2391 565 2456 deiectam
588 2390 648 2455 diis
671 2390 793 2475 templa
816 2390 1018 2473 aedificasse,
1041 2389 1187 2477 Ritterss)
1211 2394 1263 2456 cui
1285 2392 1416 2478 Veteri)
1440 2393 1598 2456 adsensus

201 2506 258 2579 est,
282 2497 343 2559 nisi
367 2495 407 2559 dc
430 2496 644 2560 monumentis
668 2495 904 2580 sepulcralibus
928 2497 1062 2579 cogitari
1085 2518 1180 2581 posse
1203 2506 1311 2579 negat.
1345 2506 1377 2561 et
1399 2497 1537 2583 Ritter4)
1555 2519 1597 2560 ex

201 2622 247 2681 eo,
271 2599 358 2683 quod
385 2608 452 2664 tota
474 2622 525 2663 res
553 2609 620 2663 tam
643 2599 746 2681 exilis,
774 2607 841 2663 tam
864 2599 1057 2664 secundaria
1080 2611 1175 2682 esset,
1205 2600 1362 2666 conclusit
1389 2600 1488 2665 talem
1512 2623 1596 2665 com-

200 2706 463 2768 memorationem
485 2703 527 2768 ab
556 2725 593 2767 eo
616 2704 837 2768 tantummodo
861 2695 1018 2788 proficisci
1042 2707 1194 2789 potuisse,
1219 2706 1274 2789 qui
1298 2704 1363 2769 suis
1387 2705 1489 2770 oculis
1512 2728 1596 2792 quae

201 2807 284 2871 Acte
307 2806 417 2872 molita
441 2818 526 2871 esset
548 2807 598 2871 vel
615 2810 683 2871 eius
706 2810 811 2894 operis
834 2807 987 2893 reliquias
1010 2808 1152 2874 vidisset.
1196 2811 1254 2873 sed
1276 2812 1345 2873 iure
1361 2809 1497 2894 Vater⁵)
1521 2811 1596 2874 huic

200 2912 315 2975 Ritteri
330 2922 520 2995 argumento
537 2914 685 2998 opposuit
707 2912 784 2976 talia
799 2911 901 2976 Actes
924 2922 1132 2977 monumenta
1148 2913 1342 3000 sepulcralia
1363 2915 1596 2999 posterioribus

201 3037 327 3100 quoque
361 3016 561 3100 temporibus
595 3016 637 3079 ab
668 3016 825 3080 Octaviae
860 3018 1018 3102 scriptore
1049 3017 1152 3085 ‚videri
1188 3019 1339 3103 potuisse.
1392 3021 1501 3102 itaque
1535 3040 1595 3081 nec

200 3120 306 3183 Ritter
327 3126 393 3183 'nec
414 3120 517 3184 Vater
545 3143 587 3184 ex
613 3120 674 3184 illis
698 3120 857 3185 Octaviae
884 3122 1034 3186 versibus
1062 3124 1142 3186 certi
1170 3124 1345 3208 quicquam
1373 3122 1413 3186 de
1440 3131 1593 3208 tempore,

200 3246 262 3307 quo
294 3221 375 3286 haec
404 3224 572 3308 tragoedia
603 3226 785 3309 conscripta
819 3235 919 3307 esset,
968 3226 1084 3290 elicere
1115 3235 1298 3312 potuerunt.
1337 3226 1483 3312 Braun⁶)
1517 3249 1594 3290 vero

200 3326 286 3391 hunc
315 3326 421 3391 locum
453 3338 639 3413 corruptum
669 3350 739 3391 esse
770 3332 890 3410 statuit,
922 3329 1011 3393 nulla
1041 3330 1105 3394 alia
1135 3329 1175 3393 de
1206 3353 1305 3395 causa
1335 3331 1396 3393 nisi
1427 3330 1514 3415 quod
1542 3352 1594 3394 res

200 3440 360 3513 narratur,
385 3432 506 3517 deque
530 3454 636 3516 neque
659 3436 703 3496 ex
718 3433 831 3497 Tacito
855 3456 962 3518 neque
985 3456 1027 3497 ex
1050 3435 1111 3499 alio
1135 3436 1291 3520 scriptore
1315 3436 1488 3520 quicquam
1512 3456 1593 3498 com·

200 3545 327 3619 pertum
343 3536 511 3618 habemus,
536 3546 567 3600 et
584 3537 793 3602 scribendum
809 3561 879 3602 esse
897 3539 1048 3603 coniecit:
1074 3544 1092 3602 ‘.
1111 3591 1117 3602 .
1136 3589 1142 3602 .
1160 3551 1258 3625 atque
1273 3550 1437 3603 momenta
1453 3539 1593 3619 extruit’,
1675 3529 1676 3532 ¹

201 3639 286 3725 quod
316 3642 544 3726 interpretatus
573 3649 622 3703 est
653 3641 730 3705 ‘und
760 3644 806 3705 sie
834 3645 943 3729 spinnt
975 3643 1282 3727 Beschuldigungen
1312 3641 1421 3728 aus'.⁷)
1466 3643 1592 3725 videtis,

200 3766 263 3828 qua
285 3747 408 3808 ratione
424 3744 534 3809 Braun
557 3768 634 3808 usus
651 3746 699 3826 sit,
723 3756 759 3809 ut
782 3748 964 3830 opinionem
981 3771 1072 3812 suam
1092 3748 1260 3833 probaret:
1283 3747 1399 3828 locum,
1416 3747 1502 3831 quod
1518 3768 1592 3809 mox

341 3990 374 4038 In
392 3990 528 4039 codicibus
548 3992 636 4040 omnia
654 3990 720 4040 baec
738 3992 820 4041 verba
839 3993 937 4042 nutrici
955 3993 1115 4042 tribuuntur.

344 4075 383 4124 01.
403 4076 464 4140 p.X
485 4082 511 4126 et
529 4077 588 4125 adn.
609 4076 642 4126 ad
660 4079 756 4126 v.194.

303 4420 324 4485 6)
344 4419 383 4470 01.
403 4437 428 4485 p.
448 4424 489 4471 30.

304 4507 325 4572 ⁷)
345 4506 457 4557 Collatis
472 4507 525 4559 Cic.
546 4508 625 4559 Acad.
646 4511 713 4573 112,
739 4512 786 4561 Or.
802 4513 866 4562 Met.
885 4513 912 4561 Π
925 4515 984 4576 285,
1009 4529 1067 4580 epp.
1088 4530 1120 4565 ex
1139 4516 1217 4565 Pont.
1236 4516 1290 4565 IIII
1310 4517 1349 4577 13,
1362 4517 1404 4579 49,
1424 4515 1493 4566 Gell.
1513 4516 1543 4565 N.
1561 4518 1588 4566 A.

198 4595 263 4645 XIH
282 4596 323 4657 24,
348 4594 409 4645 Sen.
427 4596 475 4662 Ag.
496 4598 553 4646 149.
577 4597 635 4648 ΗΟ.
656 4599 713 4648 718,
