3392 5067
1445 192 1509 258 335

114 384 297 449 tribrachus
332 384 549 447 conformatus
584 390 633 445 est
668 381 752 446 binis
789 380 1021 467 posterioribus
1056 380 1147 445 verbi
1182 381 1316 466 syllabis
1351 394 1389 446 et'
1419 386 1509 448 initio

114 491 262 573 proximi,
293 488 478 552 accuratius
508 485 671 570 agendum
701 508 772 549 esse
802 496 889 572 pute.
936 495 1010 549 sunt
1041 494 1149 549 autem
1177 486 1224 549 hi:
1263 488 1420 552 Henioch.
1452 487 1506 572 5,,
1533 467 1536 489 ’

114 589 270 677 ἐλευθέρί
291 589 453 680 ἀφίκοντο,
486 590 660 675 Philippid.
686 590 746 673 27,
777 592 965 679 ὑπερήφανα
994 585 1065 674 ἐγώ.
1111 591 1175 653 iam
1203 593 1274 676 quis
1302 613 1422 676 quaeso
1450 602 1508 676 est,
1536 657 1539 700 ¹,

114 698 190 781 quin
217 696 356 780 legendo
384 696 492 760 statim
520 697 637 759 sentiat
664 695 922 759 molestissimam
949 716 1019 758 esse
1046 693 1144 758 talem
1172 695 1327 759 tribrachi
1351 696 1508 762 formam?

114 810 148 864 at
178 803 247 886 ipse
277 801 451 885 Euripides
481 799 532 864 bis
568 801 613 864 ita
648 802 814 885 scripsisse
844 798 986 863 videtur:
1026 798 1099 863 Hel.
1132 799 1195 863 700
1224 797 1378 883 Μενέλαε,
1413 800 1511 886 κάμοὶ

113 903 274 987 πρόσδοτέ
294 931 328 970 τι
349 914 404 991 τῆς
431 905 554 994 ἡδονῆς,
586 905 641 988 qui
671 903 770 985 locus,
802 925 897 989 quem
925 891 1060 967 adferre
1084 904 1186 968 solent
1213 905 1274 967 viri
1304 905 1401 986 docti,
1432 905 1511 969 mihi

115 1009 246 1094 quidem
269 1008 365 1092 longe
387 1009 481 1073 aliter
504 1018 707 1094 comparatus
731 1030 802 1071 esse
830 1008 969 1072 videtur.
1015 1008 1132 1072 vocula
1162 1009 1248 1072 enirn
1277 1008 1510 1094 monosyllaba,

114 1113 186 1177 dico
217 1114 400 1177 encliticam
430 1138 471 1193 τι,
503 1135 586 1198 quae
618 1115 721 1198 posita
752 1121 800 1176 est
830 1115 1015 1197 posterioris
1045 1114 1125 1176 arsis
1156 1112 1301 1197 syllabae
1331 1112 1411 1197 loco,
1442 1123 1509 1178 tam

113 1227 182 1281 arte
203 1217 355 1281 cohaeret
377 1239 450 1280 cum
466 1239 547 1280 voce
568 1217 792 1297 antecedente,
815 1227 853 1280 ut
875 1216 916 1290 de
939 1216 1094 1280 incisione
1117 1216 1251 1280 molesta
1275 1227 1348 1301 post
1370 1219 1510 1302 priorem

113 1323 195 1385 arsis
219 1320 341 1386 solutae
364 1321 526 1405 syllabam
548 1323 683 1406 cogitari
706 1322 773 1385 fere
796 1330 946 1406 nequeat,
976 1320 1032 1384 sed
1060 1344 1122 1386 uno
1150 1323 1242 1406 quasi
1266 1320 1425 1386 vocabulo
1448 1322 1509 1388 for-

113 1435 219 1490 metur
246 1425 439 1490 tribrachus.
486 1448 587 1511 quare
615 1447 692 1489 num
721 1427 926 1489 coniecturae
949 1425 989 1488 ad
1015 1424 1101 1488 hunc
1124 1425 1231 1489 locum
1255 1426 1398 1510 prolatae
1426 1450 1444 1490 e
1474 1450 1509 1490 re

114 1532 248 1594 metrica
270 1531 473 1594 necessariae
497 1529 626 1606 fuerint,
650 1529 823 1593 adfirmare
846 1552 911 1594 non
933 1528 1047 1593 audeo.
1090 1528 1185 1613 longe
1209 1529 1302 1592 aliter
1323 1552 1376 1594 res
1400 1553 1434 1594 se
1455 1530 1509 1594 ha·

113 1633 169 1698 bet
190 1635 224 1698 in
247 1634 347 1698 altero
368 1633 533 1718 Euripidis
557 1632 637 1697 loco.
676 1635 748 1718 quis
773 1634 858 1696 enim
882 1632 1020 1713 dubitat,
1045 1634 1121 1717 quin
1144 1655 1185 1696 ne
1205 1633 1354 1718 Euripidi
1378 1635 1508 1718 quidem

112 1739 197 1801 inter
219 1739 361 1821 tragicos
384 1748 497 1823 poetas
521 1737 593 1800 talis
616 1759 730 1801 versus
754 1737 897 1802 adscribi
921 1739 1035 1822 possit:
1074 1736 1123 1802 El.
1148 1737 1213 1800 324
1238 1742 1411 1804 οὐπώποτε
1434 1743 1510 1821 χοὰς

113 1843 186 1907 οὐδὲ
205 1844 310 1907 κλῶνα
329 1841 487 1929 μυρσίνης.
526 1843 624 1906 immo
648 1834 723 1906 cum
742 1842 887 1905 Porsono
911 1841 1121 1905 scribendum
1140 1841 1284 1905 videtur:
1322 1845 1414 1908 abac}
1432 1846 1511 1924 χοάς

113 1942 189 2011 ποτ’
221 1947 295 2012 οὐδὲ
330 1998 336 2010 .
362 1994 369 2008 .
395 1997 402 2011 .
438 1945 495 2009 sed
530 1947 594 2009 iam
628 1946 797 2009 videamus
832 1946 874 2009 de
908 1945 1056 2008 versibus
1090 1967 1187 2030 supra
1224 1945 1365 2029 prolatis.
1411 1957 1508 2030 atque

114 2049 273 2114 Heniochi
303 2071 418 2113 versus
448 2051 692 2113 excusationem
725 2049 890 2135 quandam
925 2071 962 2112 ec
997 2048 1119 2114 habere
1149 2048 1290 2131 videtur,
1324 2050 1410 2135 quod
1445 2050 1509 2114 duo

116 2152 217 2217 verba
244 2152 375 2218 elisione
403 2155 491 2218 facta
513 2153 750 2240 quodammodo
777 2154 811 2217 in
838 2175 939 2217 unum
963 2153 1157 2234 coalescunt,
1181 2153 1227 2216 ita
1250 2162 1285 2215 ut
1308 2155 1509 2218 continenter

115 2258 353 2341 pronuntiando
392 2261 485 2345 quasi
519 2267 709 2342 contegatur
746 2259 859 2322 incisio
894 2258 949 2322 illa
981 2280 1095 2344 parurn
1130 2257 1270 2340 elegans.
1312 2257 1509 2343 ‚Philippidis

115 2370 224 2426 autem
244 2385 373 2426 versum
394 2364 538 2446 graviter
553 2372 740 2447 corruptum
757 2385 827 2425 csse
843 2364 941 2426 etiam
957 2363 1046 2426 hiatu
1062 2362 1245 2426 foedissimo
1263 2362 1508 2447 confirmatur-¹)

218 2492 257 2555 B.
297 2493 496 2557 Tribrachus
525 2501 652 2556 constat
679 2515 721 2555 ex
748 2492 970 2577 monosyllabo
998 2502 1029 2555 et
1064 2493 1203 2576 proximi
1234 2491 1385 2555 vocabuli
1419 2493 1509 2555 initio

115 2596 193 2660 locis
209 2595 346 2660 CVIIII.
388 2596 470 2660 haec
492 2597 649 2661 tribrachi
672 2597 775 2660 forma
798 2598 946 2681 proxime
969 2597 1098 2660 accedit
1120 2596 1162 2659 ad
1186 2618 1267 2676 eam,
1290 2617 1387 2680 quam
1411 2619 1510 2679 supra

116 2699 136 2761 2
152 2700 182 2762 Α
199 2701 438 2785 descripsimus,
463 2702 535 2765 dico
553 2704 640 2765 vocis
660 2701 914 2786 monosyllabae,
938 2723 1003 2786 qua
1022 2701 1120 2764 thesis
1137 2700 1287 2781 efficitur,
1313 2723 1385 2764 cum
1409 2701 1510 2764 verbo

115 2804 201 2888 quod
228 2805 393 2868 antecedit
420 2808 688 2870 coniunctionem.
716 2815 813 2890 atque
844 2805 1042 2869 adhibentur
1068 2803 1246 2889 particulae
1274 2803 1319 2884 δέ,
1346 2809 1414 2887 γάρ,
1442 2803 1508 2889 μέν,
1532 2813 1536 2867 t

116 2911 164 2989 ἄν,
199 2909 367 2972 encliticae
402 2913 446 2989 τὲ,
482 2911 525 2993 μὲ,
557 2908 616 2993 τὶς,
646 2908 679 2973 τὶ
708 2909 800 2972 aliae.
846 2911 913 2972 iarn
942 2908 1089 2973 adferam
1121 2908 1219 2990 locos,
1255 2907 1372 2994 quihus
1403 2930 1509 2971 mono-

116 3012 277 3096 syllabum
313 3035 387 3076 cum
417 3036 498 3076 voce
530 3016 715 3099 insequenti
745 3017 844 3077 artius
872 3012 1132 3096 coniungendam
1161 3022 1222 3075 est:
1265 3012 1397 3096 Antiph.
1430 3013 1506 3102 147,

114 3121 152 3182 τὸ
178 3117 317 3201 νομίσαι,
348 3117 429 3198 187,
457 3122 495 3183 τὸ
522 3122 665 3202 μεθύειν,
697 3117 778 3199 202,
808 3117 826 3183 ὁ
853 3119 1012 3200 βασιλεύς,
1040 3117 1179 3181 Nicostr.
1210 3116 1267 3198 15,
1297 3120 1335 3181 τὸ
1362 3116 1508 3201 μέγεθος,

115 3221 246 3286 Anaxil.
268 3222 331 3303 30,
355 3221 372 3286 ὁ
395 3226 553 3308 Κραναός,
576 3221 742 3284 Xenarch.
770 3222 829 3303 12,
853 3226 891 3286 τὸ
915 3226 1098 3305 θυγάτριον,
1125 3221 1219 3284 Alex.
1246 3220 1320 3301 15,5
1346 3216 1412 3285 δέκ’
1432 3223 1509 3302 ὀβο-

115 3328 186 3406 λῶν,
220 3326 302 3406 159,
335 3325 353 3390 ὁ
384 3329 536 3405 θάνατος,
567 3326 644 3407 186,
676 3329 714 3390 τὸ
744 3324 889 3409 τέμαχος,
917 3324 999 3407 276,
1030 3325 1047 3389 ὁ
1074 3320 1226 3410 Βρομίου,
1257 3324 1357 3406 Diph.
1386 3323 1450 3405 40,
1478 3323 1511 3389 τέ

116 3431 257 3511 δύναται,
281 3429 354 3511 6610
377 3426 444 3494 δέκ’
459 3431 593 3512 ὀβολῶν,
617 3429 675 3510 88,
699 3429 718 3493 ὁ
738 3433 889 3509 θάνατος,
913 3428 1049 3492 Philem.
1066 3428 1124 3508 53,
1149 3422 1227 3513 μεθ’
1246 3427 1364 3513 ἑτέρου,
1389 3427 1445 3508 04,
1471 3432 1511 3492 τὰ

114 3534 245 3618 μεγάλα,
267 3532 354 3596 Men.
372 3532 453 3615 245,
469 3537 524 3599 τὸν
539 3532 655 3619 ἕτερον,
678 3532 757 3614 542,
777 3536 833 3598 τὸν
848 3533 1028 3612 ἀδικοῦντα,
1052 3531 1135 3614 571,
1155 3536 1192 3597 τὸ
1208 3534 1328 3617 μόριον,
1355 3531 1452 3614 1087,
1478 3533 1511 3596 ἐν

115 3641 261 3721 ἀγαθοῖς,
286 3636 349 3699 780
371 3640 408 3701 τὸ
431 3636 584 3719 κατέχειν,
608 3637 783 3701 Archedic.
805 3637 841 3718 2,
866 3640 903 3702 τὸ
926 3637 1071 3718 λάχανον,
1095 3635 1261 3721 Euphron.
1277 3636 1310 3717 4,
1339 3639 1395 3700 τὸν
1414 3635 1510 3718 ἴδιον,

116 3740 265 3805 Machon.
283 3740 323 3824 2,
343 3744 383 3804 τὰ
402 3739 639 3826 παρατεθέντα,
661 3740 802 3803 Damox.
820 3740 875 3823 2,,
892 3741 910 3806 ὁ
930 3741 1055 3827 φύσεως
1069 3740 1167 3818 ἐντός.
1212 3739 1300 3823 apud
1317 3738 1510 3822 Sophoclem

114 3843 294 3928 nonnullas,
322 3844 431 3930 plures
458 3845 547 3930 apud
570 3843 760 3929 Euripidem
788 3843 919 3909 obviam
945 3845 1016 3907 fieri
1043 3843 1201 3908 eiusmodi
1229 3843 1400 3907 solutiones
1432 3846 1509 3907 satis

115 3958 226 4011 notum
249 3957 306 4012 est.

221 4077 257 4142 Ο.
297 4077 413 4141 Thesis
441 4087 567 4142 constat
596 4101 638 4141 ex
665 4077 897 4162 monosyllabo,
925 4079 1005 4140 arsis
1034 4077 1137 4140 soluta
1167 4099 1209 4140 ex
1239 4076 1400 4160 bisyllabo
1431 4077 1510 4141 locis

115 4181 295 4246 XXVIIH.
324 4182 364 4246 de
394 4181 456 4246 hoc
488 4181 652 4246 solutionis
679 4203 808 4266 genere,
837 4203 901 4267 quo
929 4183 1057 4267 saepius
1083 4181 1257 4267 Euripides
1285 4182 1346 4244 hac
1374 4184 1406 4245 in
1433 4182 1510 4245 sede

115 4308 192 4350 usus
216 4296 274 4364 est,
298 4309 475 4372 numquam
495 4286 679 4371 Aeschylus
702 4295 759 4350 aut
777 4285 963 4371 Sophocles,
984 4285 1070 4349 idem
1091 4284 1187 4362 valet,
1207 4284 1294 4370 quod
1313 4285 1409 4349 modo
1430 4285 1510 4348 dixi-

222 4479 241 4544 ¹)
261 4476 415 4546 ὑπερήφαν’
429 4476 506 4546 (ἔργ’)
524 4478 578 4545 ἐγὼ
597 4478 651 4545 μὲν
670 4478 779 4542 ἐξέστην
797 4475 865 4528 ἰδών
884 4493 968 4542 nuper
987 4479 1137 4542 suspicatus
1156 4483 1196 4526 est
1214 4476 1312 4526 Kaibel
1330 4478 1358 4526 in
1377 4476 1511 4526 Athenaei

115 4578 195 4630 quam
216 4566 319 4614 curavit
338 4564 463 4613 editione.
