3392 5067
368 199 374 207 ’
407 212 531 275 170

400 415 551 470 τοῢν
581 405 777 469 ὤλεσε
814 403 1103 489 praebet,
1150 407 1554 489 grammatici
1584 404 1692 471 alii
1725 405 1898 470 aliud
1934 406 2393 493 coniecerunt).
2443 446 2525 453 —-
2558 407 2695 472 διάε
2743 407 3030 491 Theogn.
3066 408 3188 471 511

400 513 617 590 βαθὺν
663 510 770 575 διὰ
813 516 1052 576 πόντον
1094 510 1395 591 ἀνύσσας,
1441 509 1522 574 de
1569 532 1696 595 quo
1743 533 1939 575 versu
1991 533 2069 574 ea
2115 511 2431 594 conferas,
2479 533 2646 596 quae
2698 514 2765 576 in
2820 514 3194 576 accusativo

402 613 739 676 tractando
774 612 864 698 (p.
904 613 1053 700 140)
1088 614 1262 678 dieta
1293 624 1440 678 sunt
1472 615 1656 700 (Hes.
1690 613 1815 700 Op.
1851 615 1978 680 635
2008 615 2214 682 πολὺν
2245 616 2352 681 διὰ
2381 618 2617 681 πόντον
2648 617 2938 699 ἀνύσσας,
2971 616 3192 702 hymn.

405 716 619 801 Apoll.
662 718 807 782 Del.
857 718 977 781 108
1022 716 1265 801 ταχέως
1310 720 1380 785 δὲ
1428 719 1679 809 διήνυσε
1724 727 1857 785 πᾶν
1900 724 1976 786 τὸ
2019 718 2305 808 μεσηγύ).
2375 759 2460 767 -
2540 720 2666 799 εἰς·
2724 721 3013 805 Theogn.
3064 723 3189 785 311

401 822 495 900 εἷς
548 821 619 886 δὲ
665 820 852 910 φέροι
904 828 987 888 τὰ
1032 824 1246 907 γελοῖα
1302 822 1505 910 (apud
1551 825 1929 904 Homerum,
1986 845 2380 910 quamquam
2431 825 2524 904 εἰς
2576 827 2640 889 in
2695 826 2883 889 tmesi
2935 824 3193 909 legitur,

402 934 617 989 tamen
673 949 990 1012 nusquam
1044 929 1138 1007 εἷς
1197 967 1281 975 -
1340 928 1555 1017 φέρειν
1599 927 1829 1014 extat).
1876 967 1962 975 —
2005 929 2103 993 ἕκτ
2161 928 2449 1013 Theogn.
2510 928 2680 993 1064
2734 931 2802 992 in
2860 931 3197 994 notissima

404 1030 680 1094 formula
740 1031 1067 1095 homerica
1134 1031 1204 1110 ἐξ
1271 1029 1413 1118 ἔρον
1478 1027 1742 1118 ἱέμενον.
1807 1070 1890 1079 -
1965 1034 2060 1100 ἒνε
2122 1033 2412 1117 Theogn.
2475 1032 2601 1096 869
2670 1029 2736 1100 ἔν
2787 1057 2901 1118 μοι
2965 1028 3195 1099 ἔπειτα

401 1133 596 1200 πέσοι
646 1136 743 1218 (A
782 1136 905 1199 134
946 1137 1016 1200 ἐν
1060 1131 1120 1202 δ’
1151 1133 1342 1203 ἔπεσε
1386 1136 1713 1225 ζωστῆρι).
1763 1176 1843 1185 --
1888 1136 2028 1204 ἒπίε
2076 1137 2366 1222 Theogn.
2402 1137 2529 1202 349
2561 1160 2656 1224 sq.
2705 1137 2819 1203 ἐπί
2861 1132 2922 1203 τ’
2951 1138 3197 1216 ἐσθλὸς

404 1239 619 1321 ὄροιτο
650 1242 658 1325 Ι
688 1238 935 1326 δαίμων
975 1240 1037 1326 (γ
1066 1241 1188 1304 471
1224 1240 1336 1306 ἐπὶ
1379 1239 1436 1309 δ’
1468 1241 1682 1328 ἀνέρες
1722 1242 1959 1309 ἐσθλοὶ
1986 1242 2232 1329 ὄροντο,
2285 1248 2351 1308 Ψ
2382 1242 2505 1307 112
2534 1242 2648 1309 ἐπὶ
2693 1239 2753 1310 δ’
2776 1246 2927 1330 ἀνὴρ
2956 1243 3199 1321 ἐσθλὸς

402 1346 645 1430 ὀρώρει,
694 1344 870 1429 alia),
937 1345 1098 1409 1357
1147 1343 1261 1411 ἐπὶ
1305 1346 1485 1430 ζυγὸν
1531 1346 1747 1428 αὐχένι
1797 1354 2004 1413 κεῖται
2065 1347 2248 1434 (HeS.
2282 1346 2405 1433 Op.
2439 1347 2564 1412 581
2626 1346 2741 1413 ἐπὶ
2793 1346 2947 1433 ζυγὰ
2998 1346 3198 1430 βουσὶ

402 1446 667 1537 τίθησιν
706 1459 770 1513 et
800 1449 1020 1534 hymn.
1057 1447 1200 1514 Cer.
1228 1450 1351 1513 217
1384 1447 1692 1536 τέτλαμεν
1723 1451 2095 1534 ἅνθρωποι·
2142 1450 2257 1517 ἐπὶ
2299 1457 2415 1538 γὰρ
2461 1452 2642 1537 ζυγὸς
2686 1450 2899 1534 αὐχένι
2937 1450 3194 1536 κεῖται),

404 1552 587 1638 Tyrt.
622 1554 719 1633 12,
759 1553 833 1616 17
876 1555 1143 1640 αἰσχρᾶς
1189 1555 1257 1620 δὲ
1304 1563 1500 1643 φυγῆς
1544 1554 1656 1619 ἐπὶ
1699 1558 1912 1640 πάγχυ
1955 1557 2243 1644 λάθηται
2292 1556 2393 1642 (K
2421 1555 2502 1620 99
2550 1560 2709 1641 ἀτὰρ
2752 1556 3034 1644 φυλακῆς
3076 1554 3195 1620 ἐπὶ

404 1661 615 1741 πάγχυ
646 1658 998 1741 λάθωνται,
1031 1660 1187 1723 Hes„
1220 1658 1346 1744 Op.
1380 1659 1509 1723 264
1539 1661 1811 1726 σκολιῶν
1841 1660 1912 1727 δὲ
1944 1660 2136 1727 δικῶν
2165 1660 2277 1727 ἐπὶ
2307 1664 2518 1746 πάγχυ
2547 1661 2872 1742 λάθεσθε,
2908 1660 2990 1723 ef.
3009 1659 3195 1724 κ236

403 1760 507 1826 ἵνα
550 1766 762 1846 πάγχυ
807 1761 1125 1829 λαθοίατο
1180 1763 1491 1849 πατρίδος
1536 1764 1724 1853 αἶἠς),
1785 1763 1944 1830 Call.
1980 1766 2039 1848 3,
2091 1766 2123 1829 1
2172 1763 2297 1831 ’ἐπὶ
2343 1764 2714 1852 Κιμμερίων
2774 1767 3045 1851 στρατὸς
3089 1760 3195 1848 ἔρ-

406 1889 585 1947 χεται
633 1864 726 1950 (Ω
774 1865 897 1931 351
947 1861 1058 1932 ἐπὶ
1103 1866 1337 1956 κνέφας
1378 1870 1580 1957 ἤλυθε
1624 1869 1860 1954 γαῖαν),
1918 1868 2166 1934 Archil.
2200 1870 2259 1947 3,
2312 1871 2343 1933 1
2392 1872 2472 1936 οὕ
2510 1894 2615 1936 τοι
2661 1865 2850 1935 πόλλ’
2879 1868 2994 1934 ἐπὶ
3035 1868 3196 1945 τόξα

402 1971 779 2037 τανύσσεται
837 1971 944 2055 (Π
985 1972 1110 2036 567
1172 1972 1286 2038 ἐπὶ
1328 1967 1498 2038 νύκτ’
1528 1974 1716 2060 ὀλοὴν
1760 1978 1988 2039 τάνυσε
2040 1982 2308 2061 κρατερῇ
2359 1972 2641 2063 ὑσμίνῃ),
2694 1973 2853 2040 ibid.
2887 1974 2947 2055 9,
2996 1972 3035 2036 6
3079 1972 3198 2038 ἐπὶ

403 2081 705 2163 κρατερὴν
761 2076 1152 2165 τλημοσύνην
1203 2073 1445 2144 ἔθεσαν
1509 2077 1597 2161 (Β
1648 2077 1732 2140 39
1791 2081 2020 2165 θήσειν
2078 2084 2196 2164 γὰρ
2254 2074 2346 2143 ἔτ’
2399 2075 2654 2163 ἔμελλεν
2712 2074 2819 2143 ἐπ’
2865 2078 3078 2161 ἄλγεα,
3141 2082 3199 2142 Σ

406 2178 530 2242 317
566 2185 778 2265 χεῖρας
814 2174 1371 2269 ἐπ’ἀνδροφόνους
1413 2179 1685 2267 θέμενος
1731 2185 2090 2269 στήθεσσιν,
2125 2180 2429 2269 ἑταίρου),
2475 2181 2766 2266 Theogn.
2807 2180 2972 2245 1188
3017 2182 3078 2246 εἰ
3107 2187 3194 2268 μὴ

404 2280 576 2369 μοῖρ’
604 2283 719 2350 ἐπὶ
761 2284 961 2371 τέρμα
1014 2286 1209 2368 βάλοι
1270 2286 1340 2370 (δ
1382 2286 1512 2350 440
1555 2287 1752 2368 βάλεν
1797 2280 1857 2352 δ’
1880 2282 1993 2352 ἔπι
2037 2285 2237 2372 δέρμα
2279 2286 2547 2373 ἑκάστῳ,
2603 2311 2638 2350 υ
2682 2286 2726 2350 4
2778 2285 2891 2351 ἐπὶ
2935 2286 3196 2368 χλαῖναν

403 2388 561 2470 βάλε
592 2387 1028 2478 κοιμηθέντι),
1062 2390 1189 2454 973
1220 2388 1332 2454 ἐπὶ
1364 2396 1515 2475 γαῖα
1546 2391 1801 2480 καλύψῃ
1835 2389 2186 2476 (Homerus
2220 2399 2286 2454 et
2317 2390 2639 2455 Hesiodus
2669 2389 2793 2454 hoe
2822 2390 3027 2454 verbo
3063 2411 3193 2453 non

404 2500 690 2575 utuntur,
740 2493 855 2559 sed
889 2496 1239 2580 composito
1270 2496 1811 2575 κατακαλύπτειν;
1861 2495 1942 2561 ef.
1975 2493 2041 2567 Ξ
2061 2495 2185 2559 114
2222 2500 2384 2562 κατὰ
2414 2500 2565 2581 γαῖα
2596 2495 2909 2562 καλύπτει
2939 2503 3003 2558 et
3031 2494 3188 2558 Hes.

408 2594 532 2681 Op.
571 2596 713 2679 121,
762 2598 903 2680 140,
964 2599 1085 2663 156
1133 2602 1329 2686 αὐτὰρ
1382 2600 1609 2686 ἐπειδὴ
1667 2598 1844 2683 (ἐπεὶ
1888 2598 2025 2686 καὶ)
2087 2608 2279 2667 τοῦτο
2341 2598 2518 2684 γένος
2581 2603 2745 2664 κατὰ
2800 2606 2952 2683 γαῖα
3001 2598 3195 2665 κάλυ-

404 2702 583 2787 ψεν),
616 2701 737 2765 947
755 2725 847 2787 sq.
881 2701 1146 2770 οὔτ’ἐπὶ
1170 2706 1348 2794 δήμῳ
1385 2704 1392 2788 Ι
1426 2703 1671 2791 τρέψας
1702 2699 1836 2769 οὔτ’
1859 2702 2107 2784 ἀδίκοις
2135 2705 2404 2791 ἀνδράσι
2434 2708 2843 2789 πειθόμενος,
2896 2701 3056 2766 1011
3094 2724 3193 2789 sq.

405 2806 602 2876 καλὸν,
642 2803 703 2872 δ’
731 2806 847 2871 ἐπὶ
888 2817 1077 2895 γῆρας
1118 2808 1354 2893 ἐλέγχει
1384 2809 1392 2895 Ι
1421 2810 1779 2893 οὐλόμενον.
1826 2845 1909 2855 —-
1953 2813 2147 2874 κατάε
2195 2808 2379 2894 Tyrt.
2414 2808 2474 2894 5,
2511 2809 2546 2871 7
2593 2813 2758 2875 κατὰ
2801 2803 2998 2874 πίονα
3044 2802 3198 2893 ἔργα

406 2911 700 2990 λιπόντες
756 2911 828 2996 (o
866 2911 994 2976 270
1051 2916 1194 2978 τεὸν
1236 2919 1400 2979 κατὰ
1447 2914 1629 2998 δῶμα
1687 2913 1988 2998 λιποῦσα,
2042 2912 2204 2978 Ρ91
2261 2911 2433 2979 λίπω
2486 2916 2651 2979 κάτα
2704 2913 2928 2994 τεύχεα
2979 2912 3197 3000 καλά),

407 3015 695 3099 Theogn.
724 3015 845 3079 671
896 3012 1053 3083 καθ’
1084 3011 1261 3083 ἱστία
1304 3017 1492 3082 λευκὰ
1533 3018 1840 3101 βαλόντες
1886 3017 2345 3102 (καταβάλλειν
2376 3017 2569 3081 etiam
2616 3015 2792 3102 apud
2837 3016 3201 3080 Homerum

405 3120 472 3182 in
533 3122 720 3184 tmesi
779 3120 1034 3204 legitur,
1091 3120 1208 3185 sed
1262 3144 1391 3186 non
1437 3121 1520 3186 de
1565 3122 1729 3186 velis
1785 3120 2185 3187 deducendis
2238 3129 2615 3207 usurpatur3
2675 3120 2755 3186 ef.
2787 3144 2823 3187 ο
2867 3118 2995 3184 496
3048 3118 3202 3186 λύον

407 3218 601 3305 ἱστία,
626 3230 704 3290 Α
718 3224 851 3316 ,433
882 3219 1057 3291 ἱστία
1087 3227 1200 3310 μὲν
1229 3223 1582 3307 στείλαντο,
1615 3226 1850 3310 quibus
1881 3224 2102 3290 verbis
2134 3234 2541 3310 opponuntur
2569 3228 2691 3290 ἀνά
2719 3221 2788 3290 θ’
2805 3218 2980 3290 ἱστία
3011 3223 3206 3288 λευκὰ

406 3327 738 3395 πέτασσαν
765 3329 870 3416 (A
889 3329 1066 3416 480),
1098 3333 1219 3396 ἀνά
1252 3326 1326 3397 θ’
1345 3326 1519 3397 ἱστία
1549 3324 1717 3396 λεύκ’
1739 3331 2070 3416 ἐρύσαντες
2100 3328 2154 3415 (ι
2179 3329 2338 3417 77)),
2381 3329 2508 3393 292
2538 3332 2850 3419 νικήσασα
2881 3326 3060 3416 δίκην
3087 3337 3208 3417 γῆν

406 3437 569 3499 κατὰ
621 3441 839 3499 πᾶσαν
892 3429 1020 3515 ἔχει
1074 3434 1164 3518 (Β
1209 3433 1335 3498 699
1391 3430 1530 3518 ἔχεν
1581 3439 1748 3500 κάτα
1800 3440 1950 3519 γαῖα
2003 3433 2287 3520 μέλαινα,
2343 3435 2382 3499 λ
2427 3433 2550 3497 497
2610 3436 2832 3500 οὕνεκά
2875 3457 2984 3518 μιν
3035 3437 3206 3497 κατὰ

406 3547 596 3625 γῆρας
634 3534 817 3623 ἔχει),
866 3538 992 3602 680
1036 3550 1185 3604 ναῦν
1228 3543 1391 3605 κατὰ
1435 3548 1603 3624 κῦμα
1640 3536 1762 3629 πίῃ
1809 3536 2212 3625 (καταπίνειν
2242 3537 2418 3625 apud
2449 3538 2809 3603 Homerum
2837 3559 2966 3602 non
2999 3545 3204 3619 extat,

408 3641 523 3706 sed
570 3650 799 3727 quater
843 3644 909 3705 in
955 3642 1224 3707 Hesiodi
1271 3643 1647 3728 Theogonia
1700 3644 1766 3706 in
1818 3644 2007 3707 tmesi
2055 3641 2136 3706 de
2185 3642 2464 3708 Saturno
2521 3643 2762 3708 liberos
2810 3649 2874 3703 et
2916 3640 3208 3727 lapidem

404 3745 586 3809 illum
642 3746 994 3810 devorante
1051 3746 1335 3834 dieitur),
1401 3747 1588 3833 Tyrt.
1627 3746 1727 3828 10,
1785 3746 1824 3810 9
1868 3752 2034 3813 κατὰ
2090 3743 2150 3813 δ’
2180 3747 2415 3831 ἀγλαὸν
2468 3739 2643 3826 εἶδος
2692 3743 2933 3830 ἐλέγχει
2979 3743 3201 3831 (Pind.

407 3849 510 3916 Ol.
540 3850 705 3914 VIII
735 3849 820 3915 25
866 3846 1023 3939 ἔργῳ
1055 3846 1115 3917 τ’
1145 3855 1217 3917 οὐ
1263 3856 1426 3917 κατὰ
1468 3843 1643 3930 εἶδος
1684 3850 2002 3937 ἐλέγχων),
2052 3850 2298 3918 Arehil.
2333 3851 2393 3935 9,
2427 3850 2467 3915 3
2500 3874 2594 3938 sq.
2640 3848 2853 3929 τοίους
2883 3853 2998 3935 γὰρ
3037 3853 3208 3914 κατὰ

405 3965 572 4038 κῦμα
616 3954 1128 4043 πολυφλοίσβοιο
1174 3957 1511 4043 θαλάσσης
1550 3956 1557 4042 Ι
1596 3950 1868 4022 ἔκλυσεν.
1930 3994 2006 4002 -
2055 3960 2196 4020 σύνε
2243 3955 2530 4039 Theogn.
2570 3955 2694 4019 192
2741 3960 2852 4021 σὺν
2889 3958 3005 4040 γάρ
3048 3950 3207 4037 μίσ-

405 4082 582 4144 γεται
626 4060 836 4126 ἐσθλὰ
880 4068 1098 4139 κακοῖς
1146 4059 1246 4145 (Ψ
1274 4058 1395 4124 687
1448 4065 1558 4126 σὺν
1590 4057 1662 4126 δέ
1691 4082 1812 4149 σφι
1841 4064 2100 4145 βαρεῖαι
2146 4065 2348 4145 χεῖρες
2392 4055 2683 4145 ἔμιχθεν,
2731 4058 2886 4125 Hes,
2921 4057 3044 4144 Op.
3077 4056 3206 4120 179

408 4162 740 4249 μεμίξεται
782 4167 993 4232 ἐσθλὰ
1036 4166 1346 4251 κακοῖσι).

615 4269 799 4335 Haeo
844 4272 1041 4354 igitur
1088 4280 1267 4334 certa
1311 4271 1535 4333 tmesis
1581 4268 1884 4355 exempla
1929 4268 2085 4333 mihi
2133 4267 2396 4353 quidem
2445 4290 2585 4331 esse
2634 4268 2954 4332 videntur.
3031 4266 3208 4330 Pier-

405 4397 522 4440 son
580 4397 755 4461 ver0,
818 4377 926 4460 qui
986 4375 1152 4440 Mus,
1206 4375 1412 4438 Rhen.
1462 4374 1563 4438 XI
1623 4396 1733 4460 pp.
1784 4372 2104 4456 90-128,
2177 4371 2562 4452 260-292,
2626 4371 2965 4435 379-427
3033 4391 3210 4433 eom-

406 4482 868 4544 mentationem
925 4480 1169 4545 ‘Ueber
1235 4479 1339 4543 die
1394 4478 1645 4542 Tmesis
1708 4478 1825 4542 der
1883 4478 2288 4563 Praposition
2340 4471 2501 4541 'vom
2555 4475 2850 4540 Verbum
2909 4474 3014 4540 bei
3075 4474 3211 4539 den

407 4583 857 4671 griechischen
934 4584 1285 4666 Diehtern,
1370 4582 1835 4648 insbesondere
1918 4581 2025 4647 bei
2097 4580 2568 4646 Dramatikern
2637 4580 2769 4643 und
2846 4579 3205 4666 Lyrikern'

1038 4859 1049 4916 Ι

1016 4933 1055 5054 k'
