3392 5067
200 230 263 295 234

81 516 84 520 Ι
200 432 256 487 est.
295 462 338 471 -—
375 422 574 508 ὑπερέχειν
597 424 741 507 Theogn.
763 423 828 486 202
858 427 946 487 θεῶν
976 419 1006 489 δ’
1020 422 1175 511 ὑπερέσχε
1204 428 1277 504 νόος
1306 426 1393 491 idem
1423 438 1599 515 estatque

199 530 407 615 ‘superiorem
424 528 514 611 0000,
538 550 621 614 0000
638 530 723 592 00110
738 539 852 612 000100
874 549 972 614 saepe
995 529 1028 591 in
1051 551 1090 591 ea
1105 551 1186 593 voce
1209 530 1301 595 inest.
1327 570 1367 578 -
1394 532 1599 621 ὑπερτερίῃ

200 632 284 718 (Κ).
301 633 371 697 1100
395 633 495 697 verbo
526 633 615 719 apud
642 634 820 697 Homerum
851 634 997 719 superior
1027 657 1101 720 pars
1132 657 1244 700 currus
1275 637 1485 721 significatur,
1509 642 1599 725 apud

200 736 422 819 Theognidcm
451 736 515 799 418
546 738 731 825 ὑπερτερέιγς
748 789 754 802 .
772 790 779 804 .
798 789 804 801 .
821 740 915 822 λόγος
943 739 1030 803 idem
1061 739 1148 803 valet
1178 740 1265 825 quod
1296 739 1524 825 praestantia.
1555 784 1599 791 —

197 840 404 925 ὑπομένειν
426 841 570 926 Theogn.
591 844 673 906 1121
704 847 724 930 ἥ
745 869 800 928 μιν
824 840 901 931 δήθ’
915 842 1064 928 ὑπέμεινε
1085 845 1173 908 idem
1197 855 1245 909 est
1268 847 1354 931 quod
1378 850 1519 911 ‘manere
1542 849 1600 911 ali-

199 945 316 1030 quem’,
348 969 445 1031 quam
469 948 535 1009 vim
558 948 647 1031 apud
674 948 854 1011 Homerum
876 970 940 1012 non
963 949 1101 1013 verbum
1125 952 1346 1035 compositum,
1378 952 1436 1015 sed
1459 951 1600 1038 simplex

198 1050 314 1130 habet3
353 1050 393 1113 cf.
419 1050 469 1114 La
493 1050 692 1115 Boebeia.
717 1050 802 1131 §8st
842 1089 884 1098 -
921 1051 1268 1139 ὑποχείριοςο448
1294 1054 1398 1138 (ἅπαξ
1419 1057 1492 1142 εἰρ.)
1517 1055 1599 1121 cibat

197 1157 255 1240 γὰρ
277 1152 332 1219 καὶ
354 1156 478 1240 χρυσόν,
501 1153 522 1220 ὅ
542 1154 591 1235 τίς
612 1151 641 1237 χ’
657 1155 839 1240 ὑποχείριος
869 1152 952 1246 ἔλθῃ
983 1160 1113 1242 proprie
1143 1158 1400 1242 intellegendum
1427 1171 1477 1224 001
1507 1160 1541 1245 (i.
1567 1183 1598 1245 q.

196 1259 260 1323 ὑπὸ
279 1260 426 1343 .χεῖρας);
473 1268 584 1323 000110
607 1259 751 1343 Theogn.
777 1260 839 1324 363
870 1259 946 1326 ὅταν
970 1257 1000 1326 d'
1014 1262 1197 1347 ὑποχείριος
1226 1258 1318 1352 ἔλθῃ,
1350 1263 1384 1327 id
1414 1264 1501 1348 quod
1524 1276 1601 1349 post

200 1362 377 1427 Homerum
408 1366 529 1448 passim
559 1364 604 1446 fit,
637 1364 676 1428 de
708 1387 745 1427 οο
768 1376 952 1450 000100101,
984 1368 1038 1450 001
1068 1368 1101 1429 10
1132 1377 1291 1452 potestate
1315 1368 1450 1432 alicuius
1473 1378 1531 1433 est.
1556 1408 1599 1415 —

197 1466 443 1553 φθέγγεσθαι
461 1468 534 1552 (K.)
548 1469 636 1553 apud
652 1470 831 1532 Homerum
848 1479 881 1531 01
895 1469 1074 1534 Hesiodum
1091 1493 1219 1555 semper
1234 1471 1276 1535 ad
1299 1471 1465 1537 hominum
1481 1496 1600 1537 vocem

198 1580 333 1656 spectat.
365 1572 398 1633 in
422 1571 540 1654 elegois
564 1594 641 1635 1010
664 1574 761 1637 etiam
784 1572 827 1637 ad
855 1596 907 1636 res
929 1573 1082 1638 refertur:
1107 1574 1250 1658 Theogn.
1275 1576 1341 1639 532
1368 1578 1470 1643 αὐλῶν
1492 1583 1601 1665 φθεγ-

196 1674 346 1760 γομένων,
370 1676 429 1740 161
448 1675 585 1763 φόρμιγξ
608 1672 637 1741 d'
653 1675 693 1741 orl
714 1674 891 1764 φθέγγοιθ>
907 1672 991 1764 ἱερὸν
1013 1678 1107 1763 μέλος
1128 1680 1184 1768 ἠδὲ
1199 1679 1254 1745 καὶ
1276 1682 1380 1762 αὐλός,
1404 1683 1601 1768 quibuscum

196 1780 275 1843 locis
298 1780 409 1866 hymn.
433 1780 533 1845 More.
558 1803 589 1844 v.
606 1779 671 1843 484
695 1782 933 1867 comparandus
957 1792 1016 1847 est.
1061 1822 1102 1831 -
1147 1786 1273 1869 φιλεῖν
1300 1785 1445 1869 Theogn.
1470 1787 1534 1851 265
1550 1810 1598 1872 00.

196 1882 334 1972 ε’φιλησα
358 1883 362 1968 l
388 1886 493 1974 δειρήν
515 1888 582 1949 1110
605 1885 774 1949 osculandi
796 1887 905 1969 habet,
938 1909 1021 1971 quae
1044 1887 1251 1974 abantiquis
1276 1890 1473 1954 carminibus
1497 1894 1601 1974 epicis

197 1988 302 2052 aliena
318 2000 374 2052 est.
392 2028 435 2036 —-
457 1989 581 2086 (rond)
598 1988 745 2077 φρένας.
762 1990 844 2055 haec
860 1992 962 2057 verba
978 1991 1041 2057 Sol.
1055 1992 1086 2074 4,
1106 1994 1180 2078 lsq.
1196 1992 1333 2081 ἡμετέρα
1350 1993 1385 2059 δὲ
1407 1994 1502 2073 πόλις
1516 2001 1601 2059 κατὰ

196 2094 254 2176 μὲν
270 2096 347 2170 Διὸς
367 2091 480 2159 οὔποτ)
496 2095 617 2160 ὀλεῖται
629 2094 632 2181 Ι
645 2084 740 2160 αἶσαν
755 2095 809 2161 καὶ
823 2099 975 2180 μανζάρων
997 2102 1084 2163 θεῶν
1098 2097 1215 2184 φρένας
1236 2101 1411 2164 ἀθανάτων
1427 2102 1602 2162 coniuncta

196 2197 348 2280 leguntur
379 2208 410 2261 et
438 2199 479 2262 ad
512 2199 680 2264 0000111010
711 2210 869 2284 spectant.
915 2202 1003 2286 apud
1035 2203 1213 2267 Homerum
1237 2225 1315 2267 vero
1346 2207 1427 2268 κατὰ
1448 2201 1571 2291 φρένα(
1577 2206 1600 2289 )

197 2323 270 2363 0010
294 2302 405 2367 verbis
427 2302 630 2368 'deliberandi
653 2303 788 2389 aliisque
812 2304 998 2390 copulatum
1021 2305 1064 2369 ad
1087 2305 1194 2371 locum
1216 2307 1367 2371 refertur.
1412 2346 1454 2354 -
1498 2312 1597 2395 φυγή

197 2404 342 2489 Theogn.
357 2406 419 2470 209
433 2429 478 2492 00.
496 2412 551 2474 οὐκ
567 2404 653 2473 ἔστιν
676 2410 822 2495 φεύγοντι
839 2407 935 2495 φίλος
955 2407 1010 2475 καὶ
1031 2414 1149 2489 πιστὸς
1170 2410 1313 2496 ἑταῖρος·
1335 2412 1339 2496 l
1359 2420 1414 2500 τῆς
1438 2412 1473 2477 δὲ
1495 2421 1598 2500 φυγῆς

196 2510 284 2574 ἐστιν
305 2505 392 2576 τοῦτ)
408 2513 617 2599 ἀνιηρότατον
638 2512 726 2575 idem
749 2512 836 2597 quod
862 2513 1019 2577 ‘exilium'
1043 2516 1214 2598 significat,
1245 2538 1329 2601 quae
1351 2518 1437 2580 notio
1460 2518 1493 2579 in
1515 2519 1597 2580 anti-

196 2616 267 2699 quis
291 2616 489 2680 carminibus
513 2618 612 2701 epicis
635 2617 778 2681 nondum
802 2626 902 2681 extat.
938 2657 979 2665 -
1013 2630 1128 2705 φῦναι
1149 2602 1295 2703 Theogn.
1312 2619 1377 2685 425
1392 2624 1523 2685 πάντων
1537 2623 1597 2705 μὲν

195 2724 238 2805 μὴ
260 2728 357 2806 φῦναι
379 2719 619 2802 ἐπιχθονίοισιν
641 2723 771 2806 ὀίριστον
794 2722 911 2785 01421
935 2724 1037 2811 φύντα
1057 2725 1235 2802 ...πύλας
1256 2718 1369 2790 Ἀίδαο
1391 2734 1529 2812 περῆσαι
1552 2724 1597 2787 de

195 2824 323 2888 homine
340 2835 521 2912 usurpatur,
546 2826 632 2910 quod
655 2848 757 2910 neque
780 2826 868 2910 apud
883 2827 1061 2891 Homerum
1083 2850 1189 2913 neque
1212 2829 1301 2912 apud
1321 2829 1500 2892 Hesiodum
1523 2850 1595 2892 um-

196 2951 293 3014 quam
315 2930 361 2993 fit.
392 2930 530 2994 conferri
546 2939 655 2994 tamen
670 2941 776 3016 potest
790 2937 822 2996 Z
836 2932 897 2995 149
913 2934 957 3011 ὣς
971 2934 1094 3018 ἀνδρῶν
1115 2938 1201 3019 γενεὴ
1216 2936 1235 3021 ἦ
1251 2935 1309 3017 μὲν
1330 2937 1437 3022 φύειὴ
1463 2929 1492 2998 d'
1507 2936 1596 2997 ἀπο-

195 3033 290 3121 λήγει,
314 3033 370 3097 ubi
393 3033 497 3099 forma
519 3037 627 3098 activa
650 3058 708 3120 010
730 3034 838 3101 media
861 3038 966 3121 posita
989 3047 1045 3099 est.
1071 3037 1158 3122 quod
1181 3037 1222 3099 de
1245 3059 1326 3100 voce
1349 3045 1446 3123 φῦναι
1469 3037 1595 3101 dictum

198 3146 254 3218 001,
271 3138 358 3201 idem
374 3139 462 3202 cadit
481 3140 514 3201 10
530 3137 667 3203 formam
683 3149 783 3226 φῦσαι
799 3140 944 3223 Theogn.
962 3139 1026 3203 429
1043 3150 1144 3229 φῦσαι
1159 3139 1213 3205 καὶ
1235 3140 1360 3227 θρέψαι
1377 3145 1453 3227 ῥᾷον
1466 3142 1595 3227 βροτόν.

197 3283 238 3291 -
261 3242 491 3329 χαρίζεσθαι
513 3244 657 3329 Theogn.
675 3245 736 3307 841
755 3237 839 3324 οἶνος
860 3243 934 3328 ἐμοὶ
950 3248 990 3308 τὰ
1009 3247 1067 3329 μὲν
1089 3245 1169 3310 ἄλλα
1184 3243 1345 3330 χαρίζεται
1368 3245 1505 3308 eandem
1527 3248 1597 3308 1110

196 3348 294 3412 habet
311 3370 407 3433 quam
424 3352 562 3431 ‘gratum
579 3349 670 3413 esse’.
695 3348 784 3433 apud
800 3350 978 3413 Homerum
994 3358 1103 3413 autem
1118 3349 1261 3434 aliosque
1279 3351 1453 3435 scriptores
1469 3361 1597 3412 tantum

196 3452 332 3537 perfecti
356 3461 388 3515 01
418 3452 728 3538 plusquamperfecti
756 3453 877 3517 formae
909 3476 948 3518 ea
970 3455 1099 3516 notione
1122 3454 1299 3517 instructae
1330 3463 1414 3536 0001,
1438 3452 1537 3515 veluti
1563 3458 1595 3517 Y

197 3556 259 3619 298
276 3578 322 3641 sq.
346 3546 555 3642 κεχαρισμένα
579 3607 635 3620 ...
661 3558 757 3639 δῶρα,
781 3556 857 3636 ζ23
879 3561 1048 3642 κεχάριστο
1072 3558 1107 3623 δὲ
1130 3562 1234 3643 θυμῷ.
1258 3597 1301 3604 -
1323 3556 1483 3644 χρῄζειν,
1508 3556 1596 3641 quod

196 3660 333 3724 verbum
356 3660 443 3744 apud
460 3662 638 3725 Homerum
655 3660 773 3743 egendi
788 3662 856 3725 vim
878 3661 986 3745 1101101,
1010 3661 1074 3725 Sol.
1093 3662 1143 3743 13,
1160 3662 1203 3724 44
1225 3660 1344 3748 χρῄζων
1360 3661 1468 3725 οἴκαδε
1484 3658 1597 3745 κέρδος

195 3766 283 3849 ὀίγειν
304 3765 403 3829 101100
427 3765 566 3849 ‘cupere’
590 3764 766 3849 respondet
787 3765 925 3849 ideoque
949 3788 1022 3829 cum
1044 3765 1203 3829 infinitivo
1227 3766 1446 3829 consociatum
1470 3773 1526 3828 est.
1552 3802 1595 3813 —

195 3878 324 3957 χρῆμα.
356 3867 417 3931 hoc
441 3868 679 3933 substantivum
701 3872 860 3953 0000010
883 3869 985 3933 Iliade
1007 3891 1113 3953 neque
1136 3871 1169 3932 in
1192 3868 1328 3933 Hesiodi
1351 3868 1540 3952 Theogonis
1562 3880 1598 3931 et

196 3974 294 4039 Scuto
325 3973 476 4037 Herculis
496 3976 667 4056 invenitur,
702 3976 735 4037 in
766 3973 908 4058 Odyssia
932 3996 1059 4060 semper
1082 3974 1124 4037 ad
1148 3995 1224 4059 opes
1247 3973 1299 4038 101
1323 3996 1374 4036 100
1398 3973 1440 4036 ad
1471 3974 1596 4036 1101010

196 4086 379 4163 spectantes
400 4079 547 4163 pertinet.
574 4078 630 4141 sed
654 4088 727 4163 post
743 4080 922 4143 Homerum
945 4081 1014 4143 eius
1038 4082 1087 4141 vis
1110 4080 1215 4142 minus
1231 4079 1308 4142 artis
1323 4076 1443 4141 finibus
1460 4078 1596 4140 circum·
1692 4066 1695 4072 ¹

195 4185 315 4268 scripta
338 4191 395 4263 est,
420 4182 507 4267 quod
530 4204 572 4245 ex
588 4183 664 4248 Hes.
682 4180 743 4267 Op.
768 4205 799 4249 v.
817 4183 891 4263 344,
914 4182 972 4247 ubi
995 4185 1135 4269 primum
1159 4182 1330 4267 singularis
1353 4191 1453 4265 extat,
1479 4180 1593 4266 hymn.

194 4288 350 4353 1110101.
376 4285 439 4374 332
462 4286 634 4371 multisque
657 4286 735 4350 locis
760 4286 976 4371 Theognideis
999 4286 1206 4371 intellegitur.
1241 4325 1284 4332 -
1328 4289 1438 4373 ψυχή.
1471 4307 1594 4349 001010

196 4401 253 4473 001,
278 4390 365 4476 quod
388 4390 533 4473 Theogn.
558 4390 621 4453 910
643 4390 775 4474 legitur:
809 4391 864 4458 καὶ
888 4392 1043 4476 δάκνομοι
1064 4394 1170 4480 ψυχήν
1197 4390 1254 4475 (cf.
1278 4390 1357 4456 ibid.
1381 4390 1470 4477 530).
1516 4412 1595 4454 nam

196 4495 284 4579 apud
299 4496 540 4579 antiquissimos
556 4497 728 4579 scriptores
743 4499 830 4583 ψυχή
853 4497 940 4561 idem
955 4496 1043 4559 valet
1065 4504 1163 4580 atque
1186 4497 1339 4580 ‘spiritus
1362 4497 1440 4577 vita,
1463 4496 1591 4560 anima'.

196 4599 275 4687 quid
297 4620 375 4662 vero
398 4606 525 4662 veteres
549 4611 664 4686 poetae
688 4601 771 4685 epici
801 4601 881 4664 locis
904 4601 1103 4685 Theognidis
1127 4601 1235 4663 versui
1266 4599 1330 4663 910
1354 4600 1511 4663 similibus
1533 4620 1593 4685 pro
