3392 5067
16 17 305 341 ἦ

179 429 243 487 eius
270 428 451 506 temporibus
478 430 554 505 apud
581 431 716 488 rhetores
742 429 774 489 in
802 450 858 488 usu
884 430 976 490 fuisse
998 426 1179 512 videntur.¹)
1211 438 1343 491 ceterum
1373 433 1411 491 cf.
1439 434 1493 491 Hf.
1516 435 1588 489 592

179 557 194 591 o
217 538 302 592 tucis
325 538 432 592 atmoe
454 545 548 608 rector,
575 538 629 609 Ag.
647 538 706 593 726
724 538 802 609 sapit
824 540 882 593 tuoe
903 541 1000 609 almo,
1025 540 1081 612 Ag.
1099 542 1138 595 36
1162 543 1252 596 nocti
1272 542 1354 595 diem
1372 531 1378 618 Ι
1398 582 1406 609 ,
1431 538 1497 596 ΗΟ.
1515 540 1587 595 462

179 648 302 698 noctem
324 642 393 696 dics
413 632 418 719 Ι
439 685 445 697 .

284 736 356 803 Oct.
372 736 435 801 227
453 758 522 823 sqq.
550 739 672 801 utinam
698 738 834 824 nefandi
854 738 1010 825 principie
1031 740 1135 803 dirum
1162 752 1256 827 caput
1275 741 1280 825 Ι
1300 740 1427 805 obtutare
1440 740 1588 827 flammis

179 840 322 905 coelitum
351 852 449 907 o·ootor
475 855 581 928 peret,
606 843 683 929 {qui
710 866 801 929 saepe
831 854 932 908 terroe
951 844 1090 931 fotraioe
1116 844 1228 930 infesto
1254 848 1354 931 quatit
1378 846 1382 932 Ι
1407 857 1585 930 mentesque

180 957 304 1010 noctuas
325 946 446 1033 ipoibus
468 957 561 1011 terret
583 948 680 1011 coemo
703 948 848 1033 novaque
871 949 1030 1013 monstro:
1053 957 1133 1017 Med.
1156 959 1215 1014 531
1234 977 1276 1034 sq.
1299 979 1371 1014 oenc
1396 978 1497 1014 mmme
1525 965 1584 1014 toto

181 1061 307 1129 Iuppiter
331 1060 404 1115 euch)
432 1068 495 1115 tono
514 1053 547 1137 Ι,
583 1062 688 1115 intende
718 1063 856 1131 datam,
889 1063 1006 1116 vindices
1031 1063 1159 1132 flammas
1185 1083 1262 1134 poro
1281 1055 1286 1141 Ι
1305 1082 1458 1135 omnemque
1488 1066 1584 1134 ruptio

180 1165 294 1218 trabibus
315 1166 467 1235 muudum
487 1172 593 1237 quate.
615 1158 620 1240 Ι
638 1184 685 1221 aec
708 1166 835 1238 deliquisti
855 1168 910 1221 teta
932 1168 1064 1221 ueremur
1085 1187 1168 1222 mono
1187 1159 1192 1245 Ι
1212 1169 1254 1223 oet
1274 1187 1315 1223 me
1337 1170 1380 1224 oet
1400 1170 1496 1224 istum:
1522 1158 1582 1247 [B],

155 1348 156 1351 Ἴ
180 1267 291 1324 Phaed.
318 1270 378 1325 155
406 1271 472 1340 quid
498 1271 552 1338 itte,
585 1272 633 1341 qui
660 1271 811 1325 mundum
840 1272 951 1341 quatit
977 1262 982 1347 Ι
1009 1273 1121 1326 mous
1150 1292 1263 1328 comaco
1283 1274 1399 1343 salmo,
1431 1273 1584 1327 Aetnaeum

180 1394 263 1429 mauu
279 1366 281 1451 Ι
295 1382 371 1429 sotor
385 1373 524 1444 demutat,
547 1372 612 1429 ΗΟ.
627 1374 687 1429 542
709 1354 895 1447 quisutmeo
907 1377 1056 1431 Aetnaeum
1072 1379 1194 1448 quatit,
1219 1376 1298 1432 Med.
1313 1378 1372 1433 841
1384 1395 1426 1451 sq.
1442 1396 1558 1432 eaoroc
1577 1369 1580 1453 Ι

181 1481 265 1534 edidit
286 1481 379 1549 iones
396 1479 463 1549 face
485 1479 612 1549 lucifera

285 1575 358 1641 Oct.
380 1573 438 1639 231
460 1595 507 1660 sq.
536 1575 670 1639 uidimus
696 1575 779 1640 caeto
806 1575 925 1660 iuberi
950 1576 1066 1640 ardeae
1092 1588 1240 1641 cometem
1264 1578 1404 1662 paudere
1433 1576 1583 1663 infestum

172 1678 297 1766 facem:
327 1686 394 1743 Tro.
425 1689 485 1743 356
513 1706 556 1763 sq.
592 1696 619 1744 et
646 1690 726 1744 stello
755 1690 836 1761 toopa
866 1691 989 1744 semitam
1012 1691 1128 1760 flemma
1162 1692 1270 1745 truteno
1296 1682 1302 1766 Ι
1328 1693 1378 1746 dot
1406 1693 1486 1762 etym
1509 1691 1580 1759 soti,

180 1791 291 1848 Phoen.
306 1793 368 1848 430
381 1810 442 1867 sqq.
467 1800 516 1848 aut
535 1793 624 1864 poto
647 1794 721 1849 eadit
741 1784 745 1869 Ι
765 1785 879 1863 delapso
901 1795 975 1848 coeto
995 1795 1083 1863 stette,
1107 1814 1168 1850 cum
1189 1797 1322 1867 striopeoe
1339 1796 1435 1866 potum
1455 1786 1460 1870 Ι
1478 1802 1581 1849 rectam

180 1900 270 1954 citatis
298 1899 404 1970 tyoibas
431 1899 534 1968 rumpit
560 1900 642 1968 vtem,
671 1896 782 1953 Phaed.
802 1898 862 1954 738
878 1915 938 1972 sqq.
965 1901 1038 1955 ocior
1059 1918 1168 1954 curcum
1194 1901 1317 1969 rapiente
1332 1900 1449 1969 flammo
1473 1895 1477 1973 Ι
1501 1900 1582 1954 cletta
1673 1939 1674 1942 ,

180 2022 239 2058 cum
262 2005 347 2057 ocutis
370 2004 478 2073 epotato
500 2002 591 2074 tropos
611 1993 752 2081 {porrtpit
774 2004 857 2073 tpoea

283 2097 356 2162 Oct.
378 2096 443 2162 233
459 2118 506 2182 sq.
540 2120 601 2182 quo
625 2097 773 2183 plaustro
804 2099 913 2162 tardus
942 2088 1052 2162 noetio
1068 2110 1195 2163 aeterua
1225 2100 1291 2163 uice
1317 2105 1323 2179 Ι
1348 2101 1426 2187 repit
1454 2100 1580 2165 Bootes:

181 2211 260 2267 Med.
283 2212 343 2267 314
360 2228 402 2286 sq.
421 2212 557 2281 flectitque
579 2230 658 2266 scaea
678 2202 682 2287 Ι
701 2211 793 2266 Attice
817 2214 934 2266 tardus
951 2214 1114 2283 plaustro
1129 2214 1249 2268 Bootes
1271 2204 1326 2292 [B]‚
1351 2212 1408 2285 Ag.
1426 2215 1465 2268 70
1488 2214 1580 2267 lucido
1676 2231 1677 2236 ¹

180 2324 273 2371 uersat
292 2318 456 2387 plaustra
478 2316 598 2370 Bootes
623 2306 683 2396 ΙΒΙ,
707 2313 783 2392 Thy.
802 2317 863 2373 873
880 2335 921 2391 sq.
945 2324 1085 2388 curasque
1111 2320 1157 2372 sai
1182 2320 1302 2373 tardus
1319 2320 1478 2388 plaustri
1500 2313 1505 2395 Ι
1524 2322 1580 2374 tom
1677 2295 1678 2336 Ι

179 2440 233 2475 ooo
254 2422 361 2476 stabitis
382 2428 442 2474 ruet
464 2420 649 2492 Arctophylax
673 2410 758 2500 [B].²)

285 2549 358 2616 Oct.
382 2549 446 2614 234
473 2552 598 2630 Boutta,
620 2504 924 2671 yffttqoreilkklretod
957 2552 1074 2637 riye‘us:
1105 2560 1184 2616 Med.
1210 2562 1270 2617 683
1297 2508 1579 2633 frtporessdretoo'
1679 2563 1680 2574 ¹

180 2702 306 2771 riperto,
331 2698 402 2755 Oed.
422 2701 481 2755 546
500 2676 789 2772 frtporflreteroo
812 2700 933 2771 riperto.
962 2716 1033 2773 quos
1052 2698 1130 2754 locos
1145 2716 1322 2774 quamquam
1340 2698 1486 2757 simillimi
1501 2704 1576 2770 suut,

180 2803 279 2859 Braun
293 2821 351 2859 uon
373 2796 520 2882 adtulit).
543 2804 599 2860 hoc
621 2821 714 2860 unum
737 2800 963 2860 hemistichium
982 2799 1123 2861 Octaviae
1146 2801 1271 2877 scriptor
1293 2822 1332 2860 ex
1355 2803 1484 2861 Senecae
1499 2803 1577 2861 fabu-

180 2907 217 2963 lis
241 2907 437 2984 desumpsisse
456 2906 585 2967 videtur.
610 2907 660 2965 sed
680 2908 777 2978 valde,
801 2906 860 2964 nisi
883 2907 979 2977 fallor,
1006 2906 1079 2964 talia
1101 2907 1311 2965 adamaveram
1333 2906 1490 2983 scriptores
1512 2908 1577 2964 rhe-

180 3010 283 3087 torici3
314 3010 356 3069 sic
377 3011 488 3086 legitur
509 3012 620 3070 Lucan.
641 3013 743 3070 Phers.
761 3012 792 3069 X
809 3015 871 3070 250
888 3015 996 3087 sripore
1015 3016 1050 3068 oh
1065 3014 1172 3083 Areae,
1197 3011 1234 3069 cf.
1250 3012 1329 3069 VIII
1345 3015 1407 3070 363
1430 3016 1460 3068 io
1473 3016 1577 3070 Arctoa

183 3161 188 3173 .
212 3161 218 3173 .
238 3119 359 3187 pruinis.

285 3213 358 3279 Oct.
375 3213 440 3278 240
462 3215 511 3276 oo
529 3212 725 3300 praeteritio
739 3215 846 3298 poetic,
870 3214 917 3277 hic
932 3214 1027 3276 hostis
1042 3214 1149 3277 deum:
1172 3219 1238 3277 Tro.
1258 3223 1317 3277 627
1335 3241 1377 3296 sq.
1396 3223 1502 3293 fraude
1523 3242 1575 3277 mo-

182 3333 260 3381 torae
290 3328 411 3382 abditam
435 3322 440 3402 Ι
464 3328 597 3396 hostem,
626 3328 738 3398 Petospt
758 3327 872 3380 comicis
891 3333 1016 3397 pectem
1038 3327 1171 3396 ultimam,
1198 3328 1258 3382 892
1276 3345 1318 3401 sq.
1338 3329 1447 3397 pectis
1469 3328 1576 3381 exitium

181 3432 237 3487 taes
257 3423 262 3506 Ι
281 3432 421 3502 utriusque
439 3432 547 3503 popolo,
572 3431 677 3486 ceritis?

286 3668 307 3734 ¹)
325 3668 458 3719 Nimirum
476 3668 528 3718 hac
545 3669 574 3717 in
592 3684 622 3717 re
639 3669 757 3733 priorum
776 3673 926 3733 temporum
944 3674 1084 3733 poetarum
1103 3669 1218 3733 vestigia
1239 3667 1325 3717 secuti
1343 3672 1414 3716 sunt.
1446 3667 1479 3716 cf.
1498 3667 1575 3732 Verg.

181 3755 230 3807 ecl.
244 3757 265 3817 1,
278 3758 311 3806 59
321 3772 377 3821 sqq.
397 3761 424 3805 et
442 3755 515 3805 locos
532 3771 549 3805 a
561 3755 705 3821 Forbigero
724 3772 748 3805 ν.
762 3756 775 3805 Ι
791 3773 816 3821 p.
833 3758 863 3805 15
882 3756 915 3805 ad
934 3756 982 3805 hos
994 3755 1107 3822 Vergilii
1119 3771 1212 3805 versus
1229 3754 1369 3816 collectos3
1389 3754 1452 3803 talis
1464 3754 1577 3805 ductori

103 3863 106 3867 ·
182 3842 321 3894 ἀδυνάτου
341 3844 503 3908 comparatio
522 3844 575 3892 iam
594 3843 664 3909 apud
683 3844 829 3893 Homerum
842 3843 901 3895 11.1
920 3845 971 3892 234
981 3860 1019 3909 sq.
1039 3850 1120 3893 extat.

287 3930 307 3993 ²)
327 3930 367 3979 uf.
392 3929 469 3980 Ovid.
489 3930 552 3979 Met.
570 3930 597 3979 11
617 3932 665 3979 176
680 3946 718 3996 sq.
741 3936 764 3979 te
781 3946 877 3994 quoque
901 3932 1028 3980 tur-totum
1050 3937 1188 3979 meororoot
1204 3931 1317 3994 stipium,
1340 3929 1429 3988 Boeo,
1444 3927 1449 3992 Ι
1465 3931 1576 3992 quamuis

181 4015 273 4067 tardae
290 4032 349 4067 aaa
367 4024 389 4066 et
407 4023 430 4066 te
448 4024 492 4066 tuo
506 4018 628 4081 plaustra
645 4019 768 4077 teruetoot,
786 4024 813 4067 et
825 4018 890 4067 Met.
903 4019 928 4067 X
941 4019 999 4066 447.

286 4103 308 4170 ³)
327 4104 358 4153 In
369 4104 444 4154 codd.
456 4103 555 4169 legitur
561 4104 664 4170 frtptdo
673 4104 775 4167 Arctum
788 4104 834 4154 sed
847 4104 900 4154 duo
912 4104 1046 4154 adiective
1057 4104 1121 4153 ferri
1133 4108 1280 4168 nequeunt.
1295 4102 1390 4168 quodsi
1399 4102 1576 4152 IsPontauus

181 4192 215 4243 ad
233 4192 305 4241 huuc
323 4190 412 4240 locum
432 4191 583 4240 adnotavit:
602 4189 712 4256 ‘sriptdo
731 4191 819 4242 Arctoo
837 4192 928 4257 posuit
950 4206 998 4255 pro
1014 4189 1119 4255 friqtdd
1137 4188 1213 4239 Arete
1230 4190 1288 4239 sive
1299 4188 1402 4255 frtpore
1420 4187 1510 4239 Arctoo

174 4282 264 4345 smper
281 4277 398 4327 Arctoum
417 4278 484 4327 dixit
497 4261 653 4343 (Lucanus),
672 4276 744 4343 quod
761 4277 881 4327 Senecae
897 4278 994 4327 dicitur
1006 4276 1138 4342 fitptdum
1149 4275 1285 4338 Arctoum',
1303 4278 1362 4327 iure
1381 4276 1468 4325 Bothe
1486 4278 1516 4325 iu
1533 4276 1575 4326 ad·

182 4368 321 4417 notatione
345 4365 463 4431 scripsit:
487 4365 599 4415 ‘vellem
622 4364 649 4414 id
671 4364 810 4430 probasset
828 4365 870 4414 vir
891 4365 1035 4427 festinans;
1057 4364 1129 4429 quod
1151 4364 1214 4414 dum
1237 4364 1336 4430 aliquis
1358 4364 1450 4425 faciat,
1472 4364 1575 4414 interim

34 4418 37 4525 Ι
181 4454 303 4520 legamus
322 4452 430 4515 suadeo,
454 4451 526 4516 quod
548 4451 663 4502 latinum
686 4453 721 4501 sit
732 4453 834 4516 fm'pore
847 4450 957 4501 Arctoo'.
978 4464 1010 4500 ex
1029 4451 1120 4500 Bothii
1139 4453 1293 4501 coniectura
1312 4452 1393 4517 igitur
1413 4450 1470 4501 Oct.
1490 4466 1514 4499 v.
1529 4452 1575 4499 234

182 4544 322 4591 restitutus
341 4544 389 4601 est,
407 4555 461 4588 non
481 4555 514 4588 ex
532 4539 657 4602 Pontani,
674 4544 705 4588 ut
723 4538 855 4587 adnotant
872 4537 982 4587 Richter
1001 4543 1028 4587 et
1046 4539 1110 4588 Leo.

287 4628 308 4692 ⁴)
327 4626 432 4676 Adtulit
449 4625 561 4677 Richter
578 4627 607 4675 in
626 4625 685 4676 adu.
705 4624 739 4675 ad
758 4625 782 4674 h.
802 4624 818 4674 l.
