3392 5067
1420 55 1663 314 ¹⁷3R'

85 377 181 441 tmesi
204 383 286 441 sunt.
317 383 489 460 praeterea
511 372 828 439 commemorandum
852 380 900 435 est
922 371 954 435 in
975 370 1094 457 elegeis
1117 372 1386 457 praepositionem
1409 392 1481 435 nus-

87 502 186 565 quam
209 480 310 544 verbo
333 480 493 566 postponi,
517 478 551 543 id
573 478 659 563 quod
683 480 760 543 satis
782 476 892 541 multis
915 476 992 539 locis
1015 475 1185 541 homericis
1210 476 1415 562 conspicitur.

191 584 382 648 Nominibus
409 593 518 648 autem
545 583 855 669 praepositiones
883 589 1167 667 postponuntur
1199 579 1247 644 his
1274 580 1368 645 locis:
1397 578 1484 666 ἀμφί

87 687 199 752 Mimn.
221 688 249 769 1,
275 688 292 750 7
316 686 382 754 αἰεί
403 714 459 773 μιν
479 686 596 777 φρένας
621 686 721 775 ἀμφίς
748 687 821 751 dives
842 683 995 769 Xenoph.
1014 684 1043 765 3,
1067 684 1088 747 2
1110 682 1274 773 τυραννίης
1299 682 1379 773 ἦσαν
1408 685 1481 749 diseo

86 800 250 880 στυγερῆς;
280 795 349 858 άπύ
378 792 490 857 Mimn.
523 792 577 875 12,
606 790 625 854 8
657 796 760 874 χώρου
791 785 850 877 ἀφ)
870 782 1077 873 (Εσπερίδων,
1112 788 1256 872 Theogn.
1283 788 1324 853 35
1354 787 1482 853 ἐσθλῶν
1574 790 1575 795 ’

86 898 225 983 μὲνγὰρ
247 892 315 979 ἀπ’,
338 896 401 961 447
425 897 594 986 κεφαλῆς.
618 947 626 961 .
651 947 658 961 .
682 889 741 961 ἀπ’
757 895 869 982 δίκρης,
898 894 952 960 διά
974 893 1066 978 Tyri.
1087 892 1118 977 5,
1142 892 1162 955 2
1185 892 1221 958 ὃν
1244 894 1307 975 διά,
1337 892 1482 975 Theogn.

88 1000 153 1064 672
175 1003 271 1067 νύκτα
295 1002 348 1067 διὰ
375 1002 546 1091 δνοφερῆν;
573 1000 620 1079 εἰς
642 1000 752 1064 Mimn.
772 998 822 1080 12,
846 997 866 1059 9
893 1004 986 1081 γαῖαν
1012 998 1045 1076 ἐς
1071 997 1264 1079 Αἰθιόπων,
1296 997 1360 1063 sol.
1386 998 1417 1083 4,
1441 995 1484 1058 24

87 1110 182 1188 γαῖαν
210 1104 243 1183 ἐς
269 1105 465 1192 ἀλλοδαπήν,
498 1104 548 1187 19,
577 1105 597 1168 6
624 1098 755 1189 πατρίδ’
770 1102 803 1181 ἐς
828 1100 990 1188 ἡμετέρην,
1019 1101 1071 1184 36,
1100 1102 1120 1165 6
1148 1100 1263 1188 (trim.)
1291 1101 1424 1190 πατρίδ’
1438 1108 1485 1187 εἰς

89 1210 276 1290 θεδκτιτον;
308 1204 344 1275 ἐκ
371 1208 435 1273 Sol.
451 1209 482 1293 4,
506 1208 526 1273 8
548 1213 659 1294 ύβριος
685 1208 721 1273 ἐκ
742 1207 889 1293 μεγάλης,
920 1205 949 1286 9,
974 1205 994 1269 3
1017 1206 1138 1292 ἀνδρῶν
1161 1202 1191 1271 δ’
1206 1206 1241 1271 ἐκ
1263 1209 1421 1292 μεγάλων,
1451 1214 1485 1277 ἐν

90 1311 155 1378 Sol.
173 1312 190 1375 7
212 1310 363 1399 ἔργμασιν
377 1314 412 1378 ἐν
426 1314 585 1399 μεγάλοις,
607 1312 753 1396 Theogn.
770 1310 834 1374 239
843 1332 891 1396 sq.
915 1309 1099 1399 εἰλαπίνῃσι
1121 1310 1283 1401 παρέσσηί
1300 1314 1333 1378 ἐν
1347 1319 1484 1397 πάσαις;

89 1414 180 1482 ’ἕνεκα
218 1438 348 1503 semper
384 1420 532 1504 exceptis
571 1416 717 1501 Theogn.
754 1437 807 1479 vv.
838 1413 902 1478 518
938 1424 970 1477 et
1005 1414 1103 1496 12023
1145 1413 1201 1479 ἐπί
1233 1416 1344 1483 Mimn.
1376 1419 1433 1505 14,
1464 1421 1484 1483 9

90 1518 189 1607 δηίων
209 1516 273 1603 ἐπ’,
297 1522 361 1587 Sol.
381 1523 431 1602 19,
458 1521 479 1586 5
502 1523 638 1607 οἰκισμῷ
667 1516 697 1587 δ’
712 1514 768 1585 ἐπι
790 1519 883 1607 τῷδε,
912 1517 1057 1603 Theogn.
1074 1518 1116 1583 86
1143 1520 1275 1605 αἰσχρὸν
1304 1520 1396 1611 χρῆμ’
1411 1520 1483 1605 iiam

91 1629 175 1715 κατά
198 1625 343 1709 Theogn.
362 1626 423 1689 176
445 1624 598 1712 πετρέων,
620 1628 733 1710 Κύρνε,
756 1618 826 1689 κατ’
841 1622 1011 1712 ἠλιβάτων,
1035 1622 1099 1687 213
1119 1621 1231 1711 φίλους
1244 1628 1326 1691 κάτα
1348 1633 1485 1712 πάντας;

90 1732 182 1815 παρά
205 1728 268 1794 Sol.
287 1728 337 1815 13,
361 1728 402 1793 51
427 1726 658 1814 Ὀλυμπιάδων
679 1726 841 1794 Μουσέων
862 1730 965 1814 πάρο;
988 1726 1064 1810 περί
1079 1726 1158 1792 Oall.
1174 1728 1202 1809 1,
1227 1728 1244 1791 7
1269 1738 1301 1793 et
1323 1730 1415 1817 Tyrt
1434 1733 1484 1817 12,

91 1832 135 1895 34
159 1842 190 1896 et
213 1832 359 1917 Theogn.
376 1832 439 1897 888
469 1842 524 1923 γῆς
553 1832 638 1919 πέρι,
669 1833 761 1919 Tyrt.
781 1832 830 1915 10,
864 1831 904 1896 13
934 1840 989 1921 γῆς
1018 1830 1093 1918 πέρι
1114 1833 1222 1921 τῆσδε,
1252 1834 1397 1920 Theogn.
1422 1837 1485 1903 995

91 1935 208 2025 σοφίης
240 1936 329 2022 πέρι,
367 1938 448 2003 1101
480 1939 555 2024 ἐμεῦ
583 1936 672 2024 πέρι,
706 1940 788 2024 πρός
819 1937 964 2021 Theogn.
990 1936 1071 2001 1071
1104 1934 1216 2026 φίλους
1249 1942 1331 2023 πρδς
1363 1945 1487 2022 πάντας

92 2041 187 2127 (ibid.
204 2042 277 2125 213,
300 2042 388 2106 unde
403 2065 433 2105 v.
451 2041 531 2106 1071
557 2043 678 2127 petitus
705 2052 763 2122 est,
789 2046 873 2109 κατά
900 2042 1065 2126 traditur);
1093 2044 1157 2108 ύπό
1180 2042 1271 2127 Tyrt.
1288 2044 1319 2126 6,
1347 2044 1368 2108 2
1390 2050 1486 2131 ἀνοιγ-

90 2144 184 2235 κοίης
205 2150 269 2211 cao
291 2147 410 2234 λυγρῆς,
443 2146 506 2211 Sol.
524 2145 575 2228 36,
599 2145 618 2209 8
643 2145 757 2232 (trim.)
784 2144 957 2233 ἀναγκαίης
985 2148 1060 2227 ύπο,
1094 2145 1143 2228 13,
1167 2146 1207 2210 37
1239 2149 1402 2215 νούσοισιν
1430 2148 1487 2215 ὑπ’
1602 2168 1604 2173 ·

91 2248 272 2341 άργυλέησι,
295 2250 441 2334 Theogn.
459 2249 521 2314 879
544 2258 682 2337 κορυφῆς
694 2254 759 2315 ύπο
777 2248 960 2338 Τηυγέτοιο.
985 2250 1103 2335 quibus
1118 2249 1197 2315 loeis
1213 2252 1240 2319 ii
1250 2251 1487 2319 adnumerandi

92 2365 177 2439 sunt,
205 2345 323 2441 quibus
350 2356 440 2434 ἐκτός
469 2364 502 2418 et
523 2350 688 2433 ἔκτοσθεν,
720 2377 804 2440 quae
831 2354 967 2419 voculae
993 2356 1101 2439 potius
1128 2355 1357 2423 adverbiorum
1384 2359 1487 2423 instar

91 2469 177 2543 sunt,
205 2459 407 2523 substantiva
435 2469 598 2537 secuntur,
626 2459 771 2544 Theogn.
789 2458 853 2522 744
879 2454 975 2545 ύργων
1002 2460 1091 2539 δ’στις
1116 2462 1193 2546 ἀνὴρ
1216 2460 1307 2541 ἐκτὸς
1332 2462 1393 2527 ἐών
1415 2461 1486 2529 άδί-

91 2590 166 2647 κων,
188 2564 252 2629 968
275 2570 399 2653 γνώμης
419 2565 539 2629 πολλὸν
561 2560 609 2648 ἄρ’
624 2564 723 2646 ἐκτός,
750 2564 831 2628 1121
856 2571 960 2630 κακῶν
983 2560 1140 2630 ἔκτοσθεν
1162 2566 1322 2632 ἁπάντων.

196 2670 266 2733 Iam
290 2672 316 2733 si
339 2672 522 2735 accuratius
544 2672 578 2733 in
594 2666 652 2733 hos
666 2669 752 2734 locos
775 2669 976 2755 inquirimus,
1000 2668 1089 2754 apud
1116 2690 1170 2733 eos
1193 2679 1316 2754 poetas,
1340 2672 1485 2755 quiante

92 2774 318 2858 Theognidem
345 2785 428 2858 sunt,
456 2773 556 2839 multo
584 2776 712 2859 saepius
742 2774 873 2837 nomina
899 2772 1192 2858 praepositionibus
1220 2774 1418 2859 praecedere
1441 2776 1486 2838 vi-

92 2878 217 2961 demus,
242 2900 438 2965 quamquam
455 2879 511 2965 qui
530 2886 579 2941 est
593 2877 688 2942 huius
705 2879 847 2963 corporis
865 2898 1019 2942 versuum
1034 2898 1187 2942 numerus
1212 2887 1393 2943 ceterarum
1416 2879 1486 2944 reli-

93 2983 242 3068 quiarum
265 3006 419 3049 versuum
443 3004 603 3047 summam
624 2982 719 3065 longe
743 2991 883 3067 superat.
916 3002 1021 3066 neque
1042 3003 1153 3045 omnes
1175 2981 1238 3046 loci
1260 2984 1381 3068 pariter
1404 2966 1487 3048 com·

93 3089 199 3174 parati
236 3097 319 3152 suut.
367 3087 570 3171 undeviginti
605 3088 690 3150 enim
725 3086 838 3170 locis1)
872 3095 945 3172 post
974 3088 1245 3171 praepositionem
1278 3088 1487 3173 adiectivum,

93 3192 180 3277 quod
206 3193 248 3257 ad
280 3192 518 3256 substantivum
547 3190 700 3272 refertur,
731 3190 857 3274 legitur,
891 3190 993 3254 tribus
1025 3191 1209 3274 genetivus,
1242 3194 1298 3276 qui
1327 3194 1405 3257 item
1434 3194 1486 3257 ad·

93 3297 207 3361 tributi
244 3318 378 3360 munere
406 3296 560 3380 fungitur.
615 3305 726 3361 contra
756 3317 820 3359 non
850 3293 923 3379 plus
954 3293 1080 3359 duobus
1109 3294 1189 3359 locis
1219 3294 1297 3381 (Sol.
1317 3296 1366 3379 13,
1390 3296 1430 3361 51
1456 3304 1488 3362 et

93 3400 239 3485 Theogn.
261 3399 317 3486 86)
345 3400 546 3465 substantivo
577 3399 777 3463 adtributum
805 3400 1034 3483 praemittitur.
1080 3408 1203 3464 restant
1236 3400 1400 3486 undecim,
1433 3404 1488 3485 qui

95 3505 260 3569 adtributo
284 3514 405 3570 carent.
440 3506 682 3590 quorumuhaeo
705 3514 753 3567 est
776 3504 934 3587 condicio,
958 3513 995 3567 ut
1010 3504 1153 3589 Theogn.
1170 3526 1200 3567 v.
1218 3503 1260 3568 35
1283 3506 1411 3570 ἐσθλῶν
1432 3510 1489 3591 μὲν

94 3616 153 3696 γὰρ
176 3604 235 3676 άπ’
249 3611 275 3695 ²)
303 3620 441 3696 excepto
467 3611 662 3696 praepositio
686 3609 926 3673 substantivum
949 3608 1037 3673 nulla
1064 3610 1224 3695 particula
1244 3611 1411 3675 interiecta
1435 3632 1488 3674 ex-

201 3785 221 3851 1)
240 3786 359 3836 Voculae
377 3784 455 3837 ἕνεκα
473 3786 518 3836 hic
536 3786 604 3836 ratio
623 3801 678 3835 non
695 3784 818 3837 habetur.

200 3871 221 3937 ²)
240 3872 314 3922 Idem
331 3873 364 3923 de
382 3874 546 3939 Theognidis
562 3887 642 3922 versu
658 3874 709 3921 068
728 3869 840 3938 γνώμης
857 3870 959 3922 πολλὸν
981 3868 1024 3940 ἄρ’
1039 3870 1114 3929 ἐκτὸς
1135 3868 1199 3937 ἔβην
1222 3872 1312 3923 valere
1334 3889 1389 3923 non
1411 3875 1489 3925 mira-

94 3960 175 4022 beris,
194 3975 254 4009 eum
273 3959 404 4011 eiusmodi
421 3960 511 4024 verba,
535 3974 605 4026 quae
627 3959 745 4009 medium
768 3958 824 4009 fere
846 3960 917 4008 inter
935 3960 1145 4024 praepositiones
1168 3963 1196 4009 et
1218 3958 1345 4011 adverbia
1367 3962 1491 4013 obtinent

95 4046 194 4109 locum,
219 4047 343 4097 liberiore
370 4048 448 4098 modo
475 4050 540 4114 poni
566 4048 676 4113 possint.
712 4045 815 4096 nullam
842 4051 933 4096 autem
961 4048 1161 4096 exeusationem
1188 4046 1277 4110 habet,
1306 4048 1377 4113 quod
1401 4049 1491 4115 Bergk

96 4134 217 4200 Theogn.
238 4136 285 4183 171
305 4151 352 4199 pro
371 4136 412 4198 iis,
431 4150 500 4199 quae
517 4140 580 4185 suut
597 4136 626 4183 in
643 4133 731 4184 libris:
750 4136 858 4185 θεοῖσιν
875 4129 1017 4201 ἐπικράτος
1029 4137 1064 4196 Α,
1084 4126 1123 4188 οἷς
1140 4132 1197 4184 ἐστι
1214 4132 1311 4203 κράτος
1324 4134 1356 4198 0,
1375 4129 1415 4192 οἷς
1434 4134 1491 4187 ἐστί

95 4222 171 4288 μέγα
190 4219 287 4289 κράτος
309 4223 404 4282 ceteri,
427 4223 530 4287 scripsit
552 4224 628 4278 θεοῖς
646 4218 729 4289 εύχου
746 4223 822 4277 θεοῖς
840 4219 914 4271 ἐστιν
932 4216 978 4271 ἐπι
995 4224 1098 4288 κράτος.
1135 4237 1224 4272 noune
1247 4224 1318 4272 enim
1340 4223 1385 4273 vel
1409 4224 1491 4273 maxi-

96 4323 140 4357 me
162 4310 191 4357 in
209 4307 298 4358 verbis
321 4307 396 4359 ἐστιν
413 4305 459 4359 ’ἐπι
477 4308 604 4373 offendes,
621 4325 668 4375 pro
687 4308 786 4374 quibus
807 4305 900 4359 ἔπεστι
923 4306 967 4357 vel
990 4304 1036 4357 ἐπι
1059 4308 1221 4373 requiritur?
1256 4308 1382 4359 mendum
1409 4311 1492 4375 igitur

96 4396 194 4461 potius,
218 4412 278 4445 cum
301 4396 521 4461 praestantissimi
543 4396 641 4446 codicis
659 4399 687 4445 A
704 4396 787 4445 verba
809 4396 911 4461 optime
933 4395 963 4442 in
985 4394 1134 4444 hexametri
1156 4411 1281 4447 numeros
1301 4396 1440 4461 quadrent,
1463 4398 1491 4445 in

96 4484 185 4548 priore
202 4490 279 4547 parte
297 4498 355 4532 esse
368 4482 480 4545 videtur,
499 4488 526 4531 et
543 4482 654 4533 fortasse
672 4482 841 4533 scribendum
860 4486 901 4532 est
918 4483 1001 4544 θεοῖς,
1020 4479 1114 4551 Κύρν’,
1132 4480 1218 4550 εύχεο,
1237 4486 1346 4535 θεοῖσιν
1363 4482 1409 4535 ἐπι
1426 4482 1492 4554 κρά-

95 4586 154 4632 τος;
172 4569 206 4620 cf.
225 4569 317 4634 hymn.
336 4570 395 4619 Cer.
416 4572 465 4620 150
483 4563 554 4621 οἷσιν
571 4566 664 4621 ἔπεστι
680 4570 755 4637 μέγα
773 4568 870 4638 κράτος
888 4565 991 4619 ἐνθάδε
1009 4572 1097 4636 τιμῆς.
