3392 5067
1423 221 1486 286 205

96 433 162 475 esse
186 412 305 495 optime
328 409 534 495 intellegitur,
560 412 586 473 si
610 416 639 475 B
655 410 727 493 789,
752 410 825 474 136
850 418 882 473 61
905 408 979 489 258,
1003 410 1058 474 ubi
1081 409 1159 496 ἠμὲν
1181 408 1245 476 νέοι
1268 413 1324 499 ἠδὲ
1346 410 1489 496 γέροντες

95 524 191 596 extat,
210 536 284 577 cum
300 514 391 599 Tyrt.
413 538 444 578 v.
464 516 513 597 12,
531 514 571 578 27
589 516 673 601 ὁμῶς
689 514 755 581 νέοι
769 516 825 603 ἠδὲ
843 511 984 600 γέροντες
1002 520 1321 598 661666666161611
1334 516 1397 579 319
1412 515 1489 603 ἠμὲν

94 623 187 698 κακὸς
208 617 266 707 ἠδὲ
288 617 342 685 καὶ
364 618 968 703 ἐσθλὸς66111Τ116ος66369ὀμῶς
990 617 1083 683 66κοὶ
1105 619 1162 706 ἠδὲ
1184 618 1239 685 καὶ
1261 613 1386 685 arctoi.
1413 643 1490 685 nam

94 744 287 808 quamquam
299 721 456 787 formulae
473 723 662 787 statuendae
680 732 764 805 sunt,
778 732 887 787 tamen
904 743 1010 807 neque
1025 723 1187 808 Tyrtaeus
1203 745 1309 809 noque
1326 724 1489 809 Theognis

93 830 167 913 ἠμὲν
187 826 405 915 -1616111611
432 828 488 892 sed
504 826 753 915 ἠόἑ6166611666
777 826 934 890 adverbio
957 826 1051 911 ὁμῶς,
1075 828 1121 890 116
1144 837 1179 890 61
1202 828 1381 911 particulae
1404 829 1490 913 ὁμῶς

96 930 204 1018 stride,
230 954 303 996 cum
331 934 436 1017 priore
460 933 575 997 vocula
598 933 700 997 verba
725 941 793 995 arte
818 932 991 996 cohaerere
1026 932 1234 1013 significetur,
1261 932 1398 997 eandem
1421 933 1490 996 1616

94 1038 159 1100 vim
181 1036 323 1101 habeant
345 1046 442 1121 atque
468 1036 663 1124 ἠμὲν-ἠδέ.
709 1036 796 1099 idem
812 1035 1011 1116 adverbium
1036 1035 1127 1120 Tyrt.
1154 1036 1203 1117 12,
1224 1036 1264 1100 37
1290 1047 1322 1099 61
1344 1036 1489 1121 Theogn.

95 1140 156 1203 369
185 1140 289 1204 eidem
318 1140 452 1205 voculae
481 1142 657 1226 praecedit,
685 1141 775 1224 Tyrt.
807 1140 857 1220 12,
878 1140 917 1202 41
949 1138 1050 1225 (ὁμῶς
1076 1138 1142 1205 νέοι
1169 1140 1202 1205 οἵ
1226 1164 1261 1205 τε
1287 1136 1359 1206 κατ)
1378 1142 1489 1227 αὐτόν)

96 1248 309 1310 666166611661
338 1244 387 1328 τέ,
423 1245 536 1309 Mimn.
567 1245 639 1326 5,ss
671 1244 841 1331 (repetitus
873 1244 1017 1329 Theogn.
1044 1243 1141 1329 1019)
1172 1253 1204 1307 et
1226 1245 1256 1320 6,
1278 1245 1311 1327 7,
1345 1245 1490 1329 Theogn.

94 1349 156 1413 495
174 1350 283 1415 61497
302 1348 597 1430 666166611661661,
621 1350 684 1415 Sol.
705 1350 754 1432 13,
771 1350 813 1413 33
838 1348 939 1434 (ὁμῶς
961 1350 1085 1431 ἀγαθός
1106 1372 1142 1413 τε
1163 1351 1260 1427 κακός
1282 1373 1331 1430 τες
1356 1350 1489 1414 61.Η66.

96 1452 156 1539 Op.
173 1454 236 1519 669
259 1454 344 1541 ὁμῶς
368 1458 499 1539 ἀγαθῶν
521 1478 556 1519 τε
575 1462 683 1520 κακῶν
704 1454 756 1535 τε)
780 1451 947 1538 particulis
969 1451 1100 1533 τὲ-τὲ,
1125 1452 1215 1538 Tyrt.
1234 1454 1298 1535 7,1
1323 1454 1490 1539 particulis

95 1556 244 1623 τὲ-καί.
285 1560 361 1623 66116
384 1560 504 1622 usitata
526 1560 624 1642 igitur
648 1560 715 1621 eius
738 1558 874 1621 voculae
898 1579 971 1620 cum
995 1557 1274 1621 coniunctionibus
1299 1558 1491 1643 copulativis

97 1654 331 1726 coniunctio'in
355 1664 472 1747 elegeis
496 1664 627 1748 quidem
650 1673 708 1745 661,
732 1685 796 1726 666
819 1664 897 1725 11661
920 1662 1009 1746 apud
1031 1661 1221 1746 Homerum,
1245 1664 1310 1746 qui,
1334 1671 1369 1725 ut
1391 1685 1492 1727 unum

96 1766 279 1852 exemplum
311 1767 473 1853 adferam,
504 1790 664 1855 nusquam
693 1764 898 1851 ὁμῶς..καί
930 1765 1017 1847 dicit,
1048 1787 1154 1850 neque
1185 1765 1272 1850 apud
1302 1766 1490 1849 Hesiodum,

94 1870 181 1955 apud
205 1892 301 1955 quem
318 1871 403 1955 δμῶς
419 1873 699 1936 coniunctionibus
722 1868 847 1935 τὲ-τέ
869 1868 1127 1954 6166161166616
1150 1869 1245 1933 modo
1269 1872 1402 1935 citatum
1425 1881 1491 1935 tan·

97 1972 247 2060 161606.
274 1974 303 2055 3,
330 1976 609 2065 6661666116611166
632 1972 780 2040 ἰε’-καί
802 1975 925 2058 Theog.
951 1974 1011 2035 771
1038 1982 1070 2037 61
1094 1972 1242 2058 06459
1266 1976 1490 2059 praemittitur.

199 2076 360 2157 Quoniam
382 2079 422 2143 de
446 2080 579 2163 singulis
603 2079 882 2143 coniunctionibus
907 2078 1098 2163 copulativis
1120 2088 1228 2142 actum
1253 2087 1310 2163 est,
1334 2082 1447 2164 paucis
1469 2082 1492 2143 ii

97 2183 159 2246 loci
188 2184 427 2267 perstringendi
451 2193 534 2265 sunt,
567 2185 684 2268 quibus
715 2186 847 2248 variae
872 2181 1091 2267 particulae
1123 2192 1244 2247 6111661.
1290 2206 1329 2246 66
1353 2186 1492 2269 primum

97 2308 214 2371 ponam
232 2286 296 2351 Sol.
314 2310 345 2351 v.
362 2288 413 2370 24,
431 2287 461 2370 5,
486 2309 549 2372 quo
565 2311 629 2353 uno
652 2288 721 2353 loeo
737 2286 883 2376 τὲ-ἠδέ
905 2287 1024 2370 legitur
1048 2288 1181 2369 (παιδός
1203 2283 1296 2375 abido*
1318 2289 1491 2374 γυναικός).

98 2410 194 2473 saepe
215 2400 323 2454 autem
347 2392 425 2457 bina
440 2392 542 2457 verba
565 2392 731 2477 particulis
753 2390 896 2458 τὲ-καί
919 2391 1120 2475 6666166161,
1144 2413 1226 2475 quae
1248 2392 1401 2476 Xenoph.
1427 2392 1491 2474 7,1

98 2496 195 2559 611616
210 2495 433 2559 numeralibus
449 2498 638 2559 interiectae
655 2506 729 2560 sunt
745 2496 844 2579 (ἑπτά
860 2490 970 2561 τ’ἕαοι
985 2494 1040 2560 καὶ
1055 2491 1196 2583 ἑξήκοντ’
1211 2494 1378 2581 ἐνιαυτοί),
1403 2498 1493 2560 661116

97 2622 172 2663 6666
189 2600 340 2685 exempla
363 2600 517 2665 nonnulla
533 2601 620 2687 apud
638 2600 839 2664 Herodotum
862 2610 989 2680 extant,
1014 2599 1223 2682 6111166661
1246 2599 1300 2662 Di.
1318 2598 1369 2680 69,
1393 2600 1443 2682 70,
1461 2600 1491 2665 3.

93 2704 158 2766 iam
181 2724 224 2766 ex
239 2702 370 2787 reliquis
393 2703 471 2768 16616
495 2703 575 2767 11666
600 2704 739 2767 sufficiet
762 2707 952 2788 proponere,
982 2703 1128 2787 Theogn.
1154 2702 1215 2767 837
1230 2725 1277 2790 sq.
1302 2702 1414 2770 ὀισσαι1
1440 2729 1492 2770 τοι

95 2809 212 2885 πόσιος
227 2816 316 2895 κῆρες
332 2808 471 2874 δειλοῖσι
493 2813 670 2891 βροτοῖσιν,
694 2807 697 2895 l
721 2806 804 2894 δίψα
819 2832 855 2873 τε
877 2809 1045 2896 λυσιμελὴς
1066 2806 1121 2873 καὶ
1143 2806 1280 2893 pararis
1302 2810 1434 2892 χαλεπή,
1463 2817 1495 2872 61

97 2910 178 2974 1267
211 2918 290 2990 παῖς
313 2936 346 2977 τε
369 2911 425 2979 καὶ
446 2912 550 2991 ἵππος
573 2913 684 2997 ὁμοῖον
713 2908 777 2994 ἔχει
800 2914 881 2992 νόον,
911 2912 1070 2998 aquibus
1093 2911 1185 2975 nobis
1210 2913 1340 2997 quidem
1363 2923 1494 2999 propter

96 3014 199 3078 verba
215 3014 326 3081 δισσαί
343 3027 375 3079 61
391 3016 503 3101 ὁμοῖον
519 3017 699 3102 particulae
716 3017 788 3081 illae
805 3018 996 3080 coniunctae
1014 3017 1137 3081 alienae
1154 3016 1315 3099 videntur,
1337 3020 1495 3082 66611616

95 3118 240 3183 Graecis.
273 3119 314 3183 ad
334 3120 396 3184 duo
414 3122 563 3185 membra
580 3123 675 3186 etiam
698 3124 828 3185 tertium
853 3130 884 3185 61
908 3130 1059 3206 quartum
1083 3122 1240 3185 accedere
1261 3131 1375 3206 potest.
1408 3122 1495 3206 quod

98 3245 173 3288 cum
195 3222 241 3305 fit,
266 3226 356 3288 vario
380 3225 475 3289 modo
499 3224 782 3310 661116616616161·
806 3246 841 3289 66
864 3226 1045 3309 excipiunt,
1069 3222 1269 3290 61161-τὲ
1292 3223 1386 3311 (Call.
1405 3227 1432 3307 1,
1451 3225 1495 3312 7),

94 3326 327 3398 καί-τὲ-τέ
350 3329 456 3415 (Tyrt.
483 3330 533 3412 10,
550 3330 655 3415 bsq.),
686 3326 1023 3395 καὶ-καί-τὲ-τὲ
1046 3328 1123 3414 (Sol.
1148 3328 1200 3412 24,
1217 3327 1325 3414 266),
1354 3328 1496 3394 τὲ-καὶ

96 3429 180 3496 -va'
203 3431 362 3517 (Theogn.
380 3432 506 3518 6166),
529 3430 868 3499 τὲ-τὲ-ιιαὶ-καί
891 3433 996 3518 (Tyrt.
1015 3432 1065 3514 11,
1081 3432 1149 3517 23),
1172 3432 1245 3497 6116.
1280 3443 1377 3517 atque
1401 3434 1496 3498 modo

95 3543 144 3598 tot
174 3536 351 3619 particulae
389 3537 555 3622 leguntur,
594 3549 671 3622 quot
706 3547 780 3601 sunt
809 3536 925 3613 verba,
961 3537 1056 3600 modo
1092 3537 1251 3621 particula
1287 3537 1328 3600 ad
1359 3538 1496 3603 alterum

96 3638 281 3703 membrum
304 3641 432 3704 accedit
455 3651 487 3704 et
510 3644 667 3726 proxima,
699 3664 764 3706 non
786 3643 864 3706 item
886 3641 929 3704 ad
952 3642 1101 3725 primum.
1127 3641 1213 3725 quod
1237 3650 1344 3705 autem
1372 3642 1412 3706 de
1436 3645 1497 3707 sin·

95 3743 182 3827 gulis
204 3743 314 3809 verbis
338 3744 434 3829 valet,
463 3744 550 3809 idem
572 3746 605 3808 16
629 3747 793 3810 enuntiata
822 3745 917 3809 eadit.
965 3745 1021 3808 sed
1045 3745 1206 3829 exempla,
1230 3766 1313 3829 quae
1336 3746 1399 3810 1166
1426 3769 1496 3832 661-

96 3852 210 3926 tinent,
239 3850 362 3913 rariora
386 3858 468 3929 sunt,
490 3860 605 3934 'neque
630 3872 677 3932 ea,
709 3850 750 3913 de
773 3849 892 3935 quibus
915 3849 1017 3912 fusius
1039 3850 1118 3913 mihi
1141 3849 1303 3932 agendum
1327 3852 1375 3928 sit,
1407 3874 1497 3936 prae-

96 3954 209 4017 sertim
226 3976 300 4018 cum
316 3975 370 4017 eos
394 3952 488 4038 locos,
513 3954 631 4038 quibus
651 3954 817 4039 particulis
834 3953 1025 4039 copulativis
1041 3953 1268 4017 adversativae
1291 3956 1497 4040 respondent,

95 4056 184 4121 infra
207 4058 399 4121 1166161616
423 4058 528 4121 animo
553 4060 602 4122 sit.

204 4163 360 4227 Venimus
384 4162 426 4225 ad
449 4162 625 4247 particulas
649 4162 930 4227 adversativas.
960 4184 1002 4225 ex
1025 4162 1142 4247 quibus
1165 4164 1305 4247 primum
1328 4165 1498 4229 tractanda

96 4275 149 4330 est
171 4267 287 4330 vocula
311 4265 362 4333 δέ.
399 4266 517 4330 adnoto
540 4268 640 4351 igitur
663 4288 735 4331 eam
759 4289 857 4353 saepe
881 4288 981 4351 prope
1005 4266 1047 4329 ad
1071 4267 1338 4350 significationem
1362 4267 1511 4353 particu-¹

96 4370 203 4434 larum
225 4371 482 4456 copulativamm
499 4372 665 4437 accedere.
690 4372 776 4456 quod
794 4394 837 4435 ex
861 4372 898 4433 iis
914 4370 991 4435 locis
1008 4374 1128 4456 optime
1150 4373 1357 4457 intellegitur,
1382 4372 1498 4458 quibus

97 4474 136 4543 δέ
159 4476 326 4561 particulis
345 4475 547 4562 copulativis,
571 4477 605 4540 id
621 4477 707 4563 quod
731 4498 828 4562 saepe
844 4474 891 4558 fit,
914 4475 1097 4560 respondet,
1121 4476 1221 4541 veluti
1238 4476 1301 4542 Sol.
1319 4478 1351 4561 4,
1368 4477 1409 4541 33
1419 4500 1499 4562 sqq,

97 4580 159 4645 ubi
180 4591 254 4666 post
270 4583 464 4645 sententiam
479 4581 674 4665 generalem,
699 4603 782 4665 quae
798 4590 847 4645 est
861 4577 992 4666 εὐνομία
1012 4577 1041 4647 d’
1057 4582 1197 4666 εὔκοσμα
1218 4580 1273 4648 καὶ
1295 4583 1390 4667 ἄρτια
1404 4577 1500 4648 πάντ’
