3392 5067
196 176 259 243 358

197 367 283 432 dicio
309 378 359 432 est
386 366 513 433 duobus
533 367 625 430 locis:
648 367 744 432 Alex.
766 366 830 429 219
837 409 850 448 4
871 368 983 453 ἐρῶντι
1003 365 1131 450 ἑταίρας
1149 366 1239 452 ἕτερα
1260 369 1480 456 χρησιμώτερα
1500 369 1591 454 (ἐρῶν

196 493 258 535 scr.
281 471 408 538 Iacobs.
431 470 531 535 Anth.
555 470 648 551 VIII,
676 470 751 553 234,
779 472 891 557 ἐρῶντι
918 474 1012 556 γραός
1040 472 1151 556 Kock)
1183 481 1215 535 et
1241 471 1375 556 Antiph.
1403 471 1495 554 144„
1529 493 1590 557 quo

136 647 139 652 ,
195 575 266 640 1000
300 575 429 639 accedit
463 577 560 639 etiam
589 576 806 660 interpunctio
838 573 926 639 nullo
959 575 1054 639 modo
1082 575 1217 640 ferenda
1245 579 1303 656 οὐχ
1328 575 1401 662 ἡδύς
1432 574 1505 659 ἐμοὶ
1536 577 1591 660 μὲν

196 684 277 764 μετὰ
298 683 336 745 τὸ
358 680 509 744 πλουτεῖν
532 680 685 765 δεύτερον.
722 701 785 743 uno
808 679 889 763 loco,
914 678 988 743 dico
1011 678 1107 744 Alex.
1131 679 1193 760 255
1218 677 1385 766 χαίρωμεν,
1409 677 1468 758 ἕως
1490 675 1591 745 ἔνεστι

196 788 253 872 τήν
274 789 380 872 ψυχήν
400 781 528 868 τρέφειν
553 794 767 868 anapaestum
788 777 1046 868 interpunctione
1074 785 1212 848 incisum
1239 781 1335 847 facile
1358 785 1403 847 ita
1425 805 1591 847 removere
1684 787 1685 794 ’

197 909 377 974 possumus,
401 896 436 952 ut
459 909 533 951 cum
557 887 758 951 Bernhardio
782 897 972 968 statuamus,
999 885 1059 966 ἕως
1080 910 1138 974 per
1161 888 1432 973 synecphonesim
1456 908 1592 973 pronun·
1682 893 1685 924 '³

196 992 345 1056 tiandum
368 1013 449 1056 ease.

591 1188 615 1229 c.
661 1173 712 1228 De
745 1172 938 1240 anapaestis
970 1173 1062 1229 tertii
1095 1172 1201 1240 pedis.

300 1318 353 1383 De
374 1319 587 1384 incisionibus
609 1321 777 1406 anapaesti
802 1322 834 1384 in
859 1321 953 1384 tertio
980 1321 1064 1406 pede
1087 1322 1182 1407 positi
1206 1319 1381 1405 simplicior
1404 1330 1453 1384 est
1476 1319 1594 1402 agendi

197 1425 288 1505 ratio,
319 1425 395 1508 quia
428 1422 482 1486 1110
516 1426 548 1488 in
578 1424 673 1508 pede,
705 1433 740 1489 ut
774 1427 819 1489 ita
854 1425 970 1507 dicam,
1006 1426 1076 1510 ipsa
1111 1425 1152 1488 de
1186 1424 1396 1489 Incisionibus
1427 1425 1594 1507 anapaesti
1684 1430 1685 1488 1

197 1528 342 1612 quaestio
364 1527 408 1591 ad
430 1526 529 1591 finem
552 1530 651 1591 venit.
687 1550 761 1592 cum
781 1530 867 1593 enim
891 1529 979 1592 Frid.
1004 1528 1089 1612 Aug.
1114 1527 1209 1592 Wolf
1227 1549 1356 1591 versum
1377 1527 1469 1592 illum
1495 1526 1595 1591 famo·

197 1654 268 1695 sum
283 1630 427 1696 Nubium
442 1630 754 1716 Aristophancarum
776 1633 810 1695 in
832 1632 977 1715 linguam
1000 1642 1143 1696 nostram
1167 1633 1318 1695 vertisset
1340 1633 1399 1695 ita:
1424 1631 1507 1695 ‘Aah
1522 1631 1596 1694 weh
1684 1633 1685 1686 ἶ

196 1737 258 1798 mir
283 1735 621 1800 Jammermenschen!
643 1736 647 1821 Ι
667 1739 728 1799 wie
755 1735 836 1799 wird
864 1735 952 1798 mir’s
980 1734 1109 1799 endlich
1138 1734 1244 1819 gehn'‚
1273 1733 1348 1797 inde
1376 1734 1418 1799 ab
1446 1734 1495 1798 his
1518 1742 1596 1798 tem·
1684 1751 1685 1816 ζ

196 1837 329 1924 poribus
352 1838 489 1903 multum
514 1839 729 1925 disceptatum
753 1849 802 1903 est
831 1863 851 1903 a
873 1841 951 1904 viris
982 1838 1096 1922 doctis,
1121 1839 1225 1902 donec
1247 1839 1440 1920 Bernhardi,
1468 1841 1521 1924 qui
1544 1861 1597 1902 ac·
1684 1849 1685 1902 1

197 1943 399 2007 curatissime
422 1945 456 2006 in
478 1966 550 2008 eam
572 1966 640 2008 rem
664 1945 839 2029 inquisivit,
866 1945 1088 2030 quaestionem
1112 1943 1281 2028 expedivit
1299 1946 1353 2025 ita,
1382 1953 1418 2007 ut
1441 1951 1599 2019 statueret

197 2046 230 2109 in
253 2047 348 2110 tertio
371 2056 404 2110 et
427 2049 539 2133 quinto
563 2048 648 2133 pede
670 2047 757 2111 nullo
780 2057 887 2133 pacto,
911 2050 944 2111 in
968 2047 1112 2111 secundo
1140 2057 1172 2109 et
1199 2055 1313 2131 quarto
1341 2048 1438 2109 certis
1466 2045 1598 2131 quibus·
1684 2065 1685 2078 .

197 2150 274 2214 dam
297 2149 541 2215 condicionibus
564 2153 753 2216 incisionem
775 2152 846 2215 fieri
869 2173 972 2236 posse.
1684 2151 1685 2158 '

302 2271 411 2352 Quare
437 2275 502 2337 iam
528 2271 634 2337 nullus
662 2272 731 2336 fere
753 2295 868 2337 versus
895 2273 950 2337 tali
979 2281 1154 2358 anapaesto
1181 2273 1369 2357 inquinatus
1396 2274 1429 2335 in
1453 2271 1600 2335 editioni·
1684 2261 1685 2332 J

197 2375 259 2439 bus
270 2376 396 2460 legitur.
421 2379 527 2460 pauci,
541 2379 595 2462 qui
607 2387 791 2459 occurrunt,
805 2378 991 2441 coniectura
1004 2386 1078 2440 sunt
1090 2376 1286 2440 emendandi
1300 2375 1597 2460 dicolilphipp.171
1684 2365 1685 2440 1

196 2484 233 2546 od
254 2484 461 2569 Μενεκράτης
482 2481 539 2565 μὲν
561 2477 700 2569 ἔφασκεν
720 2475 802 2547 εἶναι
824 2487 905 2560 Ζεὺς
927 2487 1020 2561 θεός,
1044 2480 1262 2565 (Herwerden
1286 2479 1377 2544 Stud.
1403 2481 1472 2543 crit.
1496 2479 1517 2542 5
1539 2479 1602 2564 μὲν

198 2583 332 2669 delevit)
353 2595 384 2648 et
399 2585 481 2650 Phil.
502 2585 582 2666 103,
600 2587 709 2672 ὥσπερ
729 2587 763 2650 ἐν
786 2589 870 2672 ἀγρῷ
886 2590 1004 2669 θύμος·
1022 2587 1057 2650 ἐκ
1077 2585 1112 2650 δὲ
1131 2595 1190 2650 τοῦ
1207 2583 1309 2669 λέγειν
1327 2608 1363 2649 τε
1383 2583 1438 2651 καί
1461 2583 1600 2670 (Bernh.
1684 2571 1685 2644 l

198 2709 271 2753 cum
294 2688 458 2754 Meinekio
481 2685 561 2774 θύμ’
582 2690 735 2774 scripsit).
782 2690 822 2753 dc
849 2688 983 2774 Antiph.
1010 2688 1070 2772 35,
1100 2711 1174 2753 cum
1202 2698 1314 2772 ageret
1346 2711 1376 2773 p.
1405 2688 1467 2751 271
1496 2689 1602 2752 Bern-
1684 2706 1685 2720 ¹

197 2792 301 2875 hardi,
324 2794 357 2856 in
380 2812 522 2859 errorem
544 2793 672 2875 incidit3
699 2818 775 2858 nam
801 2795 836 2859 id
859 2794 945 2878 quod
969 2816 1043 2857 cum
1066 2793 1375 2876 Schweighaeusero
1398 2792 1440 2856 ad
1465 2814 1602 2856 versum

198 2898 379 2961 sanandum
410 2899 651 2963 commendavit
680 2903 875 2983 κιννάμωμα,
907 2900 1012 2983 ipsum
1047 2898 1174 2961 Kockio
1209 2907 1291 2961 teste
1322 2899 1355 2960 in
1390 2897 1502 2960 codice
1537 2906 1602 2979 est,
1684 2887 1685 2962 l

197 3001 276 3065 illud
306 3001 533 3087 semeptipsum
566 3024 629 3086 quo
660 3025 773 3067 versus
803 3001 952 3084 laeditur,
987 3001 1289 3085 Schweighaeuseri
1320 3011 1369 3064 est
1399 3003 1603 3064 coniectura.

199 3115 311 3169 contra
337 3104 419 3171 Phil.
449 3105 509 3186 73,
539 3106 696 3170 Meinekii
725 3108 911 3170 coniectura
937 3106 1101 3169 reicienda
1130 3115 1190 3188 est,
1221 3128 1297 3169 nam
1325 3107 1384 3168 etsi
1411 3105 1499 3169 locus
1527 3107 1604 3168 sine

199 3209 297 3274 dubio
314 3221 363 3274 est
378 3222 557 3295 corruptus,
579 3221 687 3275 tamen
707 3212 862 3276 Meinekii
887 3221 1104 3275 commentum
1128 3209 1161 3275 τί
1183 3209 1237 3276 οὖν
1259 3217 1366 3289 ποιεῖς
1388 3208 1503 3291 πλέον,
1523 3211 1527 3294 l
1548 3217 1604 3276 A.

199 3312 305 3380 οὐδέν·
328 3319 347 3402 ή
370 3316 454 3403 λύπη
478 3310 512 3381 δ’
533 3311 599 3396 ἔχει
622 3316 739 3379 falsum
763 3325 821 3397 est,
845 3318 921 3400 quia
944 3338 982 3379 eo
1004 3324 1136 3400 recepto
1158 3316 1271 3379 incisio
1294 3315 1349 3378 illa
1372 3313 1606 3380 molestissima

203 3466 261 3486 aa
282 3420 287 3483 1
307 3479 329 3487 ,
359 3422 456 3484 etiam
478 3420 739 3504 interpunctione
766 3429 815 3484 sat
837 3422 931 3504 gravi
958 3429 1104 3503 augetur.
1150 3419 1254 3484 tribus
1283 3430 1391 3484 autem
1418 3419 1496 3483 locis
1523 3420 1606 3483 talis

198 3525 367 3608 anapaesti
390 3522 493 3589 forma
516 3527 549 3588 in
573 3526 704 3589 elisione
728 3527 969 3588 excusationem
993 3523 1101 3604 habet,
1130 3524 1203 3587 dico
1226 3523 1322 3588 Alex.
1348 3523 1430 3604 210,
1455 3526 1539 3589 aduro
1570 3549 1606 3589 τι

198 3623 358 3712 τάλλότρι’
383 3621 509 3694 ἐσθίειν
536 3627 606 3694 ἐστὶ
633 3630 739 3713 γλυκύ,
767 3630 913 3714 Epicrat.
938 3627 978 3710 29
1011 3629 1047 3692 ἐκ
1074 3634 1137 3692 τῶν
1168 3630 1249 3714 ὀρῶν
1281 3623 1420 3714 πρόβατ’
1445 3625 1616 3694 ἐσθίουσι-

197 3730 253 3798 καί
279 3732 392 3817 λαγώς,
421 3731 556 3817 Antiph.
588 3732 667 3816 275¹
699 3737 822 3823 νήττας,
851 3734 1018 3816 σχαδόνας,
1052 3728 1140 3818 κάρυ’
1163 3733 1332 3818 ἐντραγεῖν,
1365 3727 1411 3820 ᾤ’,
1441 3731 1607 3817 ἐγκρίδας.

578 3957 609 4022 (ί.
655 3967 704 4021 De
738 3965 930 4034 anapaestis
963 3965 1077 4033 quarti
1109 3965 1215 4033 pedis.

303 4115 349 4179 Ut
378 4116 410 4178 in
441 4114 524 4199 pede
556 4114 699 4178 secundo
729 4117 775 4178 sie
806 4117 905 4179 etiam
934 4117 967 4179 in
995 4124 1110 4200 quarto
1137 4115 1251 4178 incisio
1278 4122 1351 4198 post
1378 4114 1517 4198 primam
1547 4115 1611 4179 vel

199 4218 377 4284 secundam
407 4220 574 4303 anapaesti
606 4218 764 4302 syllabam
796 4219 985 4301 admittitur,
1017 4220 1042 4282 si
1074 4228 1148 4282 ante
1179 4220 1278 4280 arsim
1304 4219 1432 4281 tertiam
1463 4240 1611 4282 caesura

199 4326 331 4408 gravius
345 4345 500 4410 expressa
511 4321 619 4386 locum
631 4321 739 4405 habet,
757 4324 871 4387 veluti:
892 4322 1026 4407 Antiph.
1041 4322 1102 4404 85,
1120 4324 1159 4387 ἂν
1170 4327 1213 4410 μή
1225 4326 1342 4411 κεράσῃ
1354 4345 1411 4400 τις.
1428 4321 1442 4404 ΙΙ
1458 4327 1505 4386 Α.
1517 4321 1610 4404 ἴσχε,

194 4432 255 4494 ’τὸν
282 4430 366 4517 ᾠδὸν
392 4430 546 4512 λάμβανε,
576 4426 660 4492 Phil.
690 4427 751 4508 91,
784 4423 853 4494 οὐδ’
881 4425 920 4491 αὖ
950 4431 1105 4517 ποιήσων,
1121 4429 1135 4509 ΙΙ
1151 4425 1224 4492 οὐδὲ
1244 4427 1248 4513 l
1268 4431 1455 4516 πεποιηκὼς
1484 4427 1610 4510 πάλαι,

199 4531 282 4598 Phil.
295 4533 372 4615 122,
387 4537 542 4621 σήσαμον,
554 4527 672 4613 ἔλαιον,
685 4535 855 4618 κρόμμυον,
869 4530 950 4612 ὅξος,
964 4529 1093 4619 σίλφιον
1106 4530 1303 4617 (Bernhardi
1316 4531 1428 4596 maluit
1439 4529 1610 4618 κρόμμυ’),
