3392 5067
1451 216 1514 280 ιιι
1566 177 1568 180 ’

117 423 149 485 in
179 442 241 505 quo
266 421 329 483 viri
357 418 444 482 docti
472 416 559 481 haud
586 426 675 480 recte
703 416 888 498 haeserunt,
918 413 1126 499 oppositionis
1154 433 1253 476 causa
1281 409 1390 475 dicere
1417 434 1516 475 ausus

118 535 176 591 est.
213 526 269 593 sod
293 527 327 588 in
350 523 468 608 elegeis
491 524 588 586 etiam
613 520 816 585 substantiva
838 518 989 602 leguntur
1011 539 1084 581 cum
1108 516 1225 580 vocula
1247 517 1302 594 δυς
1325 518 1515 602 composita:

119 628 268 717 δυστυχίη
292 629 436 713 Theogn.
464 625 546 691 1188
570 636 602 690 ct
623 626 702 690 ibid.
729 623 812 687 1189
844 624 1054 712 δυσφροσύνη,
1086 621 1259 707 quodiam
1289 621 1367 685 Hes.
1392 621 1515 704 Theog.

119 734 182 799 528
212 734 338 819 legitur.
384 736 463 798 item
494 734 654 795 Homerus
678 737 816 814 excepto
844 728 1046 793 substantivo
1069 726 1287 815 φιλοφροσύνη
1317 726 1417 809 stirpe
1440 723 1517 814 φίλο

120 838 223 904 solum
252 841 286 903 in
316 838 487 903 adiectivis
517 835 695 900 formandis
725 856 803 897 usus
833 842 899 916 est,
937 854 1001 896 non
1031 832 1109 895 item
1139 840 1254 915 poetae
1285 830 1435 913 elegiaci3
1474 829 1515 893 cf.

120 943 210 1030 Tyrt.
238 942 345 1028 10,18
372 944 574 1030 φιλοψυχεῖν,
597 940 675 1005 ibid.
700 940 770 1022 3,1
795 932 1042 1026 φιλοχρηματία,
1065 936 1210 1019 Theogn.
1238 935 1320 1000 1358
1343 933 1516 1023 φιλοξενίη.

119 1048 214 1112 latius
237 1050 334 1112 ctiam
358 1069 433 1111 usus
456 1044 703 1122 vocabuliv60<3
724 1051 822 1129 patet.
860 1041 947 1128 apud
974 1042 1154 1104 Homerum
1180 1041 1267 1104 enim
1289 1049 1418 1126 praeter
1445 1042 1517 1124 ἀχχι

119 1162 151 1217 et
181 1157 202 1216 ἀ
231 1153 353 1217 nullum
382 1174 456 1215 cum
489 1174 525 1215 eo
554 1149 749 1215 vocabulum
779 1149 999 1232 coniungitur3
1037 1156 1071 1211 at
1101 1145 1165 1210 Sol.
1189 1145 1285 1228 222
1315 1142 1517 1229 ἁμαρτίνοος,

119 1256 218 1322 Phoc.
243 1256 318 1338 9,2
348 1255 682 1345 έλαφρόνοος“λιεδὶλο
715 1262 797 1319 sunt.
843 1273 938 1338 porro
969 1251 1055 1316 adde
1087 1249 1275 1337 ἰοστέφανος
1298 1250 1409 1337 (Hom.
1433 1249 1517 1313 ἐυστ.

120 1371 152 1426 et
173 1360 332 1447 καλλιστ.)
356 1359 501 1445 Theogn.
519 1359 584 1424 250
606 1369 642 1423 ut
657 1358 767 1445 hymn.
785 1358 833 1423 VI
850 1358 893 1443 (V
895 1357 908 1437 l
934 1355 984 1440 18,
1008 1357 1186 1441 διχόμυθος
1208 1354 1272 1419 Sol.
1288 1354 1379 1432 424
1402 1353 1517 1440 (mel),

120 1462 309 1553 διχοστασίη
332 1464 411 1529 ibid.
436 1464 466 1549 4,
485 1463 525 1528 38
550 1473 582 1527 et
604 1463 749 1546 Theogn.
775 1461 825 1545 78,
859 1483 995 1548 quorum
1025 1460 1200 1525 verborum
1223 1460 1313 1544 prius
1336 1458 1518 1522 membrum

120 1569 162 1634 ab
194 1569 336 1633 Homero
367 1569 402 1632 in
424 1567 589 1632 vocabulis
623 1567 806 1653 compositis
835 1587 901 1630 non
922 1565 1105 1646 adhibetur,
1129 1566 1297 1649 οἰκονόμος
1322 1562 1421 1626 Phoc.
1445 1562 1516 1638 3,7

119 1682 152 1736 et
181 1669 391 1760 φερεμμελίης
421 1672 532 1736 Mimn.
560 1671 609 1755 14,
632 1671 663 1749 4,
696 1691 831 1756 quorum
863 1679 977 1734 neutra
1008 1692 1083 1756 pars
1114 1668 1202 1754 apud
1233 1667 1323 1732 illum
1349 1689 1422 1731 cum
1449 1664 1519 1730 aliis

119 1776 231 1841 verbis
248 1776 462 1859 coniungitur.
493 1784 602 1857 restat,
626 1785 662 1839 ut
678 1775 813 1840 doceam
828 1774 1008 1839 Homerum
1029 1774 1138 1838 dicere
1157 1776 1342 1861 μεχακήτης,
1358 1770 1518 1855 Theogni-

120 1880 196 1944 dem
220 1879 283 1943 175
305 1882 499 1968 βαθυκήτης,
531 1879 621 1944 illum
643 1880 831 1966 δημοβόρος,
863 1878 949 1943 hunc
982 1877 1063 1942 1181
1096 1880 1291 1968 δημοφάχος,
1322 1876 1411 1941 illum
1438 1880 1519 1942 ὠκύ-

119 2008 209 2066 πους,
233 1983 320 2047 hunc
342 1983 404 2048 551
429 1984 643 2069 ταχύπτερνος
666 1982 726 2071 (sc.
749 1982 878 2067 ἵππος).

223 2087 407 2153 Verborum
439 2090 701 2174 compositorum,
737 2110 874 2173 quorum
904 2089 994 2173 prius
1024 2088 1206 2153 membrum
1235 2088 1430 2174 praepositio
1460 2095 1519 2170 est,

120 2195 197 2257 satis
228 2191 329 2257 multa
361 2194 569 2257 inveniuntur
598 2194 631 2256 in
662 2192 780 2277 elegeis
811 2192 977 2276 exempla,
1014 2214 1099 2280 quae
1128 2193 1221 2279 apud¹
1247 2193 1425 2257 Homerum
1455 2214 1520 2257 non

119 2306 243 2361 extant.
289 2318 332 2361 cx
354 2296 403 2361 his
426 2298 460 2361 in
482 2298 596 2381 primis
617 2319 753 2382 eaquae
777 2305 1069 2361 commemorentur
1091 2298 1190 2382 digna
1213 2306 1297 2379 sunt,
1321 2318 1380 2383 pro
1402 2297 1520 2383 quibus

118 2400 172 2465 ille
194 2401 273 2465 locis
296 2401 455 2466 similibus
476 2402 633 2487 simplicia
656 2401 799 2467 adhibet.
845 2425 921 2466 nam
944 2403 1175 2488 antiquissimis
1197 2402 1399 2488 temporibus
1422 2404 1520 2466 etiam

119 2508 153 2569 iu
176 2504 287 2570 verbis
311 2507 496 2593 compositis
520 2528 611 2570 suam
635 2527 782 2591 quaeque
805 2508 873 2570 vim
896 2507 1092 2591 praepositio
1116 2505 1298 2590 obtinebat3
1326 2506 1384 2571 sed
1406 2516 1520 2592 postea

122 2611 252 2696 saepius
276 2632 315 2675 ea
337 2613 386 2675 vis
409 2610 565 2696 paulatim
597 2612 642 2673 ita
665 2612 806 2695 evanuit,
837 2620 873 2675 ut
896 2611 1036 2676 verbum
1059 2613 1273 2696 compositum
1296 2633 1359 2676 non
1382 2610 1519 2675 multum

119 2712 254 2779 distaret
277 2737 296 2777 a
318 2714 457 2801 simplici
488 2714 626 2800 ideoque
649 2737 708 2801 pro
733 2736 770 2779 eo
793 2725 978 2800 poneretur.
1024 2738 1137 2780 verum
1160 2715 1242 2781 haec
1265 2737 1330 2780 non
1353 2724 1401 2779 est
1423 2718 1520 2779 unica

119 2818 312 2883 discriminis
336 2841 443 2900 causa,
474 2818 531 2882 sed
554 2819 656 2883 altera
684 2821 782 2883 etiam
810 2820 947 2884 accedit.
993 2830 1109 2906 poetae
1132 2822 1219 2885 enim
1242 2842 1354 2885 omnes
1377 2818 1431 2883 hic
1452 2818 1519 2884 illic

118 2945 177 3009 pro
193 2922 303 2987 verbis
320 2924 504 3009 compositis
521 2923 678 3009 simplicia
694 2922 852 2988 adhibent
873 2925 972 3011 idque
989 2926 1022 2988 in
1041 2924 1177 2990 Homeri
1200 2923 1397 2989 carminibus
1419 2925 1519 2990 multo

120 3027 265 3092 crebrius
293 3048 390 3114 quam
417 3029 449 3090 in
477 3026 596 3112 elegeis
625 3030 830 3114 conspicitur.
877 3028 934 3093 sed
962 3032 1027 3094 iam
1054 3029 1141 3095 locos
1171 3029 1235 3093 huc
1263 3038 1447 3116 spectantes
1475 3032 1519 3093 in·

120 3132 308 3217 spiciamus:
333 3130 396 3196 Sol.
416 3130 465 3213 15,
486 3132 507 3195 2
524 3152 569 3217 sq.
587 3127 657 3198 ἀλλ’
668 3136 759 3222 ἡμεῖς
781 3138 890 3213 αὐτοῖς
912 3138 948 3200 ού
972 3135 1218 3221 διαμειψόμεθα
1237 3134 1242 3221 Ι
1261 3142 1317 3224 τῆς
1339 3136 1451 3221 ἀρετῆς
1464 3138 1521 3199 τδν

119 3235 267 3317 πλοῦτον,
276 3236 447 3318 Homerus
457 3238 512 3320 qui
521 3236 621 3300 verbo
639 3240 815 3322 composito
836 3236 1070 3323 διαμείβεσθαι
1085 3260 1246 3325 nusquam
1261 3262 1339 3302 usus
1352 3238 1521 3324 οεύ,Ζ235

120 3340 203 3404 dixit
225 3338 261 3419 ὃς
282 3343 364 3425 πρός
388 3338 544 3429 Τυδείδην
567 3343 730 3432 Διομήδεα
753 3340 854 3426 τεύχε’
877 3346 1019 3428 ἀμειβεν.
1066 3384 1103 3392 -
1151 3345 1298 3428 Theogn.
1319 3344 1381 3408 511
1412 3347 1521 3427 βαθύν

120 3445 175 3509 διά
197 3445 315 3510 πόντον
337 3446 474 3523 ἀνύσσας
497 3444 590 3532 (Ηεε.
608 3445 669 3532 Op.
688 3446 751 3511 635
774 3450 876 3543 πολψν
895 3450 950 3515 διδ
965 3450 1083 3515 πόντον
1105 3452 1252 3531 ἀνύσσας,
1276 3449 1387 3535 hymn.
1412 3447 1519 3534 Apoll.

120 3547 194 3611 Del.
214 3546 275 3611 108
300 3548 427 3635 διήνυσε
449 3556 516 3614 πᾶν
538 3553 575 3614 τδ
598 3553 730 3637 μεσηχύς
765 3551 806 3615 cf.
831 3574 880 3636 ea,
904 3575 987 3638 quae
1011 3577 1041 3639 p.
1061 3553 1123 3618 140
1153 3553 1193 3617 de
1216 3552 1277 3618 hoc
1300 3552 1401 3618 verbo
1425 3553 1520 3639 dixi),

121 3652 283 3715 Homerus
303 3651 381 3715 locis
405 3652 561 3716 similibus
582 3655 686 3719 ἀνύειν
709 3654 830 3740 (semel,
848 3656 942 3744 ρ517
960 3658 1104 3746 διήνυσεν
1119 3709 1126 3723 .
1144 3657 1339 3744 ἀγορεύων)
1363 3656 1520 3743 adhibuit,

120 3754 223 3819 veluti
239 3780 257 3821 ο
273 3755 337 3819 203
347 3777 392 3840 sq.
411 3756 495 3844 ἀφρα
512 3807 518 3821 .
537 3808 544 3821 .
561 3760 684 3824 ἀνύσειε
706 3759 830 3825 θέουσα
847 3812 854 3825 .
873 3812 879 3826 .
896 3762 989 3847 ύδιορ.
1010 3801 1053 3809 -
1068 3761 1212 3846 Theogn.
1229 3762 1293 3826 553
1310 3761 1521 3851 διαπρηξουσι

114 3858 288 3940 Ικέλευθον,
305 3860 390 3946 apud
416 3860 594 3924 Homerum
611 3871 644 3925 et
659 3864 864 3951 διαπρηττειν
878 3891 906 3931 κ.
925 3877 1014 3931 extat
1037 3876 1069 3931 et
1090 3870 1242 3955 πρηττειν
1255 3892 1284 3931 κ.
1309 3906 1352 3913 -
1374 3866 1519 3950 Theogn.

1 3954 2 3989 ³
122 3963 187 4028 973
211 3962 315 4042 οὐδείς
337 3967 530 4049 ἀνθρώπων,
554 3964 591 4031 ὃν
610 3963 703 4032 πότν’
718 3966 775 4033 ἐπί
798 3976 873 4052 χαῖα
893 3972 1031 4060 καλύψη,
1055 3970 1160 4035 Eoos
1190 3970 1292 4035 habes
1314 3973 1370 4036 τδν
1393 3972 1428 4037 δὲ
1449 3967 1521 4038 κατ’

1 4073 2 4077 ’
121 4068 303 4156 ὀφθαλμῶν
325 4069 469 4155 ἐρεβεννὴ
491 4068 546 4146 νύξ
568 4070 725 4157 ἐκάλυψεν
740 4073 985 4157 (ἀνακαλύπτειν
1005 4078 1039 4138 in
1055 4074 1252 4138 carminibus
1268 4074 1440 4139 homericis
1456 4099 1521 4141 non

50 4226 56 4241 .
121 4173 236 4256 extat).
266 4210 308 4219 --
340 4172 485 4256 Theogn.
513 4173 597 4237 1373
619 4173 806 4260 κατέμεινας
827 4179 904 4265 ἀμην
926 4184 1026 4266 χάριν,
1057 4179 1142 4243 1144
1163 4178 1282 4245 ἐλπίδα
1305 4179 1519 4264 προσμενέτω,

122 4275 204 4370 1127
228 4279 248 4364 ἥ
271 4300 326 4361 μιν
349 4272 597 4366 δήθ’ύπέμεινε,
621 4301 705 4364 quae
720 4280 822 4344 verba
846 4285 953 4345 omnia
970 4285 1000 4345 vi
1025 4284 1177 4349 manendi
1200 4284 1341 4370 aliquem
1363 4287 1521 4349 instructa

2 4417 5 4423 ν
122 4388 210 4460 sunt3
249 4388 361 4444 contra
384 4379 471 4466 apud
498 4380 678 4446 Homerum
705 4405 763 4467 pro
790 4383 839 4447 his
863 4385 983 4468 verbis,
1014 4409 1150 4472 quorum
1178 4388 1252 4474 duo,
1280 4388 1467 4474 καταμένειν
1490 4401 1522 4454 et

4 4494 6 4501 '
120 4482 322 4569 προσμένειν,
346 4486 379 4547 in
395 4487 463 4548 eius
480 4487 677 4550 carminibus
694 4490 824 4553 omnino
848 4512 911 4554 non
934 4492 1153 4573 inveniuntur,
1176 4496 1318 4572 tertium,
1343 4494 1416 4559 dico
1438 4496 1520 4561 ύπο-

2 4584 4 4611 ³
121 4588 235 4673 μένειν,
267 4588 364 4653 aliam
393 4591 460 4653 vim
493 4590 602 4672 habet,
635 4613 732 4657 sensu
754 4615 818 4657 non
852 4592 981 4660 diverso
1004 4594 1108 4680 μένειν
1139 4620 1236 4683 saepe
1267 4607 1450 4683 usurpatur.
1478 4638 1521 4647 —
