3392 5067
1475 251 1514 314 19

15 434 16 465 ³
109 440 200 524 fecit,
225 446 337 504 contra
360 436 518 502 Octaviae
539 436 612 501 loco
635 436 730 500 huius
753 434 889 500 libertae
909 437 1029 500 mentio
1053 438 1182 500 omuino
1205 459 1270 501 non
1292 436 1359 522 fiat,
1383 440 1514 505 falsissi-

107 565 201 607 mum
216 542 295 607 mihi
309 541 441 605 videtur
456 543 604 606 conicere
621 539 779 605 Octaviae
803 542 993 625 scriptorem
1020 539 1082 604 hoc
1104 563 1204 604 unum
1227 541 1364 606 verbum
1396 566 1439 607 ex
1459 544 1514 610 illo

15 722 16 730 Ι
108 648 219 711 Taciti
240 647 310 711 loco
334 646 520 731 sumpsisse.
566 666 671 729 neque
694 643 789 707 ullius
812 646 966 708 momenti
989 653 1051 729 est,
1086 645 1173 729 quod
1205 647 1292 732 apud
1325 647 1514 715 Suetonium

15 762 16 783 ³
108 751 225 818 Oth.3
247 752 384 836 legimus
408 752 561 814 ‘omnium
583 758 693 813 autem
716 747 831 835 (Otho)
856 747 1061 813 consiliorum
1085 758 1348 837 secretorumque
1375 754 1514 817 Neronis

107 857 294 941 particeps'.
339 856 419 920 nihil
441 856 539 939 igitur
566 854 639 919 Oct.
663 876 717 918 vv.
746 853 789 917 49
809 876 856 939 sq.
885 854 928 917 ad
957 856 1179 939 quaestionem
1211 876 1308 939 quam
1336 866 1513 921 tractamus

107 960 350 1047 expediendam
373 959 492 1025 valent.

214 1065 371 1130 Octaviae
392 1066 503 1129 nutrix
519 1086 553 1127 se
570 1062 720 1129 alumnae
737 1084 814 1126 suae
838 1061 971 1146 fidelem
985 1086 1055 1126 esse
1078 1066 1150 1148 ipsa
1166 1063 1317 1128 adfirmat
1332 1088 1386 1128 vv.
1404 1067 1511 1151 51qu

105 1173 246 1232 arriurum
269 1170 399 1233 dolentis
433 1181 540 1231 nostra
570 1168 690 1231 solatur
714 1166 797 1250 fides
817 1168 821 1253 Ι
838 1171 997 1252 pietasque
1016 1167 1167 1253 frustra,·
1201 1169 1289 1253 apud
1320 1170 1396 1233 Tac.
1424 1170 1510 1235 Ann.

15 1302 16 1307 ¹
105 1274 211 1340 XIIII
227 1274 269 1338 60
291 1274 374 1338 haec
398 1272 438 1337 de
461 1272 618 1337 Octaviae
641 1272 767 1338 ancillis
790 1272 957 1355 legsmtur:
981 1282 1070 1334 actae
1093 1271 1129 1334 ob
1151 1272 1187 1335 id
1213 1274 1250 1335 de
1272 1273 1396 1337 ancillis
1418 1297 1509 1358 quae-

104 1382 219 1442 stiones
242 1390 270 1441 et
293 1379 324 1442 ui
347 1388 565 1441 tormentorum
588 1378 675 1441 uictis
697 1377 882 1462 quidusdam
901 1386 935 1438 ut
949 1375 1044 1461 falsa
1066 1387 1247 1452 corruerent,
1272 1377 1381 1461 plures
1399 1382 1510 1463 peruti-

104 1496 170 1546 tere
185 1484 380 1547 sanctitatem
396 1482 537 1546 dominae
560 1482 645 1544 tueri
652 1506 664 1562 ,·
687 1480 854 1565 acquilius
876 1503 942 1543 una
964 1482 1094 1543 instanti
1121 1479 1268 1566 Tigellino
1291 1483 1425 1546 castiora
1449 1506 1510 1546 esse

102 1588 270 1651 muliebria
297 1586 444 1651 Octaviae
466 1586 626 1671 respoudit
648 1607 740 1669 quarn
764 1608 796 1648 os
819 1586 894 1648 eius.
933 1585 997 1647 Dio
1014 1584 1146 1648 Cassius
1163 1587 1260 1649 etiam
1276 1608 1393 1651 nomen
1414 1586 1509 1652 huius

103 1691 243 1757 ancillae
268 1694 431 1775 cognitum
454 1690 616 1776 habuit31)
641 1690 682 1753 cf.
706 1689 805 1754 LXII
830 1689 884 1753 13:
920 1690 979 1750 ἐπεὶ
1009 1693 1062 1771 γὰρ
1092 1698 1145 1751 τῶν
1173 1691 1235 1772 περὶ
1265 1694 1314 1767 τὴν
1345 1694 1509 1754 Ὀκταουίαν

69 1834 73 1847 =
103 1800 189 1858 ὀντων
213 1799 238 1858 οἱ
261 1796 345 1858 ἄλλοι
367 1802 466 1869 πάντες
489 1798 562 1871 πλὴν
587 1798 723 1868 Πυθιάδος
745 1798 919 1855 συνεπέθεντο
943 1796 1013 1871 μετὰ
1035 1802 1083 1870 τῆς
1107 1796 1225 1873 Σαβίνης
1248 1797 1314 1879 αὐτῇ
1340 1846 1346 1859 .
1373 1847 1379 1859 ,
1406 1845 1412 1858 .
1438 1802 1508 1874 μόνη

102 1906 120 1979 ἡ
146 1900 249 1975 Πυθιὰς
281 1884 340 1963 οὔτέ
371 1925 394 1962 τι
421 1904 606 1981 κατεψεύσατο
640 1904 721 1977 αὐτῆς
756 1902 853 1981 καίπερ
888 1905 1036 1980 πικρότατα
1064 1902 1257 1976 βασανιοθεῖσα
1283 1902 1329 1961 καὶ
1355 1905 1439 1975 τέλος
1470 1906 1508 1976 ὡς

102 2011 117 2067 ὁ
137 2008 305 2087 Τιγελλῖνος
328 2008 447 2067 ἐνέκειτο
471 2009 547 2089 αὐτῇ,
575 2009 741 2086 προσέπτυσέ
764 2028 793 2065 τε
817 2004 957 2084 αὐτῷκαὶ
980 2000 1041 2063 εἷπε
1064 2002 1274 2087 (καθαρώτερον,
1297 2004 1320 2067 ὦ
1343 2008 1506 2086 thsltltire³

102 2118 132 2173 το
150 2112 252 2172 αἰδοῖον
268 2116 284 2187 ἡ
302 2112 429 2172 δέσποινά
445 2133 496 2186 μου
512 2116 557 2171 τοῦ
573 2116 619 2170 σοῦ
641 2112 775 2185 στόματος
799 2112 867 2187 ἔχει.
893 2108 1004 2171 Braun
1020 2109 1170 2192 opinatur
1184 2107 1343 2173 Octaviae
1359 2113 1508 2195 scriptori

102 2215 301 2301 Pythiadem
327 2214 416 2278 illam
444 2236 463 2277 a
491 2214 595 2278 Dione
624 2215 835 2295 nominatam,
864 2236 884 2276 a
910 2212 1024 2276 Tacito
1052 2212 1268 2295 significatam
1294 2222 1370 2277 ante
1398 2215 1507 2278 oculos

102 2329 267 2384 versatam
291 2340 372 2403 esse,
402 2341 475 2383 cum
503 2320 663 2381 nutricem
686 2320 720 2382 in
742 2317 854 2381 fabula
875 2340 934 2381 sua
956 2316 1135 2381 induceret.
1182 2318 1240 2381 sed
1263 2316 1352 2381 nulla
1374 2341 1506 2404 prorsus

103 2448 201 2489 causa
230 2424 332 2506 adest,
362 2446 419 2486 cur
446 2421 510 2486 tale
534 2421 612 2507 quid
640 2424 709 2485 iure
738 2424 835 2485 statui
858 2422 969 2506 possit.
1001 2443 1106 2505 neque
1130 2423 1156 2484 si
1178 2424 1243 2485 iam
1267 2431 1391 2487 certum
1422 2433 1508 2487 esset

101 2528 262 2593 Octaviae
285 2537 451 2591 auctorem
475 2549 518 2590 ex
541 2528 654 2591 Tacito
678 2526 730 2589 vel
753 2526 860 2589 Dione
882 2526 1037 2607 hausisse,
1066 2525 1216 2609 colligere
1242 2526 1355 2591 liceret
1377 2550 1451 2593 eum
1474 2531 1506 2592 in

101 2635 235 2698 nutricis
258 2653 398 2719 persona
416 2631 602 2695 inducenda
624 2630 730 2695 fontes
754 2652 827 2705 suos
843 2631 1036 2714 respexisse.
1067 2652 1143 2693 nam
1165 2632 1276 2694 nutrix
1298 2633 1332 2694 in
1347 2630 1506 2697 Octaviae

101 2737 214 2802 fabula
244 2736 382 2800 eandem
412 2756 446 2798 se
476 2734 627 2819 praebet,
658 2734 787 2819 qualem
818 2754 891 2798 eam
921 2757 963 2796 ex
994 2734 1140 2797 Senecae
1170 2734 1302 2817 Medea,
1343 2735 1527 2820 Phaedra,

103 2842 359 2926 Agamemnone,
387 2839 530 2904 Hercule
558 2838 681 2903 Oetaeo
710 2840 872 2921 cognitam
900 2838 1067 2902 habemus
1113 2838 1174 2902 hoc
1202 2840 1288 2903 euim
1315 2842 1347 2902 iu
1374 2841 1503 2924 fabulis,

15 2978 16 2985 Ι
103 2947 212 3031 quales
236 2956 310 3010 sunt
333 2944 477 3011 Senecae
501 2943 697 3027 tragoediae,
724 2945 759 3008 in
781 2966 842 3006 usu
868 2944 968 3007 fuisse
991 2941 1129 3024 videtur,
1157 2951 1193 3005 ut
1214 2942 1340 3007 nobiles
1362 2943 1504 3009 feminae

15 3030 16 3053 Ι
101 3074 166 3115 una
189 3072 263 3115 cum
285 3044 466 3114 nutricibus
489 3050 554 3112 suis
576 3048 817 3129 inducerentur,
841 3047 928 3132 quod
951 3068 994 3109 ex
1010 3046 1213 3111 Graecorum
1234 3046 1354 3112 fabulis
1378 3049 1503 3115 desum-

102 3166 192 3239 ptum
215 3177 287 3219 esse
309 3162 408 3239 patet.

204 3259 271 3323 Cur
293 3256 411 3323 deinde
428 3258 540 3322 Braun
562 3256 675 3338 verba,
700 3278 782 3341 quae
805 3258 837 3319 in
862 3254 934 3319 Oct.
952 3255 993 3320 57
1005 3278 1063 3339 sq:
1087 3278 1104 3319 o
1126 3277 1193 3319 mea
1220 3256 1313 3320 nullis
1337 3260 1501 3343 equando

15 3392 17 3451 g
101 3363 191 3427 malis
210 3364 214 3448 Ι
226 3363 365 3450 fortuna
381 3374 412 3426 et
435 3362 523 3447 apud
540 3362 619 3425 Tac.
636 3361 721 3426 Ann.
739 3361 841 3425 XIIII
859 3361 899 3423 63
916 3368 1043 3425 extant:
1067 3382 1132 3423 nou
1153 3360 1221 3422 alia
1244 3362 1316 3423 exul
1337 3363 1503 3428 eucratium

102 3467 201 3531 oculos
223 3468 339 3530 maiore
362 3467 576 3531 miseriurdia
599 3465 727 3551 adfecit,
749 3468 834 3529 inter
857 3486 891 3527 se
912 3466 1159 3551 comparaverit,
1182 3464 1318 3551 adsequi
1341 3488 1404 3531 non
1427 3490 1499 3554 pos·

15 3562 16 3565 ¹
103 3594 180 3635 sum.
223 3570 312 3635 nulla
342 3573 427 3634 enim
455 3572 539 3634 inter
568 3579 742 3655 utrumque
771 3570 879 3633 locum
909 3569 1084 3633 similitudo
1115 3569 1297 3633 intercedit.
1348 3594 1426 3636 mox
1457 3574 1500 3637 ad

15 3730 16 3759 ,
103 3672 172 3739 Oct.
189 3676 229 3738 67
241 3696 321 3760 sqq:
336 3675 514 3760 fratrisque
529 3697 631 3737 necem
648 3674 756 3754 deflere
772 3684 863 3751 uetat,
885 3674 889 3758 Ι
908 3676 943 3736 iu
957 3696 1015 3758 quo
1031 3672 1144 3759 fuerat
1158 3695 1225 3757 spes
1241 3696 1306 3737 una
1328 3676 1403 3738 milri
1421 3683 1425 3763 Ι
1446 3688 1499 3740 tot-

15 3794 17 3799 ’
103 3800 159 3861 que
180 3779 333 3843 malorum
355 3779 443 3843 breue
472 3779 608 3857 solamen
639 3788 671 3842 et
698 3779 776 3843 Tac.
805 3778 891 3842 Anu.
917 3778 1002 3842 XIII
1026 3778 1065 3840 16
1094 3777 1210 3841 verba:
1241 3788 1275 3840 at
1302 3779 1499 3867 Agrippinae

15 3930 16 3938 ,
103 3884 244 3967 ispauor
268 3933 274 3945 .
294 3932 325 3945 ..
365 3884 499 3960 emicuit,
527 3895 563 3946 ut
581 3884 713 3968 perinde
735 3885 880 3967 ipuararu
895 3882 1001 3967 fuisse
1028 3881 1186 3945 Octaviam
1208 3906 1344 3947 sororem
1367 3887 1498 3950 Britan-

104 3987 165 4048 niai
184 3987 361 4074 (sicMed.)
386 3989 570 4051 constiterit:
601 3989 710 4073 quippe
732 3987 790 4050 sibi
811 4008 985 4071 supremum
1008 3986 1162 4049 cundiam
1184 3999 1318 4072 ereptura
1340 4000 1369 4052 et
1386 3993 1497 4075 parri-

104 4090 174 4154 cidii
193 4092 364 4178 eaemplurn
390 4091 591 4177 intellegebat.
642 4091 770 4154 Octauia
793 4114 906 4175 quoque
930 4140 936 4152 .
962 4139 968 4151 .
994 4139 1001 4152 .
1026 4091 1124 4153 ornnis
1147 4090 1288 4175 adfectus
1312 4092 1497 4158 abscondere

203 4340 223 4403 1)
253 4340 306 4388 Dio
334 4339 417 4405 igitur
443 4339 495 4390 hoc
525 4338 584 4389 loco
616 4338 695 4403 plura
726 4338 838 4403 praebet
865 4352 945 4401 quam
976 4350 1047 4401 quae
1081 4336 1154 4401 apud
1179 4338 1304 4388 Tacitum
1338 4339 1371 4389 de
1402 4341 1495 4391 eadem

15 4412 16 4449 Ι
105 4422 277 4491 releguntur,
305 4425 333 4475 id
356 4426 428 4491 quod
455 4426 571 4476 alicuius
599 4428 728 4477 momenti
756 4441 814 4474 esse
842 4425 950 4474 videtur
981 4426 1009 4473 in
1033 4425 1191 4488 quaestione
1215 4425 1381 4491 explicanda,
1405 4434 1494 4478 utrum

106 4508 129 4556 is
149 4510 266 4562 Tacitum
291 4514 454 4577 excerpserit
477 4528 512 4562 an
540 4514 607 4562 alios
636 4528 744 4582 quoqne
771 4512 860 4562 fontes
888 4511 1055 4574 adhibuerit,
1087 4512 1120 4561 de
1151 4528 1204 4577 qua
1230 4528 1259 4561 re
1283 4513 1316 4562 ef.
1334 4514 1494 4565 Schillerum

15 4594 16 4627 Ι
106 4610 132 4658 p.
143 4598 214 4664 29sq.

1305 4689 1338 4737 2¹}
