<?xml version="1.0" encoding="UTF-8"?>
<!DOCTYPE html PUBLIC "-//W3C//DTD XHTML 1.0 Transitional//EN"
    "http://www.w3.org/TR/xhtml1/DTD/xhtml1-transitional.dtd">
<html xmlns="http://www.w3.org/1999/xhtml" xml:lang="en" lang="en">
 <head>
  <title>
</title>
<meta http-equiv="Content-Type" content="text/html;charset=utf-8" />
  <meta name='ocr-system' content='tesseract 3.04.00' />
  <meta name='ocr-capabilities' content='ocr_page ocr_carea ocr_par ocr_line ocrx_word'/>
</head>
<body>
  <div class='ocr_page' id='page_1' title='image "./dissertationesp04wiengoog_0234.png"; bbox 0 0 3392 5067; ppageno 0'>
   <div class='ocr_carea' id='block_1_1' title="bbox 1441 234 1504 300">
    <p class='ocr_par' dir='ltr' id='par_1_1' title="bbox 1441 234 1504 300">
     <span class='ocr_line' id='line_1_1' title="bbox 1441 234 1504 300; baseline 0.032 -2"><span class='ocrx_word' id='word_1_1' title='bbox 1441 234 1504 300; x_wconf 91' lang='grc'><strong>223</strong></span> 
     </span>
    </p>
   </div>
   <div class='ocr_carea' id='block_1_2' title="bbox 108 417 1519 2500">
    <p class='ocr_par' dir='ltr' id='par_1_2' title="bbox 108 417 1519 2500">
     <span class='ocr_line' id='line_1_2' title="bbox 111 417 1507 512; baseline 0.004 -25"><span class='ocrx_word' id='word_1_2' title='bbox 111 420 256 506; x_wconf 84' lang='lat' dir='ltr'><strong>Theogn.</strong></span> <span class='ocrx_word' id='word_1_3' title='bbox 272 420 336 486; x_wconf 95' lang='grc'><strong>275</strong></span> <span class='ocrx_word' id='word_1_4' title='bbox 358 420 480 501; x_wconf 88' lang='grc' dir='ltr'><em>παῖδας</em></span> <span class='ocrx_word' id='word_1_5' title='bbox 502 418 574 487; x_wconf 77' lang='grc' dir='ltr'><em>ἐπεί</em></span> <span class='ocrx_word' id='word_1_6' title='bbox 588 417 733 510; x_wconf 79' lang='grc' dir='ltr'><em>θρέψαιο</em></span> <span class='ocrx_word' id='word_1_7' title='bbox 748 417 804 487; x_wconf 86' lang='grc' dir='ltr'><em>καί</em></span> <span class='ocrx_word' id='word_1_8' title='bbox 825 422 944 508; x_wconf 87' lang='grc' dir='ltr'><em>άρμενα</em></span> <span class='ocrx_word' id='word_1_9' title='bbox 966 426 1073 489; x_wconf 91' lang='grc' dir='ltr'><em>πάντα</em></span> <span class='ocrx_word' id='word_1_10' title='bbox 1096 429 1276 512; x_wconf 76' lang='grc' dir='ltr'><strong><em>παράσχοις</em></strong></span> <span class='ocrx_word' id='word_1_11' title='bbox 1297 436 1330 490; x_wconf 93' lang='lat' dir='ltr'><strong>et</strong></span> <span class='ocrx_word' id='word_1_12' title='bbox 1348 427 1427 492; x_wconf 89' lang='lat' dir='ltr'><strong>ibid.</strong></span> <span class='ocrx_word' id='word_1_13' title='bbox 1444 428 1507 493; x_wconf 87' lang='grc'><strong>695</strong></span> 
     </span>
     <span class='ocr_line' id='line_1_3' title="bbox 111 524 1506 619; baseline 0.001 -25"><span class='ocrx_word' id='word_1_14' title='bbox 111 530 147 594; x_wconf 81' lang='grc' dir='ltr'><strong>οὐ</strong></span> <span class='ocrx_word' id='word_1_15' title='bbox 171 524 308 612; x_wconf 80' lang='grc' dir='ltr'><em>δύναμαί</em></span> <span class='ocrx_word' id='word_1_16' title='bbox 329 548 391 608; x_wconf 91' lang='grc' dir='ltr'><strong>σοι,</strong></span> <span class='ocrx_word' id='word_1_17' title='bbox 415 524 510 613; x_wconf 79' lang='grc' dir='ltr'><em>θυμέ,</em></span> <span class='ocrx_word' id='word_1_18' title='bbox 533 534 711 614; x_wconf 78' lang='grc' dir='ltr'><em>παρασχεῖν</em></span> <span class='ocrx_word' id='word_1_19' title='bbox 732 527 851 612; x_wconf 86' lang='grc' dir='ltr'><em>άρμενα</em></span> <span class='ocrx_word' id='word_1_20' title='bbox 875 531 980 593; x_wconf 90' lang='grc' dir='ltr'><em>πάντα</em></span> <span class='ocrx_word' id='word_1_21' title='bbox 996 530 1063 592; x_wconf 85' lang='lat' dir='ltr'><strong>vim</strong></span> <span class='ocrx_word' id='word_1_22' title='bbox 1078 533 1269 596; x_wconf 84' lang='lat' dir='ltr'>translatam</span> <span class='ocrx_word' id='word_1_23' title='bbox 1291 531 1399 617; x_wconf 82' lang='lat' dir='ltr'><strong>habet,</strong></span> <span class='ocrx_word' id='word_1_24' title='bbox 1425 554 1506 619; x_wconf 92' lang='lat' dir='ltr'><strong>quae</strong></span> 
     </span>
     <span class='ocr_line' id='line_1_4' title="bbox 111 628 1505 721; baseline 0.004 -26"><span class='ocrx_word' id='word_1_25' title='bbox 111 632 189 696; x_wconf 88' lang='lat' dir='ltr'><strong>Hes.</strong></span> <span class='ocrx_word' id='word_1_26' title='bbox 207 632 259 696; x_wconf 87' lang='lat' dir='ltr'><strong>Sc.</strong></span> <span class='ocrx_word' id='word_1_27' title='bbox 277 631 320 695; x_wconf 84' lang='lat'><strong>84</strong></span> <span class='ocrx_word' id='word_1_28' title='bbox 341 631 375 696; x_wconf 80' lang='grc' dir='ltr'><strong>ολ</strong></span> <span class='ocrx_word' id='word_1_29' title='bbox 396 636 435 717; x_wconf 85' lang='grc' dir='ltr'><strong>ῥά</strong></span> <span class='ocrx_word' id='word_1_30' title='bbox 457 657 512 716; x_wconf 91' lang='grc' dir='ltr'><strong>μιν</strong></span> <span class='ocrx_word' id='word_1_31' title='bbox 533 630 717 720; x_wconf 74' lang='grc' dir='ltr'><em>ἠσπάζοντο</em></span> <span class='ocrx_word' id='word_1_32' title='bbox 739 628 794 697; x_wconf 87' lang='grc' dir='ltr'><em>καί</em></span> <span class='ocrx_word' id='word_1_33' title='bbox 817 632 935 718; x_wconf 85' lang='grc' dir='ltr'><em>άρμενα</em></span> <span class='ocrx_word' id='word_1_34' title='bbox 957 636 1064 697; x_wconf 85' lang='grc' dir='ltr'><em>πάντα</em></span> <span class='ocrx_word' id='word_1_35' title='bbox 1086 641 1250 719; x_wconf 86' lang='grc' dir='ltr'><em>παρεῖχον,</em></span> <span class='ocrx_word' id='word_1_36' title='bbox 1274 635 1380 700; x_wconf 88' lang='lat' dir='ltr'><strong>Alcm.</strong></span> <span class='ocrx_word' id='word_1_37' title='bbox 1397 637 1436 701; x_wconf 87' lang='lat' dir='ltr'><strong>fr.</strong></span> <span class='ocrx_word' id='word_1_38' title='bbox 1454 636 1505 721; x_wconf 86' lang='grc'><strong>87,</strong></span> 
     </span>
     <span class='ocr_line' id='line_1_5' title="bbox 111 734 1508 827; baseline 0.006 -27"><span class='ocrx_word' id='word_1_39' title='bbox 111 736 206 801; x_wconf 90' lang='lat' dir='ltr'><strong>Pind.</strong></span> <span class='ocrx_word' id='word_1_40' title='bbox 223 735 275 800; x_wconf 93' lang='lat' dir='ltr'><strong>Ol.</strong></span> <span class='ocrx_word' id='word_1_41' title='bbox 299 736 383 800; x_wconf 92' lang='lat' dir='ltr'>VIII</span> <span class='ocrx_word' id='word_1_42' title='bbox 407 736 447 800; x_wconf 83' lang='lat'><strong>73</strong></span> <span class='ocrx_word' id='word_1_43' title='bbox 470 738 646 816; x_wconf 77' lang='lat' dir='ltr'><strong>invenitur3</strong></span> <span class='ocrx_word' id='word_1_44' title='bbox 670 735 712 799; x_wconf 89' lang='lat' dir='ltr'><strong>cf.</strong></span> <span class='ocrx_word' id='word_1_45' title='bbox 737 734 853 799; x_wconf 85' lang='lat' dir='ltr'><strong>Sitzler</strong></span> <span class='ocrx_word' id='word_1_46' title='bbox 875 735 894 801; x_wconf 92' lang='lat' dir='ltr'><strong>l.</strong></span> <span class='ocrx_word' id='word_1_47' title='bbox 919 760 945 800; x_wconf 91' lang='lat' dir='ltr'><strong>o.</strong></span> <span class='ocrx_word' id='word_1_48' title='bbox 970 737 1190 823; x_wconf 82' lang='lat' dir='ltr'><strong>(Festschrift)</strong></span> <span class='ocrx_word' id='word_1_49' title='bbox 1213 763 1244 825; x_wconf 89' lang='lat' dir='ltr'><strong>p.</strong></span> <span class='ocrx_word' id='word_1_50' title='bbox 1261 739 1313 803; x_wconf 91' lang='grc'><strong>41.</strong></span> <span class='ocrx_word' id='word_1_51' title='bbox 1337 779 1379 787; x_wconf 97' lang='grc'><strong>-</strong></span> <span class='ocrx_word' id='word_1_52' title='bbox 1402 742 1508 827; x_wconf 86' lang='grc' dir='ltr'><em>άρου-</em></span> 
     </span>
     <span class='ocr_line' id='line_1_6' title="bbox 111 838 1507 933; baseline 0.004 -26"><span class='ocrx_word' id='word_1_53' title='bbox 111 866 178 926; x_wconf 91' lang='grc' dir='ltr'><em>ραν</em></span> <span class='ocrx_word' id='word_1_54' title='bbox 199 845 310 927; x_wconf 83' lang='grc' dir='ltr'><em>ἀροῦν</em></span> <span class='ocrx_word' id='word_1_55' title='bbox 334 840 405 926; x_wconf 83' lang='lat' dir='ltr'><strong>(K)</strong></span> <span class='ocrx_word' id='word_1_56' title='bbox 430 841 576 923; x_wconf 85' lang='lat' dir='ltr'><strong>Theogn.</strong></span> <span class='ocrx_word' id='word_1_57' title='bbox 600 839 662 903; x_wconf 86' lang='grc'><strong>581</strong></span> <span class='ocrx_word' id='word_1_58' title='bbox 680 863 726 926; x_wconf 91' lang='lat' dir='ltr'><strong>sq.</strong></span> <span class='ocrx_word' id='word_1_59' title='bbox 751 838 894 924; x_wconf 75' lang='grc' dir='ltr'><em>ἐχθαίρω</em></span> <span class='ocrx_word' id='word_1_60' title='bbox 918 841 953 907; x_wconf 81' lang='grc' dir='ltr'><strong>δὲ</strong></span> <span class='ocrx_word' id='word_1_61' title='bbox 978 849 1108 925; x_wconf 87' lang='grc' dir='ltr'><em>γυναῖκα</em></span> <span class='ocrx_word' id='word_1_62' title='bbox 1131 841 1325 930; x_wconf 89' lang='grc' dir='ltr'><em>περίδρομον</em></span> <span class='ocrx_word' id='word_1_63' title='bbox 1351 845 1450 933; x_wconf 85' lang='grc' dir='ltr'><em>άνδρα</em></span> <span class='ocrx_word' id='word_1_64' title='bbox 1472 871 1507 912; x_wconf 88' lang='grc' dir='ltr'><strong>τε</strong></span> 
     </span>
     <span class='ocr_line' id='line_1_7' title="bbox 111 942 1507 1037; baseline 0.003 -27"><span class='ocrx_word' id='word_1_65' title='bbox 111 950 240 1031; x_wconf 90' lang='grc' dir='ltr'><em>μάργον,</em></span> <span class='ocrx_word' id='word_1_66' title='bbox 261 946 265 1031; x_wconf 73' lang='grc' dir='ltr'><em>ί</em></span> <span class='ocrx_word' id='word_1_67' title='bbox 286 944 321 1025; x_wconf 85' lang='grc' dir='ltr'><strong>ὃς</strong></span> <span class='ocrx_word' id='word_1_68' title='bbox 342 950 399 1032; x_wconf 81' lang='grc' dir='ltr'><strong>την</strong></span> <span class='ocrx_word' id='word_1_69' title='bbox 421 942 590 1032; x_wconf 81' lang='grc' dir='ltr'><em>ἀλλοτρίην</em></span> <span class='ocrx_word' id='word_1_70' title='bbox 615 945 740 1027; x_wconf 84' lang='grc' dir='ltr'><em>βούλετ’</em></span> <span class='ocrx_word' id='word_1_71' title='bbox 764 946 901 1031; x_wconf 86' lang='grc' dir='ltr'><em>άρουραν</em></span> <span class='ocrx_word' id='word_1_72' title='bbox 928 948 1030 1031; x_wconf 83' lang='grc' dir='ltr'><em>άροῦν.</em></span> <span class='ocrx_word' id='word_1_73' title='bbox 1077 969 1160 1032; x_wconf 89' lang='lat' dir='ltr'><strong>quae</strong></span> <span class='ocrx_word' id='word_1_74' title='bbox 1182 950 1300 1033; x_wconf 81' lang='lat' dir='ltr'><strong>imago,</strong></span> <span class='ocrx_word' id='word_1_75' title='bbox 1324 972 1388 1034; x_wconf 93' lang='lat' dir='ltr'><strong>qua</strong></span> <span class='ocrx_word' id='word_1_76' title='bbox 1410 972 1507 1037; x_wconf 89' lang='lat' dir='ltr'><strong>saepe</strong></span> 
     </span>
     <span class='ocr_line' id='line_1_8' title="bbox 110 1034 1506 1140; baseline 0.004 -26"><span class='ocrx_word' id='word_1_77' title='bbox 110 1060 225 1135; x_wconf 90' lang='lat' dir='ltr'><strong>poetae</strong></span> <span class='ocrx_word' id='word_1_78' title='bbox 249 1051 363 1134; x_wconf 77' lang='lat' dir='ltr'>tragici</span> <span class='ocrx_word' id='word_1_79' title='bbox 386 1052 435 1112; x_wconf 91' lang='lat' dir='ltr'><strong>usi</strong></span> <span class='ocrx_word' id='word_1_80' title='bbox 456 1034 540 1131; x_wconf 77' lang='lat' dir='ltr'><strong>suni,</strong></span> <span class='ocrx_word' id='word_1_81' title='bbox 564 1051 616 1114; x_wconf 93' lang='lat' dir='ltr'><strong>hic</strong></span> <span class='ocrx_word' id='word_1_82' title='bbox 639 1051 780 1135; x_wconf 93' lang='lat' dir='ltr'><strong>primum</strong></span> <span class='ocrx_word' id='word_1_83' title='bbox 802 1052 975 1114; x_wconf 90' lang='lat' dir='ltr'><strong>invenitur.</strong></span> <span class='ocrx_word' id='word_1_84' title='bbox 999 1090 1042 1097; x_wconf 92' lang='lat'><em>-</em></span> <span class='ocrx_word' id='word_1_85' title='bbox 1063 1046 1345 1140; x_wconf 79' lang='grc' dir='ltr'><em>Ἀσκληπιάδαι</em></span> <span class='ocrx_word' id='word_1_86' title='bbox 1361 1055 1506 1140; x_wconf 83' lang='lat' dir='ltr'><strong>Theogn.</strong></span> 
     </span>
     <span class='ocr_line' id='line_1_9' title="bbox 110 1154 1505 1242; baseline 0.006 -25"><span class='ocrx_word' id='word_1_87' title='bbox 110 1154 176 1217; x_wconf 89' lang='grc'><strong>432</strong></span> <span class='ocrx_word' id='word_1_88' title='bbox 203 1164 278 1217; x_wconf 91' lang='lat' dir='ltr'><strong>sunt</strong></span> <span class='ocrx_word' id='word_1_89' title='bbox 304 1154 456 1236; x_wconf 73' lang='lat' dir='ltr'><strong>medici3,</strong></span> <span class='ocrx_word' id='word_1_90' title='bbox 476 1154 564 1238; x_wconf 90' lang='lat' dir='ltr'><strong>apud</strong></span> <span class='ocrx_word' id='word_1_91' title='bbox 586 1154 765 1218; x_wconf 86' lang='lat' dir='ltr'><strong>Homerum</strong></span> <span class='ocrx_word' id='word_1_92' title='bbox 788 1154 915 1218; x_wconf 86' lang='lat' dir='ltr'><strong>tantum</strong></span> <span class='ocrx_word' id='word_1_93' title='bbox 938 1155 1110 1239; x_wconf 76' lang='lat' dir='ltr'><strong>singidaris</strong></span> <span class='ocrx_word' id='word_1_94' title='bbox 1134 1178 1230 1221; x_wconf 90' lang='lat' dir='ltr'><strong>sensu</strong></span> <span class='ocrx_word' id='word_1_95' title='bbox 1252 1160 1383 1242; x_wconf 92' lang='lat' dir='ltr'><strong>proprio</strong></span> <span class='ocrx_word' id='word_1_96' title='bbox 1407 1170 1505 1225; x_wconf 86' lang='lat' dir='ltr'><strong>extat.</strong></span> 
     </span>
     <span class='ocr_line' id='line_1_10' title="bbox 110 1256 1505 1351; baseline 0.006 -29"><span class='ocrx_word' id='word_1_97' title='bbox 110 1296 152 1305; x_wconf 93' lang='lat'>-</span> <span class='ocrx_word' id='word_1_98' title='bbox 173 1257 323 1341; x_wconf 79' lang='grc' dir='ltr'><em>βαίνειν</em></span> <span class='ocrx_word' id='word_1_99' title='bbox 352 1257 498 1342; x_wconf 83' lang='lat' dir='ltr'><strong>Theogn.</strong></span> <span class='ocrx_word' id='word_1_100' title='bbox 525 1257 587 1320; x_wconf 83' lang='grc'><strong>134</strong></span> <span class='ocrx_word' id='word_1_101' title='bbox 602 1280 649 1343; x_wconf 89' lang='lat' dir='ltr'><strong>sq.</strong></span> <span class='ocrx_word' id='word_1_102' title='bbox 672 1256 728 1324; x_wconf 92' lang='grc' dir='ltr'><em>καί</em></span> <span class='ocrx_word' id='word_1_103' title='bbox 756 1283 806 1338; x_wconf 90' lang='grc' dir='ltr'><strong>τις</strong></span> <span class='ocrx_word' id='word_1_104' title='bbox 831 1260 982 1341; x_wconf 83' lang='grc' dir='ltr'><em>βούλεται</em></span> <span class='ocrx_word' id='word_1_105' title='bbox 1010 1258 1045 1337; x_wconf 77' lang='grc' dir='ltr'><strong>ἐξ</strong></span> <span class='ocrx_word' id='word_1_106' title='bbox 1067 1264 1200 1344; x_wconf 81' lang='grc' dir='ltr'><em>ἀγαθάν</em></span> <span class='ocrx_word' id='word_1_107' title='bbox 1227 1262 1232 1347; x_wconf 91' lang='grc' dir='ltr'>Ι</span> <span class='ocrx_word' id='word_1_108' title='bbox 1257 1266 1419 1351; x_wconf 82' lang='grc' dir='ltr'><em>βησεσθαι</em></span> <span class='ocrx_word' id='word_1_109' title='bbox 1445 1265 1505 1351; x_wconf 85' lang='lat' dir='ltr'><strong>(se.</strong></span> 
     </span>
     <span class='ocr_line' id='line_1_11' title="bbox 110 1360 1505 1453; baseline 0.006 -26"><span class='ocrx_word' id='word_1_110' title='bbox 110 1363 247 1448; x_wconf 74' lang='grc' dir='ltr'><em>ἵππους)</em></span> <span class='ocrx_word' id='word_1_111' title='bbox 279 1365 312 1426; x_wconf 92' lang='lat' dir='ltr'><strong>vi</strong></span> <span class='ocrx_word' id='word_1_112' title='bbox 342 1363 498 1427; x_wconf 89' lang='lat' dir='ltr'><strong>translata</strong></span> <span class='ocrx_word' id='word_1_113' title='bbox 528 1362 653 1446; x_wconf 84' lang='lat' dir='ltr'><strong>legitur.</strong></span> <span class='ocrx_word' id='word_1_114' title='bbox 701 1401 741 1409; x_wconf 90' lang='lat'><em>-</em></span> <span class='ocrx_word' id='word_1_115' title='bbox 785 1360 872 1445; x_wconf 89' lang='grc' dir='ltr'><em>βίος</em></span> <span class='ocrx_word' id='word_1_116' title='bbox 897 1366 1035 1449; x_wconf 89' lang='lat' dir='ltr'><strong>primum</strong></span> <span class='ocrx_word' id='word_1_117' title='bbox 1059 1365 1147 1449; x_wconf 90' lang='lat' dir='ltr'><strong>apud</strong></span> <span class='ocrx_word' id='word_1_118' title='bbox 1170 1365 1349 1432; x_wconf 80' lang='lat' dir='ltr'><strong>Hesiodum</strong></span> <span class='ocrx_word' id='word_1_119' title='bbox 1369 1369 1428 1453; x_wconf 74' lang='lat' dir='ltr'><strong>(cf.</strong></span> <span class='ocrx_word' id='word_1_120' title='bbox 1453 1392 1505 1436; x_wconf 80' lang='lat' dir='ltr'><strong>ex,</strong></span> 
     </span>
     <span class='ocr_line' id='line_1_12' title="bbox 110 1464 1507 1558; baseline 0.007 -27"><span class='ocrx_word' id='word_1_121' title='bbox 110 1488 157 1551; x_wconf 82' lang='lat' dir='ltr'><strong>gr.</strong></span> <span class='ocrx_word' id='word_1_122' title='bbox 183 1466 244 1552; x_wconf 88' lang='lat' dir='ltr'><strong>Op.</strong></span> <span class='ocrx_word' id='word_1_123' title='bbox 266 1466 333 1553; x_wconf 87' lang='lat'><strong>31),</strong></span> <span class='ocrx_word' id='word_1_124' title='bbox 356 1476 469 1552; x_wconf 87' lang='lat' dir='ltr'><strong>postea</strong></span> <span class='ocrx_word' id='word_1_125' title='bbox 499 1466 587 1551; x_wconf 90' lang='lat' dir='ltr'><strong>apud</strong></span> <span class='ocrx_word' id='word_1_126' title='bbox 617 1464 766 1533; x_wconf 82' lang='lat' dir='ltr'><strong>Solonem</strong></span> <span class='ocrx_word' id='word_1_127' title='bbox 798 1467 848 1551; x_wconf 87' lang='lat'><strong>13,</strong></span> <span class='ocrx_word' id='word_1_128' title='bbox 874 1467 915 1529; x_wconf 89' lang='grc'><strong>72</strong></span> <span class='ocrx_word' id='word_1_129' title='bbox 931 1490 977 1553; x_wconf 94' lang='lat' dir='ltr'><strong>sq.</strong></span> <span class='ocrx_word' id='word_1_130' title='bbox 1010 1466 1045 1533; x_wconf 85' lang='grc' dir='ltr'><strong>οἳ</strong></span> <span class='ocrx_word' id='word_1_131' title='bbox 1073 1474 1130 1555; x_wconf 88' lang='grc' dir='ltr'><strong>γάρ</strong></span> <span class='ocrx_word' id='word_1_132' title='bbox 1153 1479 1206 1534; x_wconf 82' lang='grc' dir='ltr'><strong>νῦν</strong></span> <span class='ocrx_word' id='word_1_133' title='bbox 1227 1468 1334 1558; x_wconf 82' lang='grc' dir='ltr'><em>ημέων</em></span> <span class='ocrx_word' id='word_1_134' title='bbox 1354 1473 1507 1541; x_wconf 81' lang='grc' dir='ltr'><em>πλεῖστον</em></span> 
     </span>
     <span class='ocr_line' id='line_1_13' title="bbox 110 1568 1519 1658; baseline 0.004 -20"><span class='ocrx_word' id='word_1_135' title='bbox 110 1568 217 1654; x_wconf 73' lang='grc' dir='ltr'><em>ἔχουσι</em></span> <span class='ocrx_word' id='word_1_136' title='bbox 247 1569 328 1654; x_wconf 87' lang='grc' dir='ltr'><em>βίον,</em></span> <span class='ocrx_word' id='word_1_137' title='bbox 365 1575 368 1656; x_wconf 78' lang='lat' dir='ltr'><strong>l</strong></span> <span class='ocrx_word' id='word_1_138' title='bbox 404 1570 583 1651; x_wconf 83' lang='grc' dir='ltr'><em>διπλασίως</em></span> <span class='ocrx_word' id='word_1_139' title='bbox 612 1574 788 1638; x_wconf 77' lang='grc' dir='ltr'><em>σπεύδουσι</em></span> <span class='ocrx_word' id='word_1_140' title='bbox 817 1581 850 1636; x_wconf 92' lang='lat' dir='ltr'><strong>et</strong></span> <span class='ocrx_word' id='word_1_141' title='bbox 876 1576 989 1658; x_wconf 87' lang='lat' dir='ltr'><strong>paucis</strong></span> <span class='ocrx_word' id='word_1_142' title='bbox 1012 1572 1211 1658; x_wconf 85' lang='lat' dir='ltr'>Theognidis</span> <span class='ocrx_word' id='word_1_143' title='bbox 1240 1576 1319 1640; x_wconf 88' lang='lat' dir='ltr'><strong>locis</strong></span> <span class='ocrx_word' id='word_1_144' title='bbox 1343 1576 1384 1641; x_wconf 94' lang='lat' dir='ltr'><strong>de</strong></span> <span class='ocrx_word' id='word_1_145' title='bbox 1407 1577 1519 1643; x_wconf 90' lang='lat' dir='ltr'><strong>rebus·</strong></span> 
     </span>
     <span class='ocr_line' id='line_1_14' title="bbox 109 1675 1506 1763; baseline 0.005 -23"><span class='ocrx_word' id='word_1_146' title='bbox 109 1676 153 1740; x_wconf 90' lang='lat' dir='ltr'>ad</span> <span class='ocrx_word' id='word_1_147' title='bbox 182 1678 283 1741; x_wconf 84' lang='lat' dir='ltr'><strong>vitam</strong></span> <span class='ocrx_word' id='word_1_148' title='bbox 312 1678 502 1741; x_wconf 86' lang='lat' dir='ltr'><strong>necessariis</strong></span> <span class='ocrx_word' id='word_1_149' title='bbox 532 1676 714 1740; x_wconf 83' lang='lat' dir='ltr'>adhibetur.</span> <span class='ocrx_word' id='word_1_150' title='bbox 769 1685 881 1741; x_wconf 92' lang='lat' dir='ltr'><strong>contra</strong></span> <span class='ocrx_word' id='word_1_151' title='bbox 910 1675 1022 1760; x_wconf 89' lang='grc' dir='ltr'><em>βίοτος</em></span> <span class='ocrx_word' id='word_1_152' title='bbox 1043 1687 1076 1740; x_wconf 89' lang='lat' dir='ltr'><strong>et</strong></span> <span class='ocrx_word' id='word_1_153' title='bbox 1099 1678 1187 1763; x_wconf 90' lang='lat' dir='ltr'>apud</span> <span class='ocrx_word' id='word_1_154' title='bbox 1217 1680 1397 1746; x_wconf 86' lang='lat' dir='ltr'><strong>Homerum</strong></span> <span class='ocrx_word' id='word_1_155' title='bbox 1420 1693 1452 1747; x_wconf 88' lang='lat' dir='ltr'><strong>et</strong></span> <span class='ocrx_word' id='word_1_156' title='bbox 1473 1685 1506 1747; x_wconf 93' lang='lat' dir='ltr'><strong>in</strong></span> 
     </span>
     <span class='ocr_line' id='line_1_15' title="bbox 110 1779 1506 1871; baseline 0.006 -28"><span class='ocrx_word' id='word_1_157' title='bbox 110 1779 228 1865; x_wconf 83' lang='lat' dir='ltr'><strong>elegeis</strong></span> <span class='ocrx_word' id='word_1_158' title='bbox 260 1780 424 1865; x_wconf 85' lang='lat' dir='ltr'><strong>duplicem</strong></span> <span class='ocrx_word' id='word_1_159' title='bbox 446 1782 608 1844; x_wconf 92' lang='lat' dir='ltr'><strong>notionem</strong></span> <span class='ocrx_word' id='word_1_160' title='bbox 630 1780 737 1862; x_wconf 87' lang='lat' dir='ltr'><strong>habet,</strong></span> <span class='ocrx_word' id='word_1_161' title='bbox 760 1783 823 1845; x_wconf 89' lang='lat' dir='ltr'><strong>nisi</strong></span> <span class='ocrx_word' id='word_1_162' title='bbox 846 1781 932 1865; x_wconf 91' lang='lat' dir='ltr'><strong>quod</strong></span> <span class='ocrx_word' id='word_1_163' title='bbox 955 1781 1043 1867; x_wconf 89' lang='lat' dir='ltr'><strong>apud</strong></span> <span class='ocrx_word' id='word_1_164' title='bbox 1065 1781 1155 1847; x_wconf 94' lang='lat' dir='ltr'><strong>illum</strong></span> <span class='ocrx_word' id='word_1_165' title='bbox 1178 1805 1218 1847; x_wconf 90' lang='lat' dir='ltr'><strong>ea</strong></span> <span class='ocrx_word' id='word_1_166' title='bbox 1237 1786 1297 1868; x_wconf 85' lang='lat' dir='ltr'><strong>vis,</strong></span> <span class='ocrx_word' id='word_1_167' title='bbox 1321 1808 1385 1871; x_wconf 92' lang='lat' dir='ltr'><strong>qua</strong></span> <span class='ocrx_word' id='word_1_168' title='bbox 1407 1786 1506 1852; x_wconf 91' lang='lat' dir='ltr'><strong>latino</strong></span> 
     </span>
     <span class='ocr_line' id='line_1_16' title="bbox 110 1884 1505 1977; baseline 0.005 -29"><span class='ocrx_word' id='word_1_169' title='bbox 110 1885 236 1949; x_wconf 87' lang='lat' dir='ltr'><strong>‘victus’</strong></span> <span class='ocrx_word' id='word_1_170' title='bbox 260 1886 442 1971; x_wconf 83' lang='lat' dir='ltr'><strong>respondet,</strong></span> <span class='ocrx_word' id='word_1_171' title='bbox 473 1884 573 1949; x_wconf 91' lang='lat' dir='ltr'><strong>multo</strong></span> <span class='ocrx_word' id='word_1_172' title='bbox 605 1887 731 1971; x_wconf 88' lang='lat' dir='ltr'><strong>saepius</strong></span> <span class='ocrx_word' id='word_1_173' title='bbox 759 1887 933 1962; x_wconf 85' lang='lat' dir='ltr'><strong>invenitur,</strong></span> <span class='ocrx_word' id='word_1_174' title='bbox 968 1887 1003 1949; x_wconf 92' lang='lat' dir='ltr'><strong>in</strong></span> <span class='ocrx_word' id='word_1_175' title='bbox 1024 1885 1143 1971; x_wconf 84' lang='lat' dir='ltr'><strong>elegeis</strong></span> <span class='ocrx_word' id='word_1_176' title='bbox 1174 1912 1237 1953; x_wconf 94' lang='lat' dir='ltr'><strong>uno</strong></span> <span class='ocrx_word' id='word_1_177' title='bbox 1259 1889 1340 1972; x_wconf 85' lang='lat' dir='ltr'><strong>loco,</strong></span> <span class='ocrx_word' id='word_1_178' title='bbox 1374 1890 1436 1955; x_wconf 85' lang='lat' dir='ltr'><strong>Sol.</strong></span> <span class='ocrx_word' id='word_1_179' title='bbox 1456 1893 1505 1977; x_wconf 87' lang='lat'><strong>13,</strong></span> 
     </span>
     <span class='ocr_line' id='line_1_17' title="bbox 108 1987 1508 2084; baseline 0.006 -31"><span class='ocrx_word' id='word_1_180' title='bbox 108 1988 151 2053; x_wconf 84' lang='lat'><strong>50</strong></span> <span class='ocrx_word' id='word_1_181' title='bbox 180 1987 359 2073; x_wconf 84' lang='grc' dir='ltr'><em>ξυλλέγεται</em></span> <span class='ocrx_word' id='word_1_182' title='bbox 388 1988 510 2072; x_wconf 88' lang='grc' dir='ltr'><em>βίοτον.</em></span> <span class='ocrx_word' id='word_1_183' title='bbox 556 2028 598 2036; x_wconf 89' lang='grc'>-</span> <span class='ocrx_word' id='word_1_184' title='bbox 646 1992 788 2076; x_wconf 81' lang='grc' dir='ltr'><em>γαστήρ</em></span> <span class='ocrx_word' id='word_1_185' title='bbox 818 1989 911 2075; x_wconf 86' lang='lat' dir='ltr'><strong>Tyrt.</strong></span> <span class='ocrx_word' id='word_1_186' title='bbox 938 1989 986 2067; x_wconf 87' lang='lat' dir='ltr'><strong>tl,</strong></span> <span class='ocrx_word' id='word_1_187' title='bbox 1004 1990 1048 2053; x_wconf 93' lang='grc'><strong>24</strong></span> <span class='ocrx_word' id='word_1_188' title='bbox 1078 1990 1217 2072; x_wconf 83' lang='grc' dir='ltr'><em>ἀσπίδος</em></span> <span class='ocrx_word' id='word_1_189' title='bbox 1245 1990 1365 2083; x_wconf 81' lang='grc' dir='ltr'><em>εὐρείης</em></span> <span class='ocrx_word' id='word_1_190' title='bbox 1395 1995 1508 2084; x_wconf 87' lang='grc' dir='ltr'><em>γαστρί</em></span> 
     </span>
     <span class='ocr_line' id='line_1_18' title="bbox 108 2094 1507 2180; baseline 0.006 -22"><span class='ocrx_word' id='word_1_191' title='bbox 108 2094 331 2180; x_wconf 83' lang='grc' dir='ltr'><em>καλυψάμενος</em></span> <span class='ocrx_word' id='word_1_192' title='bbox 354 2094 394 2158; x_wconf 89' lang='lat' dir='ltr'><strong>de</strong></span> <span class='ocrx_word' id='word_1_193' title='bbox 419 2103 508 2158; x_wconf 88' lang='lat' dir='ltr'><strong>scuto</strong></span> <span class='ocrx_word' id='word_1_194' title='bbox 532 2104 725 2179; x_wconf 91' lang='lat' dir='ltr'><strong>usurpatum</strong></span> <span class='ocrx_word' id='word_1_195' title='bbox 745 2096 918 2159; x_wconf 87' lang='lat' dir='ltr'><strong>invenitur.</strong></span> <span class='ocrx_word' id='word_1_196' title='bbox 941 2134 984 2141; x_wconf 92' lang='lat'><em>-</em></span> <span class='ocrx_word' id='word_1_197' title='bbox 1006 2096 1151 2180; x_wconf 85' lang='grc' dir='ltr'><em>γλυκύς,</em></span> <span class='ocrx_word' id='word_1_198' title='bbox 1175 2099 1235 2161; x_wconf 91' lang='lat' dir='ltr'><strong>etsi</strong></span> <span class='ocrx_word' id='word_1_199' title='bbox 1257 2100 1355 2163; x_wconf 88' lang='lat' dir='ltr'><strong>etiam</strong></span> <span class='ocrx_word' id='word_1_200' title='bbox 1376 2100 1419 2165; x_wconf 92' lang='lat' dir='ltr'>ab</span> <span class='ocrx_word' id='word_1_201' title='bbox 1442 2102 1507 2165; x_wconf 96' lang='lat' dir='ltr'><strong>Ho-</strong></span> 
     </span>
     <span class='ocr_line' id='line_1_19' title="bbox 109 2197 1505 2286; baseline 0.006 -25"><span class='ocrx_word' id='word_1_202' title='bbox 109 2220 198 2261; x_wconf 90' lang='lat' dir='ltr'><strong>mero</strong></span> <span class='ocrx_word' id='word_1_203' title='bbox 214 2197 368 2264; x_wconf 89' lang='lat' dir='ltr'><strong>translate</strong></span> <span class='ocrx_word' id='word_1_204' title='bbox 385 2198 513 2277; x_wconf 82' lang='lat' dir='ltr'><strong>dicitur,</strong></span> <span class='ocrx_word' id='word_1_205' title='bbox 536 2208 645 2263; x_wconf 88' lang='lat' dir='ltr'><strong>tamen</strong></span> <span class='ocrx_word' id='word_1_206' title='bbox 663 2219 791 2284; x_wconf 84' lang='lat' dir='ltr'><strong>semper</strong></span> <span class='ocrx_word' id='word_1_207' title='bbox 805 2197 847 2263; x_wconf 91' lang='lat' dir='ltr'>ad</span> <span class='ocrx_word' id='word_1_208' title='bbox 871 2220 932 2277; x_wconf 92' lang='lat' dir='ltr'><strong>res,</strong></span> <span class='ocrx_word' id='word_1_209' title='bbox 955 2222 1116 2285; x_wconf 89' lang='lat' dir='ltr'><strong>nusquam</strong></span> <span class='ocrx_word' id='word_1_210' title='bbox 1131 2201 1172 2265; x_wconf 90' lang='lat' dir='ltr'>ad</span> <span class='ocrx_word' id='word_1_211' title='bbox 1195 2200 1341 2267; x_wconf 90' lang='lat' dir='ltr'><strong>homines</strong></span> <span class='ocrx_word' id='word_1_212' title='bbox 1356 2203 1505 2286; x_wconf 84' lang='lat' dir='ltr'><strong>refertur,</strong></span> 
     </span>
     <span class='ocr_line' id='line_1_20' title="bbox 109 2302 1507 2394; baseline 0.006 -29"><span class='ocrx_word' id='word_1_213' title='bbox 109 2303 195 2389; x_wconf 93' lang='lat' dir='ltr'><strong>quod</strong></span> <span class='ocrx_word' id='word_1_214' title='bbox 218 2302 342 2368; x_wconf 86' lang='lat' dir='ltr'><strong>factum</strong></span> <span class='ocrx_word' id='word_1_215' title='bbox 365 2313 414 2367; x_wconf 89' lang='lat' dir='ltr'><strong>est</strong></span> <span class='ocrx_word' id='word_1_216' title='bbox 428 2302 573 2387; x_wconf 85' lang='lat' dir='ltr'><strong>Theogn.</strong></span> <span class='ocrx_word' id='word_1_217' title='bbox 592 2304 666 2368; x_wconf 85' lang='lat'>301.</span> <span class='ocrx_word' id='word_1_218' title='bbox 692 2342 732 2349; x_wconf 93' lang='lat'>—</span> <span class='ocrx_word' id='word_1_219' title='bbox 756 2303 888 2390; x_wconf 82' lang='grc' dir='ltr'><em>δηιοῦν</em></span> <span class='ocrx_word' id='word_1_220' title='bbox 911 2304 1000 2389; x_wconf 90' lang='lat' dir='ltr'><strong>apud</strong></span> <span class='ocrx_word' id='word_1_221' title='bbox 1022 2305 1200 2371; x_wconf 89' lang='lat' dir='ltr'><strong>Homerum</strong></span> <span class='ocrx_word' id='word_1_222' title='bbox 1224 2329 1353 2394; x_wconf 90' lang='lat' dir='ltr'><strong>semper</strong></span> <span class='ocrx_word' id='word_1_223' title='bbox 1375 2309 1443 2373; x_wconf 86' lang='lat' dir='ltr'><strong>fere</strong></span> <span class='ocrx_word' id='word_1_224' title='bbox 1467 2310 1507 2374; x_wconf 89' lang='lat' dir='ltr'><strong>de</strong></span> 
     </span>
     <span class='ocr_line' id='line_1_21' title="bbox 109 2408 1506 2500; baseline 0.006 -30"><span class='ocrx_word' id='word_1_225' title='bbox 109 2408 339 2492; x_wconf 84' lang='lat' dir='ltr'><strong>pugnantibus,</strong></span> <span class='ocrx_word' id='word_1_226' title='bbox 362 2430 495 2493; x_wconf 91' lang='lat' dir='ltr'><strong>perraro</strong></span> <span class='ocrx_word' id='word_1_227' title='bbox 512 2409 552 2473; x_wconf 90' lang='lat' dir='ltr'><strong>de</strong></span> <span class='ocrx_word' id='word_1_228' title='bbox 569 2408 760 2473; x_wconf 83' lang='lat' dir='ltr'><strong>animalibus</strong></span> <span class='ocrx_word' id='word_1_229' title='bbox 776 2408 951 2472; x_wconf 87' lang='lat' dir='ltr'>adhibetur</span> <span class='ocrx_word' id='word_1_230' title='bbox 965 2411 998 2471; x_wconf 88' lang='lat' dir='ltr'><strong>vi</strong></span> <span class='ocrx_word' id='word_1_231' title='bbox 1014 2410 1172 2475; x_wconf 90' lang='lat' dir='ltr'><strong>caedendi</strong></span> <span class='ocrx_word' id='word_1_232' title='bbox 1193 2413 1396 2496; x_wconf 82' lang='lat' dir='ltr'><strong>instructum,</strong></span> <span class='ocrx_word' id='word_1_233' title='bbox 1419 2415 1506 2500; x_wconf 91' lang='lat' dir='ltr'>apud</span> 
     </span>
    </p>
   </div>
   <div class='ocr_carea' id='block_1_3' title="bbox 109 2504 1507 2600">
    <p class='ocr_par' dir='ltr' id='par_1_3' title="bbox 109 2504 1507 2600">
     <span class='ocr_line' id='line_1_22' title="bbox 109 2504 1507 2600; baseline 0.006 -26"><span class='ocrx_word' id='word_1_234' title='bbox 109 2512 312 2578; x_wconf 88' lang='lat' dir='ltr'><strong>Herodotum</strong></span> <span class='ocrx_word' id='word_1_235' title='bbox 336 2512 381 2598; x_wconf 86' lang='lat' dir='ltr'><strong>(V</strong></span> <span class='ocrx_word' id='word_1_236' title='bbox 398 2512 454 2600; x_wconf 82' lang='lat'><strong>89)</strong></span> <span class='ocrx_word' id='word_1_237' title='bbox 478 2523 511 2577; x_wconf 88' lang='lat' dir='ltr'><strong>et</strong></span> <span class='ocrx_word' id='word_1_238' title='bbox 526 2514 698 2597; x_wconf 82' lang='lat' dir='ltr'><strong>scriptores</strong></span> <span class='ocrx_word' id='word_1_239' title='bbox 721 2514 836 2577; x_wconf 89' lang='lat' dir='ltr'><strong>atticos</strong></span> <span class='ocrx_word' id='word_1_240' title='bbox 861 2512 902 2576; x_wconf 92' lang='lat' dir='ltr'><strong>de</strong></span> <span class='ocrx_word' id='word_1_241' title='bbox 917 2513 1082 2578; x_wconf 86' lang='lat' dir='ltr'><strong>vastandis</strong></span> <span class='ocrx_word' id='word_1_242' title='bbox 1106 2520 1192 2599; x_wconf 88' lang='lat' dir='ltr'><strong>agris</strong></span> <span class='ocrx_word' id='word_1_243' title='bbox 1208 2515 1261 2579; x_wconf 90' lang='lat' dir='ltr'><strong>vel</strong></span> <span class='ocrx_word' id='word_1_244' title='bbox 1284 2504 1418 2582; x_wconf 89' lang='lat' dir='ltr'><strong>urbibus</strong></span> <span class='ocrx_word' id='word_1_245' title='bbox 1442 2519 1507 2582; x_wconf 91' lang='lat' dir='ltr'><strong>dici</strong></span> 
     </span>
    </p>
   </div>
   <div class='ocr_carea' id='block_1_4' title="bbox 101 2616 1507 4694">
    <p class='ocr_par' dir='ltr' id='par_1_4' title="bbox 101 2616 1507 4694">
     <span class='ocr_line' id='line_1_23' title="bbox 109 2616 1507 2708; baseline 0.006 -29"><span class='ocrx_word' id='word_1_246' title='bbox 109 2616 198 2699; x_wconf 70' lang='lat' dir='ltr'><strong>solet,¹</strong></span> <span class='ocrx_word' id='word_1_247' title='bbox 223 2620 314 2681; x_wconf 89' lang='lat' dir='ltr'><strong>cuius</strong></span> <span class='ocrx_word' id='word_1_248' title='bbox 336 2640 413 2682; x_wconf 89' lang='lat' dir='ltr'><strong>usus</strong></span> <span class='ocrx_word' id='word_1_249' title='bbox 437 2616 624 2703; x_wconf 84' lang='lat' dir='ltr'><strong>exemplum</strong></span> <span class='ocrx_word' id='word_1_250' title='bbox 647 2619 744 2680; x_wconf 90' lang='lat' dir='ltr'><strong>etiam</strong></span> <span class='ocrx_word' id='word_1_251' title='bbox 767 2616 830 2681; x_wconf 89' lang='lat' dir='ltr'><strong>Sol.</strong></span> <span class='ocrx_word' id='word_1_252' title='bbox 851 2618 900 2702; x_wconf 82' lang='lat'><strong>13,</strong></span> <span class='ocrx_word' id='word_1_253' title='bbox 921 2618 960 2681; x_wconf 93' lang='grc'><strong>21</strong></span> <span class='ocrx_word' id='word_1_254' title='bbox 990 2618 1118 2708; x_wconf 88' lang='grc' dir='ltr'><em>δηώσας</em></span> <span class='ocrx_word' id='word_1_255' title='bbox 1139 2622 1220 2685; x_wconf 85' lang='grc' dir='ltr'><em>καλά</em></span> <span class='ocrx_word' id='word_1_256' title='bbox 1243 2619 1317 2707; x_wconf 78' lang='grc' dir='ltr'><em>ἔργα</em></span> <span class='ocrx_word' id='word_1_257' title='bbox 1340 2632 1438 2687; x_wconf 86' lang='lat' dir='ltr'><strong>extat.</strong></span> <span class='ocrx_word' id='word_1_258' title='bbox 1464 2662 1507 2671; x_wconf 90' lang='lat'><strong>—-</strong></span> 
     </span>
     <span class='ocr_line' id='line_1_24' title="bbox 106 2720 1505 2812; baseline 0.004 -26"><span class='ocrx_word' id='word_1_259' title='bbox 106 2721 254 2805; x_wconf 86' lang='grc' dir='ltr'><em>διάγειν</em></span> <span class='ocrx_word' id='word_1_260' title='bbox 279 2722 351 2808; x_wconf 88' lang='lat' dir='ltr'><strong>(K)</strong></span> <span class='ocrx_word' id='word_1_261' title='bbox 377 2722 568 2786; x_wconf 84' lang='lat' dir='ltr'><strong>‘traducere’</strong></span> <span class='ocrx_word' id='word_1_262' title='bbox 592 2721 737 2805; x_wconf 82' lang='lat' dir='ltr'><strong>Theogn.</strong></span> <span class='ocrx_word' id='word_1_263' title='bbox 755 2720 818 2784; x_wconf 86' lang='grc'><strong>766</strong></span> <span class='ocrx_word' id='word_1_264' title='bbox 841 2724 940 2809; x_wconf 85' lang='grc' dir='ltr'><em>νόσφι</em></span> <span class='ocrx_word' id='word_1_265' title='bbox 961 2728 1142 2807; x_wconf 86' lang='grc' dir='ltr'><em>μεριμνάων</em></span> <span class='ocrx_word' id='word_1_266' title='bbox 1165 2728 1363 2812; x_wconf 79' lang='grc' dir='ltr'><em>εόφροσύνως</em></span> <span class='ocrx_word' id='word_1_267' title='bbox 1385 2727 1505 2811; x_wconf 79' lang='grc' dir='ltr'><em>διάγειν</em></span> 
     </span>
     <span class='ocr_line' id='line_1_25' title="bbox 106 2824 1506 2916; baseline 0.005 -28"><span class='ocrx_word' id='word_1_268' title='bbox 106 2834 155 2888; x_wconf 88' lang='lat' dir='ltr'><strong>est</strong></span> <span class='ocrx_word' id='word_1_269' title='bbox 177 2828 293 2889; x_wconf 80' lang='lat' dir='ltr'><strong>‘vitam</strong></span> <span class='ocrx_word' id='word_1_270' title='bbox 316 2826 427 2910; x_wconf 87' lang='lat' dir='ltr'><strong>agere&#39;</strong></span> <span class='ocrx_word' id='word_1_271' title='bbox 456 2835 493 2889; x_wconf 91' lang='lat' dir='ltr'><strong>ut</strong></span> <span class='ocrx_word' id='word_1_272' title='bbox 519 2826 632 2910; x_wconf 90' lang='lat' dir='ltr'><strong>hymn.</strong></span> <span class='ocrx_word' id='word_1_273' title='bbox 655 2825 722 2889; x_wconf 89' lang='lat' dir='ltr'><strong>XX</strong></span> <span class='ocrx_word' id='word_1_274' title='bbox 747 2824 911 2911; x_wconf 80' lang='lat' dir='ltr'>(XVIIII)</span> <span class='ocrx_word' id='word_1_275' title='bbox 937 2827 965 2903; x_wconf 94' lang='grc'><strong>7,</strong></span> <span class='ocrx_word' id='word_1_276' title='bbox 995 2848 1058 2911; x_wconf 87' lang='lat' dir='ltr'><strong>quo</strong></span> <span class='ocrx_word' id='word_1_277' title='bbox 1085 2826 1155 2892; x_wconf 95' lang='lat' dir='ltr'><strong>loco</strong></span> <span class='ocrx_word' id='word_1_278' title='bbox 1182 2829 1282 2895; x_wconf 84' lang='grc' dir='ltr'><em>αἰῶνα</em></span> <span class='ocrx_word' id='word_1_279' title='bbox 1310 2831 1448 2916; x_wconf 79' lang='lat' dir='ltr'><strong>aceedit,</strong></span> <span class='ocrx_word' id='word_1_280' title='bbox 1473 2841 1506 2895; x_wconf 88' lang='lat' dir='ltr'><strong>et</strong></span> 
     </span>
     <span class='ocr_line' id='line_1_26' title="bbox 107 2928 1505 3016; baseline 0.005 -24"><span class='ocrx_word' id='word_1_281' title='bbox 107 2950 205 3015; x_wconf 90' lang='lat' dir='ltr'><strong>saepe</strong></span> <span class='ocrx_word' id='word_1_282' title='bbox 225 2930 312 3016; x_wconf 88' lang='lat' dir='ltr'><strong>apud</strong></span> <span class='ocrx_word' id='word_1_283' title='bbox 328 2930 466 2995; x_wconf 79' lang='lat' dir='ltr'><strong>Atticos,</strong></span> <span class='ocrx_word' id='word_1_284' title='bbox 490 2968 529 2976; x_wconf 87' lang='lat'><strong>—-</strong></span> <span class='ocrx_word' id='word_1_285' title='bbox 552 2928 693 3011; x_wconf 81' lang='grc' dir='ltr'><em>διέχειν</em></span> <span class='ocrx_word' id='word_1_286' title='bbox 714 2928 859 3013; x_wconf 86' lang='lat' dir='ltr'><strong>Theogn.</strong></span> <span class='ocrx_word' id='word_1_287' title='bbox 877 2929 941 2993; x_wconf 87' lang='grc'><strong>970</strong></span> <span class='ocrx_word' id='word_1_288' title='bbox 963 2930 1038 3009; x_wconf 79' lang='grc' dir='ltr'><em>ἑκάς</em></span> <span class='ocrx_word' id='word_1_289' title='bbox 1053 2929 1149 3013; x_wconf 87' lang='grc' dir='ltr'><em>διέχω</em></span> <span class='ocrx_word' id='word_1_290' title='bbox 1164 2934 1366 2998; x_wconf 86' lang='lat' dir='ltr'>intransitive</span> <span class='ocrx_word' id='word_1_291' title='bbox 1382 2936 1505 2999; x_wconf 87' lang='lat' dir='ltr'><strong>dictum</strong></span> 
     </span>
     <span class='ocr_line' id='line_1_27' title="bbox 107 3035 1506 3125; baseline 0.005 -28"><span class='ocrx_word' id='word_1_292' title='bbox 107 3044 155 3098; x_wconf 90' lang='lat' dir='ltr'><strong>est</strong></span> <span class='ocrx_word' id='word_1_293' title='bbox 176 3044 212 3099; x_wconf 93' lang='lat' dir='ltr'><strong>ut</strong></span> <span class='ocrx_word' id='word_1_294' title='bbox 232 3057 329 3121; x_wconf 86' lang='lat' dir='ltr'><strong>saepe</strong></span> <span class='ocrx_word' id='word_1_295' title='bbox 349 3035 437 3121; x_wconf 91' lang='lat' dir='ltr'>apud</span> <span class='ocrx_word' id='word_1_296' title='bbox 462 3037 632 3120; x_wconf 83' lang='lat' dir='ltr'><strong>scriptores</strong></span> <span class='ocrx_word' id='word_1_297' title='bbox 649 3035 773 3116; x_wconf 80' lang='lat' dir='ltr'><strong>atticos,</strong></span> <span class='ocrx_word' id='word_1_298' title='bbox 796 3056 957 3119; x_wconf 89' lang='lat' dir='ltr'><strong>nusquam</strong></span> <span class='ocrx_word' id='word_1_299' title='bbox 980 3036 1013 3098; x_wconf 90' lang='lat' dir='ltr'><strong>in</strong></span> <span class='ocrx_word' id='word_1_300' title='bbox 1029 3035 1163 3100; x_wconf 89' lang='lat' dir='ltr'><strong>Homeri</strong></span> <span class='ocrx_word' id='word_1_301' title='bbox 1187 3040 1393 3123; x_wconf 85' lang='lat' dir='ltr'><strong>carminibus,</strong></span> <span class='ocrx_word' id='word_1_302' title='bbox 1417 3040 1506 3125; x_wconf 90' lang='lat' dir='ltr'><strong>apud</strong></span> 
     </span>
     <span class='ocr_line' id='line_1_28' title="bbox 106 3136 1505 3228; baseline 0.001 -23"><span class='ocrx_word' id='word_1_303' title='bbox 106 3160 204 3225; x_wconf 92' lang='lat' dir='ltr'><strong>quem</strong></span> <span class='ocrx_word' id='word_1_304' title='bbox 226 3140 313 3204; x_wconf 90' lang='lat' dir='ltr'><strong>idem</strong></span> <span class='ocrx_word' id='word_1_305' title='bbox 336 3148 434 3224; x_wconf 91' lang='lat' dir='ltr'><strong>atque</strong></span> <span class='ocrx_word' id='word_1_306' title='bbox 457 3137 645 3226; x_wconf 73' lang='grc' dir='ltr'><em>διέρχεσθαι</em></span> <span class='ocrx_word' id='word_1_307' title='bbox 668 3136 838 3221; x_wconf 86' lang='lat' dir='ltr'><strong>significat.</strong></span> <span class='ocrx_word' id='word_1_308' title='bbox 867 3176 910 3185; x_wconf 94' lang='lat'>—</span> <span class='ocrx_word' id='word_1_309' title='bbox 937 3138 1028 3216; x_wconf 85' lang='grc' dir='ltr'><em>δόξα</em></span> <span class='ocrx_word' id='word_1_310' title='bbox 1051 3142 1281 3225; x_wconf 88' lang='lat' dir='ltr'><strong>antiquissimis</strong></span> <span class='ocrx_word' id='word_1_311' title='bbox 1304 3142 1505 3228; x_wconf 88' lang='lat' dir='ltr'><strong>temporibus</strong></span> 
     </span>
     <span class='ocr_line' id='line_1_29' title="bbox 105 3241 1505 3333; baseline 0.004 -25"><span class='ocrx_word' id='word_1_312' title='bbox 105 3245 266 3310; x_wconf 90' lang='lat' dir='ltr'><strong>rarissime</strong></span> <span class='ocrx_word' id='word_1_313' title='bbox 294 3247 471 3325; x_wconf 83' lang='lat' dir='ltr'><strong>invenitur3</strong></span> <span class='ocrx_word' id='word_1_314' title='bbox 503 3266 579 3308; x_wconf 91' lang='lat' dir='ltr'><strong>nam</strong></span> <span class='ocrx_word' id='word_1_315' title='bbox 606 3242 770 3307; x_wconf 87' lang='lat' dir='ltr'><strong>Hesiodus</strong></span> <span class='ocrx_word' id='word_1_316' title='bbox 798 3252 830 3306; x_wconf 90' lang='lat' dir='ltr'><strong>et</strong></span> <span class='ocrx_word' id='word_1_317' title='bbox 857 3241 1052 3328; x_wconf 90' lang='lat' dir='ltr'><strong>hymnorum</strong></span> <span class='ocrx_word' id='word_1_318' title='bbox 1080 3248 1252 3330; x_wconf 89' lang='lat' dir='ltr'><strong>scriptores</strong></span> <span class='ocrx_word' id='word_1_319' title='bbox 1279 3270 1438 3333; x_wconf 90' lang='lat' dir='ltr'><strong>nusquam</strong></span> <span class='ocrx_word' id='word_1_320' title='bbox 1467 3270 1505 3313; x_wconf 94' lang='lat' dir='ltr'><strong>eo</strong></span> 
     </span>
     <span class='ocr_line' id='line_1_30' title="bbox 105 3346 1504 3439; baseline 0.005 -29"><span class='ocrx_word' id='word_1_321' title='bbox 105 3348 207 3413; x_wconf 86' lang='lat' dir='ltr'><strong>verbo</strong></span> <span class='ocrx_word' id='word_1_322' title='bbox 226 3357 377 3439; x_wconf 78' lang='lat' dir='ltr'><strong>utuntur,</strong></span> <span class='ocrx_word' id='word_1_323' title='bbox 406 3348 456 3413; x_wconf 93' lang='lat' dir='ltr'><strong>bis</strong></span> <span class='ocrx_word' id='word_1_324' title='bbox 483 3348 656 3428; x_wconf 83' lang='lat' dir='ltr'><strong>Homerus,</strong></span> <span class='ocrx_word' id='word_1_325' title='bbox 684 3351 718 3412; x_wconf 90' lang='lat' dir='ltr'><strong><em>K</em></strong></span> <span class='ocrx_word' id='word_1_326' title='bbox 738 3346 812 3429; x_wconf 91' lang='grc'><strong>324,</strong></span> <span class='ocrx_word' id='word_1_327' title='bbox 840 3346 860 3410; x_wconf 95' lang='grc' dir='ltr'><em>λ</em></span> <span class='ocrx_word' id='word_1_328' title='bbox 882 3347 947 3411; x_wconf 87' lang='grc'><strong>344</strong></span> <span class='ocrx_word' id='word_1_329' title='bbox 972 3351 1040 3414; x_wconf 79' lang='grc' dir='ltr'><strong>ἀπὸ</strong></span> <span class='ocrx_word' id='word_1_330' title='bbox 1068 3348 1175 3437; x_wconf 82' lang='grc' dir='ltr'><em>δόξης,</em></span> <span class='ocrx_word' id='word_1_331' title='bbox 1204 3351 1398 3436; x_wconf 93' lang='lat' dir='ltr'><strong>quibuscum</strong></span> <span class='ocrx_word' id='word_1_332' title='bbox 1425 3352 1504 3417; x_wconf 93' lang='lat' dir='ltr'><strong>locis</strong></span> 
     </span>
     <span class='ocr_line' id='line_1_31' title="bbox 106 3447 1502 3542; baseline 0.005 -27"><span class='ocrx_word' id='word_1_333' title='bbox 106 3451 254 3517; x_wconf 88' lang='lat' dir='ltr'><strong>conferas</strong></span> <span class='ocrx_word' id='word_1_334' title='bbox 282 3452 427 3536; x_wconf 85' lang='lat' dir='ltr'><strong>Theogn.</strong></span> <span class='ocrx_word' id='word_1_335' title='bbox 457 3452 519 3515; x_wconf 86' lang='lat'><strong>639</strong></span> <span class='ocrx_word' id='word_1_336' title='bbox 546 3452 686 3518; x_wconf 88' lang='grc' dir='ltr'><em>πολλάκι</em></span> <span class='ocrx_word' id='word_1_337' title='bbox 712 3455 778 3538; x_wconf 87' lang='grc' dir='ltr'><strong>πάρ</strong></span> <span class='ocrx_word' id='word_1_338' title='bbox 806 3450 904 3528; x_wconf 84' lang='grc' dir='ltr'><em>δόξαν</em></span> <span class='ocrx_word' id='word_1_339' title='bbox 931 3476 966 3517; x_wconf 89' lang='grc' dir='ltr'><strong>τε</strong></span> <span class='ocrx_word' id='word_1_340' title='bbox 993 3451 1048 3519; x_wconf 87' lang='grc' dir='ltr'><em>καί</em></span> <span class='ocrx_word' id='word_1_341' title='bbox 1073 3447 1192 3523; x_wconf 79' lang='grc' dir='ltr'><em>ἐλπίδα</em></span> <span class='ocrx_word' id='word_1_342' title='bbox 1219 3454 1339 3539; x_wconf 86' lang='grc' dir='ltr'><em>γίνεται</em></span> <span class='ocrx_word' id='word_1_343' title='bbox 1365 3454 1401 3521; x_wconf 81' lang='grc' dir='ltr'><strong>εὖ</strong></span> <span class='ocrx_word' id='word_1_344' title='bbox 1428 3460 1502 3542; x_wconf 82' lang='grc' dir='ltr'><em>ῥεῖν.</em></span> 
     </span>
     <span class='ocr_line' id='line_1_32' title="bbox 106 3554 1502 3646; baseline 0.004 -27"><span class='ocrx_word' id='word_1_345' title='bbox 106 3556 164 3620; x_wconf 91' lang='lat' dir='ltr'><strong>sed</strong></span> <span class='ocrx_word' id='word_1_346' title='bbox 180 3556 258 3621; x_wconf 93' lang='lat' dir='ltr'><strong>ibid.</strong></span> <span class='ocrx_word' id='word_1_347' title='bbox 275 3555 339 3621; x_wconf 87' lang='grc'><strong>665</strong></span> <span class='ocrx_word' id='word_1_348' title='bbox 356 3578 402 3641; x_wconf 91' lang='lat' dir='ltr'><strong>sq.</strong></span> <span class='ocrx_word' id='word_1_349' title='bbox 420 3556 535 3644; x_wconf 84' lang='grc' dir='ltr'><em>άφρονι</em></span> <span class='ocrx_word' id='word_1_350' title='bbox 549 3557 689 3623; x_wconf 92' lang='grc' dir='ltr'><em>πολλάκι</em></span> <span class='ocrx_word' id='word_1_351' title='bbox 705 3554 783 3632; x_wconf 82' lang='grc' dir='ltr'><em>δόξα</em></span> <span class='ocrx_word' id='word_1_352' title='bbox 797 3556 801 3642; x_wconf 74' lang='lat' dir='ltr'><strong>l</strong></span> <span class='ocrx_word' id='word_1_353' title='bbox 814 3554 934 3622; x_wconf 73' lang='grc' dir='ltr'><em>ἕσπετο</em></span> <span class='ocrx_word' id='word_1_354' title='bbox 950 3566 999 3620; x_wconf 92' lang='lat' dir='ltr'><strong>est</strong></span> <span class='ocrx_word' id='word_1_355' title='bbox 1014 3558 1101 3623; x_wconf 91' lang='lat' dir='ltr'><strong>idem</strong></span> <span class='ocrx_word' id='word_1_356' title='bbox 1117 3559 1203 3643; x_wconf 92' lang='lat' dir='ltr'><strong>quod</strong></span> <span class='ocrx_word' id='word_1_357' title='bbox 1227 3560 1359 3644; x_wconf 84' lang='lat' dir='ltr'><strong>‘gloria&#39;‚</strong></span> <span class='ocrx_word' id='word_1_358' title='bbox 1376 3560 1437 3624; x_wconf 92' lang='grc'><strong>571</strong></span> <span class='ocrx_word' id='word_1_359' title='bbox 1456 3581 1502 3646; x_wconf 89' lang='lat' dir='ltr'><strong>sq.</strong></span> 
     </span>
     <span class='ocr_line' id='line_1_33' title="bbox 106 3658 1505 3752; baseline 0.001 -26"><span class='ocrx_word' id='word_1_360' title='bbox 106 3659 185 3738; x_wconf 84' lang='grc' dir='ltr'><em>δόξα</em></span> <span class='ocrx_word' id='word_1_361' title='bbox 207 3662 264 3745; x_wconf 77' lang='grc' dir='ltr'><strong>μὲν</strong></span> <span class='ocrx_word' id='word_1_362' title='bbox 287 3664 492 3747; x_wconf 76' lang='grc' dir='ltr'><em>ἀνθρώποισι</em></span> <span class='ocrx_word' id='word_1_363' title='bbox 507 3664 604 3727; x_wconf 86' lang='grc' dir='ltr'><em>κακόν</em></span> <span class='ocrx_word' id='word_1_364' title='bbox 626 3659 716 3747; x_wconf 89' lang='grc' dir='ltr'><em>μέγα,</em></span> <span class='ocrx_word' id='word_1_365' title='bbox 739 3666 836 3747; x_wconf 87' lang='grc' dir='ltr'><em>πεῖρα</em></span> <span class='ocrx_word' id='word_1_366' title='bbox 859 3658 1040 3744; x_wconf 84' lang='grc' dir='ltr'><em>δ’άριστον·</em></span> <span class='ocrx_word' id='word_1_367' title='bbox 1061 3664 1065 3747; x_wconf 75' lang='lat' dir='ltr'><strong>l</strong></span> <span class='ocrx_word' id='word_1_368' title='bbox 1085 3662 1201 3729; x_wconf 87' lang='grc' dir='ltr'><em>πολλοί</em></span> <span class='ocrx_word' id='word_1_369' title='bbox 1223 3662 1392 3752; x_wconf 84' lang='grc' dir='ltr'><em>ἀπείρηται</em></span> <span class='ocrx_word' id='word_1_370' title='bbox 1409 3664 1505 3742; x_wconf 81' lang='grc' dir='ltr'><em>δόξαν</em></span> 
     </span>
     <span class='ocr_line' id='line_1_34' title="bbox 103 3760 1503 3855; baseline 0.004 -26"><span class='ocrx_word' id='word_1_371' title='bbox 103 3760 209 3846; x_wconf 75' lang='grc' dir='ltr'><em>έχουσ’</em></span> <span class='ocrx_word' id='word_1_372' title='bbox 225 3768 358 3849; x_wconf 79' lang='grc' dir='ltr'><em>ἀγαθῶν</em></span> <span class='ocrx_word' id='word_1_373' title='bbox 380 3765 481 3830; x_wconf 90' lang='lat' dir='ltr'><strong>verbo</strong></span> <span class='ocrx_word' id='word_1_374' title='bbox 505 3772 602 3850; x_wconf 88' lang='grc' dir='ltr'><em>πεῖρα</em></span> <span class='ocrx_word' id='word_1_375' title='bbox 625 3766 807 3851; x_wconf 87' lang='lat' dir='ltr'><strong>oppositum</strong></span> <span class='ocrx_word' id='word_1_376' title='bbox 829 3765 917 3831; x_wconf 93' lang='lat' dir='ltr'><strong>idem</strong></span> <span class='ocrx_word' id='word_1_377' title='bbox 941 3767 1027 3852; x_wconf 92' lang='lat' dir='ltr'><strong>quod</strong></span> <span class='ocrx_word' id='word_1_378' title='bbox 1051 3767 1173 3831; x_wconf 84' lang='lat' dir='ltr'>‘fama’.</span> <span class='ocrx_word' id='word_1_379' title='bbox 1206 3806 1248 3815; x_wconf 92' lang='lat'><strong>—</strong></span> <span class='ocrx_word' id='word_1_380' title='bbox 1279 3770 1378 3855; x_wconf 82' lang='grc' dir='ltr'><em>δρᾶν.</em></span> <span class='ocrx_word' id='word_1_381' title='bbox 1418 3771 1503 3855; x_wconf 92' lang='lat' dir='ltr'><strong>quod</strong></span> 
     </span>
     <span class='ocr_line' id='line_1_35' title="bbox 104 3868 1503 3960; baseline 0.004 -27"><span class='ocrx_word' id='word_1_382' title='bbox 104 3870 200 3933; x_wconf 92' lang='lat' dir='ltr'><strong>modo</strong></span> <span class='ocrx_word' id='word_1_383' title='bbox 224 3869 265 3934; x_wconf 91' lang='lat' dir='ltr'><strong>de</strong></span> <span class='ocrx_word' id='word_1_384' title='bbox 287 3869 388 3935; x_wconf 91' lang='lat' dir='ltr'><strong>verbo</strong></span> <span class='ocrx_word' id='word_1_385' title='bbox 412 3868 490 3946; x_wconf 81' lang='grc' dir='ltr'><em>δόξα</em></span> <span class='ocrx_word' id='word_1_386' title='bbox 513 3869 592 3954; x_wconf 85' lang='lat' dir='ltr'>dixi,</span> <span class='ocrx_word' id='word_1_387' title='bbox 615 3870 703 3934; x_wconf 91' lang='lat' dir='ltr'><strong>idem</strong></span> <span class='ocrx_word' id='word_1_388' title='bbox 726 3870 767 3934; x_wconf 95' lang='lat' dir='ltr'><strong>de</strong></span> <span class='ocrx_word' id='word_1_389' title='bbox 790 3868 852 3933; x_wconf 91' lang='lat' dir='ltr'><strong>hoe</strong></span> <span class='ocrx_word' id='word_1_390' title='bbox 874 3870 970 3935; x_wconf 87' lang='lat' dir='ltr'><strong>valet.</strong></span> <span class='ocrx_word' id='word_1_391' title='bbox 1002 3894 1078 3935; x_wconf 90' lang='lat' dir='ltr'><strong>narn</strong></span> <span class='ocrx_word' id='word_1_392' title='bbox 1094 3872 1231 3938; x_wconf 89' lang='lat' dir='ltr'><strong>verbum</strong></span> <span class='ocrx_word' id='word_1_393' title='bbox 1254 3873 1393 3959; x_wconf 87' lang='lat' dir='ltr'><strong>simplex</strong></span> <span class='ocrx_word' id='word_1_394' title='bbox 1415 3875 1503 3960; x_wconf 92' lang='lat' dir='ltr'>apud</span> 
     </span>
     <span class='ocr_line' id='line_1_36' title="bbox 104 3972 1504 4065; baseline 0.004 -28"><span class='ocrx_word' id='word_1_395' title='bbox 104 3973 283 4040; x_wconf 90' lang='lat' dir='ltr'><strong>Homerum</strong></span> <span class='ocrx_word' id='word_1_396' title='bbox 302 3983 428 4039; x_wconf 86' lang='lat' dir='ltr'><strong>tantum</strong></span> <span class='ocrx_word' id='word_1_397' title='bbox 450 3973 568 4058; x_wconf 87' lang='lat' dir='ltr'><strong>legitur</strong></span> <span class='ocrx_word' id='word_1_398' title='bbox 583 3998 601 4040; x_wconf 94' lang='lat' dir='ltr'><strong>o</strong></span> <span class='ocrx_word' id='word_1_399' title='bbox 618 3974 690 4056; x_wconf 87' lang='grc'><strong>317,</strong></span> <span class='ocrx_word' id='word_1_400' title='bbox 714 3972 1066 4062; x_wconf 70' lang='grc' dir='ltr'><strong>1511324παραδράν,</strong></span> <span class='ocrx_word' id='word_1_401' title='bbox 1089 3975 1248 4041; x_wconf 69' lang='grc'><strong>1511333</strong></span> <span class='ocrx_word' id='word_1_402' title='bbox 1269 3978 1423 4064; x_wconf 83' lang='grc' dir='ltr'><em>ὑποδράν,</em></span> <span class='ocrx_word' id='word_1_403' title='bbox 1448 3982 1504 4065; x_wconf 91' lang='lat' dir='ltr'><strong>qui</strong></span> 
     </span>
     <span class='ocr_line' id='line_1_37' title="bbox 102 4077 1502 4163; baseline 0.006 -22"><span class='ocrx_word' id='word_1_404' title='bbox 102 4077 166 4142; x_wconf 93' lang='lat' dir='ltr'><strong>loci</strong></span> <span class='ocrx_word' id='word_1_405' title='bbox 188 4099 308 4157; x_wconf 80' lang='lat' dir='ltr'><strong>omnes,</strong></span> <span class='ocrx_word' id='word_1_406' title='bbox 333 4078 419 4163; x_wconf 90' lang='lat' dir='ltr'><strong>quod</strong></span> <span class='ocrx_word' id='word_1_407' title='bbox 443 4100 520 4142; x_wconf 91' lang='lat' dir='ltr'><strong>sane</strong></span> <span class='ocrx_word' id='word_1_408' title='bbox 542 4078 751 4143; x_wconf 90' lang='lat' dir='ltr'><strong>memorabile</strong></span> <span class='ocrx_word' id='word_1_409' title='bbox 774 4088 832 4162; x_wconf 87' lang='lat' dir='ltr'><strong>est,</strong></span> <span class='ocrx_word' id='word_1_410' title='bbox 858 4079 1003 4144; x_wconf 91' lang='lat' dir='ltr'><strong>eiusdem</strong></span> <span class='ocrx_word' id='word_1_411' title='bbox 1026 4089 1102 4144; x_wconf 91' lang='lat' dir='ltr'><strong>sunt</strong></span> <span class='ocrx_word' id='word_1_412' title='bbox 1124 4082 1285 4146; x_wconf 87' lang='lat' dir='ltr'><strong>carminis.</strong></span> <span class='ocrx_word' id='word_1_413' title='bbox 1324 4085 1382 4149; x_wconf 91' lang='lat' dir='ltr'><strong>sed</strong></span> <span class='ocrx_word' id='word_1_414' title='bbox 1406 4086 1502 4149; x_wconf 89' lang='lat' dir='ltr'><strong>etiam</strong></span> 
     </span>
     <span class='ocr_line' id='line_1_38' title="bbox 103 4183 1502 4269; baseline 0.005 -23"><span class='ocrx_word' id='word_1_415' title='bbox 103 4191 237 4268; x_wconf 89' lang='lat' dir='ltr'><strong>propter</strong></span> <span class='ocrx_word' id='word_1_416' title='bbox 258 4185 335 4261; x_wconf 80' lang='lat' dir='ltr'><strong>vim,</strong></span> <span class='ocrx_word' id='word_1_417' title='bbox 368 4204 451 4269; x_wconf 90' lang='lat' dir='ltr'><strong>quae</strong></span> <span class='ocrx_word' id='word_1_418' title='bbox 480 4184 510 4245; x_wconf 92' lang='lat' dir='ltr'><strong>ei</strong></span> <span class='ocrx_word' id='word_1_419' title='bbox 541 4184 634 4268; x_wconf 85' lang='lat' dir='ltr'><strong>inest,</strong></span> <span class='ocrx_word' id='word_1_420' title='bbox 665 4183 844 4248; x_wconf 91' lang='lat' dir='ltr'><strong>notandum</strong></span> <span class='ocrx_word' id='word_1_421' title='bbox 875 4194 936 4267; x_wconf 79' lang='lat' dir='ltr'><strong>est3</strong></span> <span class='ocrx_word' id='word_1_422' title='bbox 969 4183 1048 4248; x_wconf 88' lang='lat' dir='ltr'><strong>locis</strong></span> <span class='ocrx_word' id='word_1_423' title='bbox 1079 4186 1166 4249; x_wconf 93' lang='lat' dir='ltr'><strong>enim</strong></span> <span class='ocrx_word' id='word_1_424' title='bbox 1189 4188 1295 4250; x_wconf 90' lang='lat' dir='ltr'><strong>citatis</strong></span> <span class='ocrx_word' id='word_1_425' title='bbox 1319 4188 1359 4252; x_wconf 89' lang='lat' dir='ltr'><strong>de</strong></span> <span class='ocrx_word' id='word_1_426' title='bbox 1381 4188 1502 4253; x_wconf 91' lang='lat' dir='ltr'><strong>famulo</strong></span> 
     </span>
     <span class='ocr_line' id='line_1_39' title="bbox 103 4287 1501 4379; baseline 0.004 -27"><span class='ocrx_word' id='word_1_427' title='bbox 103 4287 304 4352; x_wconf 88' lang='lat' dir='ltr'><strong>ministrante</strong></span> <span class='ocrx_word' id='word_1_428' title='bbox 320 4296 505 4372; x_wconf 88' lang='lat' dir='ltr'><strong>usurpatur.</strong></span> <span class='ocrx_word' id='word_1_429' title='bbox 527 4289 560 4352; x_wconf 91' lang='lat' dir='ltr'><strong>in</strong></span> <span class='ocrx_word' id='word_1_430' title='bbox 577 4287 696 4372; x_wconf 85' lang='lat' dir='ltr'><strong>elegeis</strong></span> <span class='ocrx_word' id='word_1_431' title='bbox 712 4311 790 4353; x_wconf 92' lang='lat' dir='ltr'><strong>vero</strong></span> <span class='ocrx_word' id='word_1_432' title='bbox 806 4297 856 4353; x_wconf 90' lang='lat' dir='ltr'><strong>est</strong></span> <span class='ocrx_word' id='word_1_433' title='bbox 872 4289 1013 4371; x_wconf 81' lang='lat' dir='ltr'><strong>‘facere&#39;3</strong></span> <span class='ocrx_word' id='word_1_434' title='bbox 1035 4289 1076 4354; x_wconf 90' lang='lat' dir='ltr'><strong>cf.</strong></span> <span class='ocrx_word' id='word_1_435' title='bbox 1095 4289 1158 4356; x_wconf 87' lang='lat' dir='ltr'><strong>Sol.</strong></span> <span class='ocrx_word' id='word_1_436' title='bbox 1175 4290 1228 4374; x_wconf 90' lang='grc'><strong>37,</strong></span> <span class='ocrx_word' id='word_1_437' title='bbox 1245 4292 1265 4354; x_wconf 91' lang='grc'><strong>3</strong></span> <span class='ocrx_word' id='word_1_438' title='bbox 1289 4291 1412 4379; x_wconf 74' lang='lat' dir='ltr'><strong>(uim),</strong></span> <span class='ocrx_word' id='word_1_439' title='bbox 1437 4293 1501 4357; x_wconf 90' lang='lat' dir='ltr'><strong>De·</strong></span> 
     </span>
     <span class='ocr_line' id='line_1_40' title="bbox 102 4390 1502 4480; baseline 0.004 -25"><span class='ocrx_word' id='word_1_440' title='bbox 102 4392 189 4456; x_wconf 91' lang='lat' dir='ltr'><strong>mod.</strong></span> <span class='ocrx_word' id='word_1_441' title='bbox 215 4393 243 4475; x_wconf 87' lang='lat'><strong>1,</strong></span> <span class='ocrx_word' id='word_1_442' title='bbox 261 4392 290 4477; x_wconf 92' lang='grc'><strong>2,</strong></span> <span class='ocrx_word' id='word_1_443' title='bbox 322 4391 466 4476; x_wconf 85' lang='lat' dir='ltr'><strong>Theogn.</strong></span> <span class='ocrx_word' id='word_1_444' title='bbox 484 4390 557 4474; x_wconf 86' lang='grc'><strong>954,</strong></span> <span class='ocrx_word' id='word_1_445' title='bbox 583 4392 654 4474; x_wconf 84' lang='grc'><strong>103,</strong></span> <span class='ocrx_word' id='word_1_446' title='bbox 678 4414 741 4478; x_wconf 94' lang='lat' dir='ltr'><strong>quo</strong></span> <span class='ocrx_word' id='word_1_447' title='bbox 764 4394 835 4459; x_wconf 93' lang='lat' dir='ltr'><strong>loco</strong></span> <span class='ocrx_word' id='word_1_448' title='bbox 867 4416 940 4459; x_wconf 91' lang='lat' dir='ltr'><strong>oum</strong></span> <span class='ocrx_word' id='word_1_449' title='bbox 972 4393 1127 4459; x_wconf 86' lang='lat' dir='ltr'><strong>adverbio</strong></span> <span class='ocrx_word' id='word_1_450' title='bbox 1157 4392 1192 4461; x_wconf 84' lang='lat' dir='ltr'><strong>ed</strong></span> <span class='ocrx_word' id='word_1_451' title='bbox 1222 4399 1435 4480; x_wconf 86' lang='lat' dir='ltr'><strong>coniungitur.</strong></span> <span class='ocrx_word' id='word_1_452' title='bbox 1463 4436 1502 4444; x_wconf 91' lang='lat'>-</span> 
     </span>
     <span class='ocr_line' id='line_1_41' title="bbox 103 4497 1502 4588; baseline 0.003 -25"><span class='ocrx_word' id='word_1_453' title='bbox 103 4498 308 4587; x_wconf 84' lang='grc' dir='ltr'><em>δυσηλεγής</em></span> <span class='ocrx_word' id='word_1_454' title='bbox 330 4497 441 4562; x_wconf 90' lang='lat' dir='ltr'><strong>Mimn.</strong></span> <span class='ocrx_word' id='word_1_455' title='bbox 465 4497 530 4580; x_wconf 90' lang='grc'><strong>7,3</strong></span> <span class='ocrx_word' id='word_1_456' title='bbox 554 4498 725 4583; x_wconf 86' lang='lat' dir='ltr'><strong>(repetitus</strong></span> <span class='ocrx_word' id='word_1_457' title='bbox 748 4499 893 4583; x_wconf 85' lang='lat' dir='ltr'><strong>Theogn.</strong></span> <span class='ocrx_word' id='word_1_458' title='bbox 919 4499 996 4586; x_wconf 83' lang='grc'>795)</span> <span class='ocrx_word' id='word_1_459' title='bbox 1021 4499 1214 4588; x_wconf 84' lang='grc' dir='ltr'><em>δυσηλεγέων</em></span> <span class='ocrx_word' id='word_1_460' title='bbox 1237 4503 1271 4568; x_wconf 82' lang='grc' dir='ltr'><strong>δὲ</strong></span> <span class='ocrx_word' id='word_1_461' title='bbox 1295 4501 1437 4567; x_wconf 85' lang='grc' dir='ltr'><em>πολιτῶν</em></span> <span class='ocrx_word' id='word_1_462' title='bbox 1458 4502 1502 4568; x_wconf 92' lang='lat' dir='ltr'>ad</span> 
     </span>
     <span class='ocr_line' id='line_1_42' title="bbox 101 4601 1501 4694; baseline 0.007 -28"><span class='ocrx_word' id='word_1_463' title='bbox 101 4601 248 4667; x_wconf 88' lang='lat' dir='ltr'><strong>homines</strong></span> <span class='ocrx_word' id='word_1_464' title='bbox 270 4601 419 4683; x_wconf 85' lang='lat' dir='ltr'><strong>refertur,</strong></span> <span class='ocrx_word' id='word_1_465' title='bbox 448 4611 543 4667; x_wconf 91' lang='lat' dir='ltr'><strong>antea</strong></span> <span class='ocrx_word' id='word_1_466' title='bbox 571 4624 701 4689; x_wconf 87' lang='lat' dir='ltr'><strong>semper</strong></span> <span class='ocrx_word' id='word_1_467' title='bbox 723 4604 765 4668; x_wconf 89' lang='lat' dir='ltr'>ad</span> <span class='ocrx_word' id='word_1_468' title='bbox 792 4627 852 4670; x_wconf 91' lang='lat' dir='ltr'><strong>res.</strong></span> <span class='ocrx_word' id='word_1_469' title='bbox 878 4604 953 4669; x_wconf 86' lang='lat' dir='ltr'><strong>vide</strong></span> <span class='ocrx_word' id='word_1_470' title='bbox 980 4609 1009 4669; x_wconf 85' lang='lat' dir='ltr'><strong><em>Y</em></strong></span> <span class='ocrx_word' id='word_1_471' title='bbox 1030 4603 1093 4670; x_wconf 91' lang='grc'><strong>154</strong></span> <span class='ocrx_word' id='word_1_472' title='bbox 1119 4605 1306 4694; x_wconf 84' lang='grc' dir='ltr'><em>δυσηλεγέος</em></span> <span class='ocrx_word' id='word_1_473' title='bbox 1333 4605 1501 4693; x_wconf 81' lang='grc' dir='ltr'><em>πολέμοιο,</em></span> 
     </span>
    </p>
   </div>
   <div class='ocr_carea' id='block_1_5' title="bbox 0 0 1700 5067">
    <p class='ocr_par' dir='ltr' id='par_1_5' title="bbox 0 0 1700 5067">
     <span class='ocr_line' id='line_1_43' title="bbox 0 0 1700 5067; baseline 0 1"><span class='ocrx_word' id='word_1_474' title='bbox 0 0 1700 5067; x_wconf 95' lang='lat' dir='ltr'><strong> </strong></span> 
     </span>
    </p>
   </div>
  </div>
 </body>
</html>
