3392 5067
232 226 274 289 30

233 417 449 501 conscriptam
472 436 557 498 csse,
585 417 683 479 immo
707 417 904 480 contrarium
928 439 1043 479 verum
1065 417 1203 483 videtur.
1261 440 1336 481 nam
1360 421 1385 482 si
1410 422 1482 504 quis
1503 420 1560 484 III
1581 422 1642 484 vel

231 520 299 584 IIII
323 518 453 584 sacculo
477 519 677 605 Agrippinae
700 519 906 603 naufragium
930 520 1116 584 describere
1132 521 1295 606 voluisset,
1311 522 1462 588 Tacitum
1476 524 1532 587 vel
1554 526 1641 589 Dio-

232 644 308 688 nem
330 634 460 689 secutus
484 632 570 688 esset
592 633 628 687 ut
650 624 880 707 gravissimum
903 634 1077 688 auctorem.
1123 634 1157 688 at
1179 627 1206 689 is
1229 628 1284 710 qui
1306 624 1479 691 Octaviam
1502 649 1641 713 compo-

232 730 295 793 suit
317 738 373 793 aut
395 728 499 793 fontes
515 729 673 811 adhibuit,
697 749 776 814 quos
799 752 864 793 non
884 731 1043 813 novimus,
1051 729 1073 814 ¹)
1097 738 1153 793 aut
1174 739 1285 815 utpote
1309 731 1453 816 aequalis
1473 732 1638 818 quamde

233 854 271 896 ea
292 855 327 897 re
344 843 539 918 conceperat
562 832 682 898 famam
705 832 876 918 amplexus
900 843 958 898 est.
993 856 1069 897 nam
1093 856 1132 898 ca
1155 836 1293 920 quaein
1318 834 1457 900 Octavia
1473 858 1493 900 a
1509 847 1638 900 cetero-

231 959 303 1001 rum
327 939 519 1024 scriptorum
547 935 785 1002 narrationibus
812 937 942 1002 diversa
972 937 1123 1021 leguntur
1149 937 1191 1001 ab
1218 960 1256 1002 eo
1283 939 1362 1003 ficta
1387 961 1458 1003 esse
1484 950 1638 1025 propter-

232 1066 270 1106 ea
294 1042 449 1107 credibile
472 1051 617 1124 nonest,
645 1043 722 1126 quia
745 1042 812 1104 eius
839 1042 928 1105 modi
956 1043 1148 1127 suspicionis
1171 1042 1260 1107 nulla
1282 1045 1411 1108 omnino
1433 1043 1528 1109 nobis
1551 1067 1636 1109 ansa

232 1147 308 1212 data
331 1156 388 1212 est.
413 1147 685 1232 simplicissimum
707 1147 804 1229 igitur
826 1146 905 1209 mihi
928 1146 1060 1230 quidem
1080 1147 1211 1211 videtur
1234 1170 1361 1211 sumere
1378 1148 1539 1214 Octaviae
1554 1151 1635 1212 scri-

231 1260 357 1337 ptorem
372 1252 532 1316 rhetorico
555 1251 651 1315 modo
667 1273 736 1315 rem
758 1251 803 1313 ita
818 1272 979 1330 narrasse,
1002 1261 1037 1313 ut
1053 1250 1096 1315 ab
1119 1251 1303 1316 hominibus
1325 1253 1434 1337 paullo
1455 1262 1633 1339 postquam

231 1356 319 1421 facta
341 1366 390 1420 est
412 1355 613 1421 narrabatur.
656 1376 732 1420 nam
753 1356 862 1419 varios
886 1354 928 1417 de
944 1354 1145 1440 Agrippinae
1168 1355 1339 1439 naufragio
1361 1378 1505 1421 rumores
1528 1358 1632 1420 fuisse

231 1484 271 1526 ea
305 1483 388 1548 quae
423 1461 511 1545 apud
542 1460 681 1525 Dionem
717 1467 831 1524 extant
866 1480 940 1522 cum
971 1459 1076 1522 Taciti
1107 1462 1290 1524 narratione
1321 1460 1439 1524 collata
1468 1463 1546 1526 satis
1576 1461 1631 1525 de-

230 1575 416 1631 monstrant.

333 1670 372 1733 In
395 1670 611 1755 descriptione
635 1669 746 1733 caedis
769 1668 971 1753 Agrippinae
994 1666 1151 1732 Octaviae
1176 1668 1312 1754 scriptor
1335 1667 1391 1755 (ef.
1408 1668 1472 1733 356
1488 1670 1574 1755 sqq.)
1598 1682 1630 1734 et

230 1774 364 1839 Tacitus
387 1775 470 1838 inter
494 1795 528 1837 se
550 1774 763 1837 consentiunt.
788 1773 876 1857 apud
899 1772 986 1836 hunc
1008 1774 1095 1836 enim
1118 1773 1204 1838 Ann.
1229 1772 1331 1837 XIIII
1350 1772 1370 1835 8
1393 1773 1476 1837 haec
1499 1785 1629 1838 extant:

230 1880 295 1942 iaus
324 1880 357 1941 io
386 1888 513 1942 mortem
543 1877 719 1941 centurioni
740 1876 869 1961 fermus
898 1877 1099 1958 destriupeuts‘
1123 1877 1311 1962 protendens
1333 1888 1454 1940 uterum
1482 1885 1629 1941 ‘securem

222 1984 304 2069 fcri'
328 1982 530 2062 acclamavit,
559 1981 720 2066 multisque
743 1981 923 2045 uulneribus
945 1980 1085 2066 corrfecta
1108 1991 1159 2046 est.
1199 1981 1240 2045 ad
1265 2003 1348 2068 quae
1371 1982 1473 2046 verba
1495 1983 1527 2045 in
1551 2006 1629 2046 non-

230 2087 326 2152 nullis
350 2087 517 2152 codicibus
539 2084 805 2170 recentioribus2)
822 2084 977 2170 adscripti
1001 2094 1074 2148 sunt
1096 2084 1255 2150 Octaviae
1270 2108 1325 2148 vv.
1343 2084 1405 2149 368
1419 2108 1499 2172 sqq:
1523 2088 1630 2149 coedis

229 2192 362 2255 moriens
384 2192 443 2255 illu
465 2191 640 2253 mirsistrum
660 2197 664 2273 l
684 2200 776 2275 repat
797 2188 923 2274 infelix,
946 2200 1033 2253 utero
1057 2190 1163 2252 dirum
1183 2187 1187 2274 Ι
1207 2190 1325 2252 condat·
1343 2200 1376 2251 ut
1398 2212 1514 2253 amem:
1539 2193 1543 2272 Ι
1570 2191 1628 2252 ‘liic

229 2308 282 2375 est,
305 2298 352 2359 hic
367 2308 410 2359 est
424 2295 608 2380 fodiendus’
633 2294 680 2356 cit
701 2295 705 2379 Ι
726 2293 824 2379 ‘ferro
846 2303 1016 2356 monstrum
1038 2294 1091 2377 qui
1113 2293 1174 2356 tale
1197 2294 1288 2356 tulit'.
1318 2292 1376 2356 sed
1399 2292 1499 2357 multo
1522 2295 1627 2376 magis

231 2402 427 2465 conveniunt
450 2422 497 2481 ea,
522 2420 606 2483 quae
630 2396 787 2462 Octaviae
810 2398 948 2482 scriptor
970 2408 1136 2481 tamquam
1163 2396 1276 2461 ultima
1299 2397 1501 2482 Agrippinae
1524 2399 1627 2462 verba

230 2505 366 2590 profert:
392 2504 454 2567 ‘hic
471 2513 527 2584 cst,
554 2503 607 2567 hic
623 2512 672 2566 est
695 2500 868 2565 fodiendus
884 2501 1027 2587 (venter)
1050 2502 1145 2582 ferre,
1169 2512 1346 2565 monstrum
1369 2502 1423 2587 qui
1447 2501 1511 2565 tale
1534 2502 1625 2584 tulit’,

231 2632 306 2674 cum
328 2611 376 2692 iis,
401 2630 483 2693 quae
507 2607 594 2693 apud
618 2606 758 2671 Dionem
773 2604 855 2669 LXI
872 2606 912 2667 13
935 2604 1099 2689 leguntur:
1123 2607 1169 2667 καὶ
1189 2608 1385 2682 ἀναπηδήσασα
1409 2608 1443 2666 ἐκ
1463 2614 1513 2683 τῆς
1534 2608 1627 2682 κοίτας

229 2719 278 2793 τήν
293 2737 324 2775 τε
339 2716 439 2791 ἐσθῆτα
454 2712 650 2795 περιεῤῥήξατο
672 2712 720 2772 καὶ
741 2714 789 2788 τὴν
812 2715 933 2792 γαστέρα
960 2708 1180 2788 ἀπογυμνώσασα
1199 2715 1279 2770 «παῖε
1302 2713 1430 2787 ταύτην»,
1455 2713 1515 2793 ἔφη,
1541 2712 1625 2771 «aa

229 2842 307 2901 aurs,
331 2824 403 2900 reis,
427 2822 465 2879 ὅτι
489 2821 605 2899 Νέρωνα
630 2820 731 2878 ἔτεκεν.
767 2815 918 2900 exempla
941 2823 1049 2877 autem
1072 2834 1156 2899 quae
1179 2822 1366 2899 sequeretur
1391 2823 1487 2899 poeta
1508 2817 1542 2879 in
1563 2816 1624 2879 hac

231 2924 374 2988 oratione
397 2921 629 2987 conformanda
657 2921 770 2985 habuit
796 2919 854 2983 hos
878 2918 1022 2984 Senecae
1045 2919 1147 2982 locos:
1175 2918 1297 2981 Phocn.
1318 2918 1380 2981 447
1405 2920 1503 2983 ‘hunc
1525 2920 1624 3003 petite

231 3036 387 3108 ventrem,
411 3028 466 3111 qui
481 3026 572 3090 dedit
587 3027 703 3089 fratres
719 3024 810 3105 viro',
836 3022 918 3088 Oed.
935 3022 1016 3087 1038
1026 3045 1073 3108 sq.
1088 3022 1185 3086 ‘hunc
1202 3021 1329 3104 dextra,
1353 3022 1440 3086 huno
1462 3024 1549 3109 pete)
1560 3034 1624 3087 ute-

230 3154 302 3195 rum
319 3149 484 3216 capacem,
509 3132 564 3217 qui
580 3132 687 3195 virum
703 3138 735 3193 et
757 3138 849 3193 natos
865 3128 957 3192 tulit’.
992 3128 1069 3192 talia
1085 3128 1183 3211 igitur
1198 3128 1366 3191 enuntiata
1380 3126 1467 3212 apud
1482 3126 1623 3190 rhetores

230 3236 262 3299 in
285 3258 346 3300 usu
369 3236 468 3299 fuisse
492 3235 653 3313 videntur3
678 3235 764 3298 etin
788 3233 953 3296 rhetorum
976 3230 1093 3295 scholis
1117 3240 1149 3294 et
1171 3230 1262 3294 libris
1288 3232 1489 3316 Agrippinae
1511 3253 1623 3295 necem

231 3362 328 3426 saepe
351 3348 525 3404 tractatam
553 3361 623 3402 esse
648 3340 718 3424 quis
741 3359 806 3401 non
822 3336 944 3401 credat.
977 3345 1074 3420 atque
1090 3358 1133 3401 ex
1155 3335 1210 3398 tali
1234 3335 1321 3399 fonte
1344 3335 1481 3399 fortasse
1504 3338 1623 3420 etipsa

230 3444 342 3525 verba,
367 3466 450 3529 quae
465 3444 554 3529 apud
569 3444 710 3507 Dionem
733 3442 895 3526 leguntur,
918 3440 1091 3504 fluxerunt.
1127 3439 1185 3504 sed
1200 3449 1272 3504 utut
1294 3441 1375 3504 haec
1390 3462 1443 3503 res
1459 3462 1493 3503 se
1516 3439 1621 3524 habet,
1667 3481 1668 3486 κ

230 3548 309 3613 nihil
331 3572 388 3613 nos
410 3552 506 3633 cogit,
530 3558 566 3611 ut
589 3568 751 3611 sumamus
768 3545 935 3621 Octauiae⁴
952 3547 1140 3630 scriptorem
1163 3566 1203 3608 ea
1225 3565 1308 3630 quae
1332 3555 1560 3608 commemorat
1582 3565 1622 3606 ex

231 3654 344 3718 Tacito
372 3654 424 3718 vel
452 3654 559 3717 Dione
587 3651 639 3714 vel
668 3674 708 3713 ex
737 3650 889 3713 Suetonio
916 3649 993 3713 Ner.
1015 3648 1090 3734 34³)
1119 3651 1304 3733 sumpsisse.
1343 3648 1421 3733 quid
1449 3648 1534 3733 quod
1560 3670 1621 3711 una

336 3832 356 3895 1)
376 3831 528 3891 Suetonius,
547 3830 594 3893 qui
613 3832 718 3893 praeter
736 3828 798 3876 Tac.
819 3830 845 3875 et
864 3827 944 3875 Dion.
963 3824 1054 3890 paullo
1074 3827 1225 3874 accuratius
1247 3824 1280 3873 de
1298 3822 1463 3890 Agrippinae
1481 3824 1553 3872 vitae
1569 3821 1620 3871 fine

231 3918 294 3981 egit,
314 3917 346 3965 de
364 3916 504 3981 naufragio
523 3916 591 3965 haec
610 3920 714 3964 tantum
734 3914 799 3963 dicit
818 3913 944 3977 (Neronis
962 3927 987 3961 v.
1001 3912 1045 3977 34)
1065 3913 1080 3961 ⁴.
1097 3950 1102 3960 .
1117 3951 1122 3961 .
1140 3912 1187 3960 sed
1205 3917 1235 3959 ut
1254 3911 1359 3959 diversa
1378 3911 1467 3960 omnia
1485 3910 1620 3973 nandoque

230 4004 346 4053 evasisse
370 4018 429 4053 eam
448 4002 643 4068 (Agrippinam)
664 4002 792 4065 comperit
812 4000 916 4064 (Nero),
934 4002 1011 4064 inops
1029 3998 1153 4048 consilii.
1169 4036 1174 4047 .
1189 3998 1204 4046 .'

334 4089 356 4155 ²)
375 4090 527 4140 Budensem
547 4094 574 4139 et
590 4088 733 4153 Agricolae
751 4087 848 4137 librum
868 4088 950 4136 Vater
968 4103 992 4151 p.
1012 4086 1062 4134 613
1081 4086 1210 4133 nominat.
1231 4086 1260 4132 in
1278 4084 1396 4133 editione
1414 4084 1536 4148 principe
1558 4084 1620 4133 haec

230 4178 312 4227 verba
330 4193 385 4225 non
404 4182 510 4247 extant3
551 4182 611 4243 post
628 4174 805 4226 Puteolanam
824 4188 888 4223 vero
907 4172 1164 4223 circumferebantur
1181 4172 1210 4219 in
1229 4171 1398 4233 editionibus,
1417 4172 1502 4221 donec
1519 4171 1620 4235 Lipsius
1667 4173 1668 4176 ’

230 4278 263 4313 ea
280 4264 368 4317 eiecit.

334 4351 355 4417 ³)
374 4352 463 4402 Verba
482 4354 539 4403 eius
557 4357 620 4402 sunt
638 4352 717 4401 haec:
742 4352 755 4400 ⁸.
770 4389 775 4400 .
790 4390 795 4400 .
809 4352 888 4414 inops
906 4348 1012 4397 consilii
1032 4346 1125 4411 (Nero)
1145 4344 1176 4396 L.
1194 4344 1341 4411 Agerinum
1363 4344 1489 4395 libertum
1508 4345 1580 4394 eius.
1594 4383 1619 4394 ..

231 4440 312 4503 arripi
331 4440 533 4505 constringique
551 4440 636 4501 iussit,
660 4443 772 4487 matrem
791 4436 886 4499 occidi,
905 4436 981 4500 quasi
994 4434 1189 4499 deprehensum
1208 4434 1310 4482 crimen
1322 4431 1476 4482 voluntaria
1494 4433 1619 4480 morteui-
1667 4485 1668 4488 Ἴ

230 4531 320 4575 tasset.
334 4528 468 4577 adduntur
480 4527 522 4576 his
535 4528 666 4576 atrociora
677 4540 727 4573 nee
740 4525 848 4573 incertis
862 4521 1028 4572 auctoribus:
1041 4520 1074 4569 ad
1089 4520 1228 4569 visendum
1241 4518 1399 4569 interfectae
1410 4518 1524 4567 cadaver
1535 4534 1617 4567 accur-

232 4615 306 4674 risse,
325 4620 506 4665 contrectasse
524 4614 651 4676 msmbra,
669 4611 724 4662 alia
741 4613 916 4675 vituperasse,
938 4607 993 4658 alia
1010 4607 1141 4670 laudasse,
1159 4608 1258 4672 sitique
1276 4607 1383 4656 iuterim
1402 4606 1496 4655 oborta
1512 4606 1618 4657 bibisse.’
