3392 5067
1458 228 1517 291 137

1086 351 1098 383 θ

121 417 282 499 coniungi.
322 415 453 480 consilio
475 425 582 481 autem
606 427 719 502 poetas
743 419 901 501 elegiacos
929 421 963 482 in
985 419 1034 482 his
1058 419 1188 503 quidem
1212 419 1320 483 verbis
1344 418 1444 484 solum
1468 442 1518 483 ao·

122 522 301 585 cusativum
335 523 453 584 vitasse
487 524 606 606 optime
643 522 841 606 intellegitur
878 521 1001 586 collatis
1033 523 1178 606 Theogn.
1207 523 1269 586 243
1283 546 1329 610 sq.
1360 523 1415 589 καὶ
1444 524 1520 589 ὅταν

121 624 274 711 δνοφερῆς
305 626 370 690 ὖπδ
401 630 534 691 κεύθεσι
563 624 653 714 γαίης
679 626 684 710 l
710 633 770 713 βῇς
798 628 1040 706 πολυκωκύτους
1073 629 1119 707 εἰς
1144 624 1257 693 Ἀίδαο
1286 629 1401 713 δόμους
1446 650 1520 691 cum

120 732 155 793 X
173 727 238 792 482
250 751 297 813 sq.
320 738 374 794 νῖν
399 730 434 795 δὲ
457 735 495 794 σὺ
517 733 574 815 μὲν
596 726 708 797 Ἀίδαο
732 733 847 817 δόμους
874 735 939 797 ὑπὸ
965 736 1097 797 κεύθεσι
1118 730 1232 821 γαληςλ
1257 729 1371 817 ἔρχεαι.
1410 755 1519 818 quam·

121 855 218 917 quam
250 835 335 897 enim
365 856 483 918 magna
517 835 690 899 similitudo
725 838 809 900 inter
843 847 1017 922 utrumque
1050 835 1157 900 locum
1188 837 1372 913 intercedit,
1411 845 1519 901 tamen

120 935 344 1022 Theognidem
371 933 641 1023 praepositionem
664 941 823 1005 adiecisse
847 942 948 1005 vides.

224 1042 294 1106 Iam
325 1043 475 1107 suffixa
506 1067 588 1130 quae
621 1046 773 1109 dicuntur
800 1046 899 1109 multo
928 1048 1031 1129 magis
1059 1048 1156 1110 ctiam
1187 1046 1228 1109 ab
1259 1069 1320 1109 usu
1350 1054 1520 1130 poetarum

121 1147 336 1230 elegiacorum
362 1158 485 1213 remota
513 1171 582 1212 esse
611 1172 709 1236 supra
736 1159 1021 1222 commemoratum
1050 1160 1108 1214 est.
1154 1173 1230 1213 nam
1260 1159 1390 1234 praeter
1418 1148 1521 1213 verba

120 1250 229 1317 οἴκαδε
253 1261 283 1315 61
306 1252 425 1337 θύραζε
448 1253 523 1339 (hoo
545 1264 671 1318 tantum
693 1255 838 1339 Theogn.
858 1256 939 1320 1001
963 1256 1077 1341 extat),
1102 1278 1185 1340 quae
1205 1254 1435 1319 adverbiorum
1454 1256 1520 1316 vim

120 1366 226 1433 nacta,
252 1379 335 1441 quae
360 1358 407 1421 uis
429 1358 573 1422 nondum
597 1359 745 1424 omnibus
769 1359 847 1424 loeis
870 1359 1042 1425 homericis
1066 1360 1171 1424 elucet
1194 1358 1249 1445 (cf.
1268 1380 1318 1421 ex.
1339 1380 1386 1441 gr.
1410 1360 1441 1422 Ω
1457 1358 1521 1421 572

122 1459 284 1548 Πηλείδης
302 1457 331 1526 δ’
339 1460 442 1527 οἷ’κοιο
462 1461 541 1528 λέων
557 1465 599 1541 ὣς
614 1460 692 1528 ἆλτο
707 1464 858 1550 θύραζε),
875 1464 1024 1528 omnibus
1040 1463 1239 1548 temporibus
1255 1464 1288 1527 in
1304 1485 1365 1526 usu
1380 1462 1519 1542 fuerunt,

120 1573 245 1628 tantum
267 1565 413 1649 Theogn.
433 1567 526 1648 1136,
555 1589 629 1631 oum
657 1567 811 1633 librorum
834 1571 994 1653 scriptura
1017 1568 1108 1633 ᾶλλοι
1131 1562 1161 1634 δ)
1176 1568 1348 1650 Οδλυμπδν
1369 1567 1520 1653 ἐκπρολι-

119 1672 235 1748 πόντες
270 1665 348 1751 ἔβαν
382 1671 498 1735 vitiosa
532 1673 582 1753 sit,
617 1694 659 1735 ex
689 1672 848 1736 Brunckii
883 1675 1070 1737 coniectura
1102 1665 1304 1755 Οὔλυμπόνδ’
1333 1670 1398 1755 legi
1432 1670 1520 1752 solet,

119 1774 221 1859 idque
243 1784 342 1856 recte,
367 1783 401 1838 ut
423 1776 502 1839 mihi
525 1776 657 1860 quidem
680 1776 846 1862 videtur.1)
885 1777 966 1839 adeo
988 1778 1085 1861 igitur
1108 1785 1222 1861 poetae
1247 1776 1381 1859 elegiaci
1403 1775 1522 1839 suffixa

120 1900 160 1942 ea
179 1888 383 1962 respuerunt,
405 1889 449 1964 ut,
472 1880 558 1965 quod
577 1880 865 1945 luculentissimum
886 1891 934 1946 est
954 1880 1149 1966 exemplum,
1173 1902 1214 1944 ne
1234 1872 1358 1946 οἶκόνδε
1379 1879 1520 1965 quidem,

119 1983 207 2068 quod
229 1986 349 2068 passim
372 1967 459 2068 apud
475 1984 654 2048 Homerum
677 1984 805 2069 legitur,
828 1986 1025 2067 admiserint,
1055 1985 1111 2048 sed
1135 1994 1260 2050 tantum
1283 1984 1329 2063 εἰς
1351 1976 1439 2050 οἷκον
1461 1983 1522 2067 (εἰς

120 2086 227 2167 οἴκους
252 2087 396 2171 Tbeogn.
421 2088 496 2176 194)
521 2091 644 2165 dicant,
673 2091 772 2155 semel
800 2092 916 2154 eadem
939 2093 982 2167 vi,
1010 2091 1044 2154 id
1066 2090 1153 2175 quod
1176 2112 1296 2154 novum
1320 2099 1378 2169 est,
1402 2088 1520 2168 οἴκαδε,

121 2192 186 2256 Sol.
214 2192 245 2275 4,
269 2191 308 2254 27
321 2215 368 2277 sq.
401 2198 484 2259 οὕτω
509 2195 664 2283 δημόσιον
689 2199 787 2261 κακὸν
816 2192 942 2281 ἔρχεται
970 2191 1073 2262 οῖκοιδ)
1090 2197 1228 2283 ἑκάστῳ,
1250 2194 1253 2279 l
1274 2195 1393 2260 υδλειοι
1421 2188 1456 2258 δ’
1477 2186 1522 2257 ἔτ’

119 2292 204 2378 ἔχειν
226 2299 282 2361 οὐκ
304 2296 456 2363 ἐθέλουσι
478 2303 587 2384 θύραι.

224 2401 381 2465 Venimus
408 2402 451 2466 ad
478 2405 594 2485 verba,
623 2427 705 2489 quae
734 2407 888 2491 proprie
911 2407 1122 2469 transitiva
1146 2404 1305 2467 dicuntur.
1341 2401 1521 2486 dequibus

121 2504 203 2569 haec
220 2515 399 2570 memoratu
415 2507 513 2591 digna
529 2518 611 2572 sunt.
646 2532 805 2595 nusquam
825 2510 996 2592 Homerus,
1021 2520 1055 2572 ut
1072 2532 1091 2572 a
1107 2509 1216 2572 verbis
1237 2507 1395 2571 iuvandi
1418 2517 1450 2570 et
1465 2530 1522 2571 no-

122 2610 234 2673 cendi
255 2611 417 2694 incipiam,
440 2608 475 2676 εδ
497 2612 628 2697 (κακῶς)
649 2620 764 2695 ποιεῖν,
789 2617 867 2698 δρᾶν
885 2639 957 2679 τινα
981 2614 1072 2695 dixit,
1093 2611 1126 2679 εδ
1146 2614 1250 2678 εἰπεῖν
1271 2622 1396 2675 tantum
1412 2637 1432 2676 υι
1448 2611 1521 2690 302,

121 2721 225 2792 κακῶς
247 2712 347 2800 ῥέζειν
367 2726 397 2802 ψ
419 2716 471 2797 56,
494 2715 529 2781 εὖ
550 2715 650 2803 ῥέζειν
672 2722 700 2782 Ε
721 2719 794 2801 650,
823 2718 881 2781 sed
908 2740 966 2804 pro
994 2718 1160 2781 adverbiis
1187 2717 1349 2780 adiectiva
1377 2715 1521 2798 adhibet,

123 2818 230 2902 qualia
261 2829 335 2883 sunt
365 2823 475 2901 κακόν,
513 2827 609 2903 κακά,
640 2824 829 2888 ἀτάσθαλον
857 2823 985 2903 similia3
1010 2822 1050 2886 cf.
1080 2822 1130 2885 La
1153 2820 1263 2886 Roche
1294 2820 1314 2883 l.
1344 2842 1370 2883 c.
1402 2823 1421 2900 ξ
1451 2818 1521 2882 108.

122 2932 221 3009 atque
247 2922 328 2987 haec
357 2928 551 2989 constructio
574 2926 684 2990 verbis
707 2926 806 3012 ῥέζειν
835 2924 966 3013 (ἔρδειν)
992 2938 1024 2991 61
1046 2928 1211 3015 μήδεοθοιι
1234 2927 1430 3004 continetur,
1462 2922 1524 2987 alia

124 3028 235 3110 verba,
252 3028 324 3091 dico
336 3036 452 3110 ποιεῖν,
466 3031 552 3114 δρᾶν,
564 3030 713 3115 ἐργάζειν,
726 3032 928 3117 ἐργάζεσθαι,
946 3054 1050 3116 neque
1064 3054 1138 3095 oum
1150 3030 1314 3094 adverbiis
1330 3050 1436 3113 neque
1450 3049 1523 3089 cum

123 3132 293 3197 adiectivis
314 3136 560 3218 coniunguntur.
593 3138 625 3199 in
642 3137 761 3220 elegeis
776 3145 885 3199 autem
906 3159 969 3200 non
986 3136 1087 3199 solum
1103 3134 1205 3222 ἕρδειν
1221 3133 1394 3221 (nusquam
1411 3132 1523 3218 ῥέζειν)

124 3238 252 3322 saepius
272 3238 399 3321 legitur,
420 3239 476 3303 sed
498 3242 595 3305 etiam
616 3242 702 3326 δρᾶν,
722 3248 839 3322 ποιεῖν,
860 3240 961 3324 λέγειν
981 3262 1084 3325 eaque
1105 3262 1234 3324 semper
1255 3260 1328 3301 cum
1349 3236 1523 3318 adverbiis,

122 3364 283 3426 nusquam
303 3364 379 3408 cum
399 3343 568 3407 adiectivis
589 3347 770 3408 coniuncta.
791 3345 847 3409 ‘ad
869 3345 955 3430 quod
972 3343 1258 3407 demonstrandum
1278 3342 1359 3405 haec
1376 3341 1525 3425 exempla

125 3445 302 3510 sufficiant:
326 3447 470 3531 Theogn.
495 3446 556 3512 105
579 3450 700 3528 δειλοὺς
723 3447 756 3514 εδ
777 3447 904 3535 ἕρδονυι
926 3453 1124 3537 μοιτοιιοτάτη
1148 3452 1238 3533 χάρις
1259 3445 1355 3527 ἐστίν,
1380 3448 1432 3509 cui
1455 3445 1525 3509 loco

124 3551 258 3633 simileS,
290 3574 364 3615 oum
390 3551 492 3638 ἕρδειν
519 3575 561 3616 ex
587 3553 695 3616 verbis
727 3553 790 3617 huc
817 3554 1041 3638 spectantibus
1074 3553 1168 3636 longe
1199 3553 1442 3616 usitatissimum
1470 3552 1525 3632 sit,

126 3656 217 3719 multi
238 3658 453 3741 reperiuntur,
478 3680 672 3743 quamquam
694 3681 732 3721 ea
755 3681 821 3722 vox
845 3655 1038 3743 compluries
1061 3658 1206 3720 absolute
1229 3664 1413 3741 usurpatur,
1438 3653 1527 3717 velut

125 3759 188 3826 Sol.
208 3762 258 3845 13,
275 3761 314 3824 67
337 3761 425 3824 6169
449 3759 786 3847 ἀλλ’όμὲνεδὲρδειν
804 3817 808 3827 .
828 3815 835 3828 .
854 3764 962 3851 „lurp
981 3763 1015 3828 δὲ
1031 3760 1339 3843 κακῶςὲρδοντι...
1364 3759 1524 3843 (Theogn.

125 3864 331 3951 18161189,
355 3867 411 3931 ubi
435 3868 548 3931 eadem
571 3879 770 3952 repetuntur,
794 3862 863 3932 ἀλλ’
880 3868 970 3951 ὁμὲν
989 3868 1167 3951 εὐδοκιμεῖν
1191 3865 1276 3949 ...,Ι
1297 3873 1341 3953 τῷ
1366 3864 1400 3929 δὲ
1423 3871 1527 3940 κακῶς

231 4096 251 4161 1)
269 4096 309 4148 cf.
327 4097 351 4145 A
369 4099 418 4145 221
438 4101 455 4161 ἡ
474 4094 499 4145 δ’
513 4095 694 4163 Οὔλυμπόνδε
713 4097 820 4161 βεβήκει
843 4102 870 4146 61
889 4097 955 4145 alios
974 4096 1046 4145 locos
1069 4096 1169 4145 similes
1188 4110 1204 4145 a
1222 4095 1263 4143 La
1281 4094 1383 4143 Rochio
1403 4096 1417 4154 5
1434 4095 1477 4154 45,
1495 4095 1525 4140 12

126 4188 275 4249 congestos.
315 4184 433 4233 Leutsch
460 4183 558 4233 Philol.
588 4185 718 4233 XXVIIII
744 4186 794 4233 515
828 4184 878 4233 hoc
910 4183 982 4243 loco,
1017 4184 1059 4231 cui
1091 4198 1151 4231 cnm
1178 4182 1243 4231 Hes,
1267 4181 1316 4244 Op.
1343 4183 1454 4244 197sqq.
1482 4180 1527 4228 καὶ

126 4270 187 4321 τότε
211 4269 246 4335 δὴ
265 4272 332 4338 πρὸς
350 4268 500 4337 Ὄλυμπον
528 4272 581 4321 ἀπὸ
604 4274 712 4338 χθονὸς
738 4269 895 4337 εὐρυοδείης
915 4272 1071 4335 Ιλευιιοΐσιν
1096 4270 1227 4336 φορέεσσι
1250 4269 1435 4335 καλυψαμένω
1453 4267 1526 4335 χρόιι

126 4360 211 4409 καλὸν
226 4361 230 4422 Ι
247 4360 396 4409 ἀθανάτων
413 4360 485 4425 μετὰ
504 4362 594 4427 φῦλον
616 4360 675 4410 ἴτον
693 4356 853 4427 προλιπόντ’
864 4358 1028 4425 ἀνθρώπους
1044 4358 1047 4421 Ι
1064 4355 1156 4412 Αἰδὼς
1174 4358 1220 4406 καὶ
1237 4358 1355 4421 Νέμεσις
1374 4370 1471 4419 magna
1488 4360 1527 4403 est

126 4446 281 4509 similitudo,
303 4444 454 4513 Οὔλυμπον
476 4454 529 4514 γῆν
547 4448 726 4514 προλιπόντες
749 4447 864 4497 scribere
884 4446 979 4507 voluit,
998 4460 1078 4509 quam
1097 4447 1255 4510 scripturam
1275 4446 1380 4493 codices
1399 4442 1527 4507 praebere

126 4532 195 4582 falso
213 4533 363 4595 contendit3
383 4534 415 4583 cf.
434 4534 540 4599 Ziegler
558 4534 670 4585 addend.
690 4552 714 4600 p.
735 4536 775 4584 77.
799 4539 918 4583 ceterum
938 4532 970 4581 de
989 4531 1079 4581 littera
1098 4548 1110 4581 ε
1129 4533 1157 4579 in
1176 4533 1349 4580 commissura
1367 4530 1527 4595 pentametri

128 4620 194 4669 elisa
213 4620 245 4669 cf.
265 4621 448 4687 Kuellenberg
466 4623 483 4672 1,
504 4639 525 4671 c.
545 4638 569 4687 p.
590 4624 631 4670 47.
