3392 5067
183 221 246 286 308

181 412 337 477 hocloco
360 412 507 498 inspecto
534 410 619 475 bene
649 410 827 495 intellegas,
860 434 957 498 quam
986 412 1082 476 facile
1113 416 1315 480 enuntiatum
1344 416 1516 484 relativum
1547 419 1583 480 in

182 517 451 601 interrogativum
474 513 565 579 abire
588 515 738 600 potuerit.
778 515 866 600 quod
889 514 1113 581 Windischius
1143 517 1238 582 dicit:
1272 519 1466 605 ‘Uebrigens
1494 521 1583 585 steht

181 622 226 685 im
254 619 471 705 regierenden
495 619 571 684 Sata
602 620 655 683 ein
680 619 828 683 Verbum
859 619 917 684 des
940 619 1088 685 Wissens
1118 621 1197 686 oder
1219 623 1386 704 Nennens,
1417 627 1469 689 nie
1496 649 1524 688 τ.
1542 625 1582 689 Β.

182 727 234 789 ein
256 724 404 789 Verbum
427 723 485 787 des
509 722 665 808 Fragens‚
696 723 764 788 und
787 724 872 787 nach
896 726 1001 788 einem
1028 725 1159 790 solchen
1182 726 1271 790 kann
1295 727 1353 791 der
1375 727 1582 794 bestimmter

180 829 386 894 austretende
408 828 607 892 Relativsatz
637 849 698 912 gar
720 827 811 892 nicht
833 827 1013 893 auffallend
1037 831 1126 909 sein'‚
1158 853 1259 896 unum
1280 831 1439 897 habemus
1461 834 1581 917 locum,

181 932 237 997 ubi
267 933 487 1016 interrogandi
516 930 654 996 verbum
686 932 865 1017 praecedit:
896 958 915 997 κ
940 933 1002 997 110
1029 929 1063 999 ἔκ
1085 927 1116 998 τ’
1134 934 1260 1021 ἐρέοντο
1279 938 1285 1020 Ι
1306 938 1390 1016 δ’ςτις
1416 933 1510 1005 τῶνδ’
1530 939 1581 1028 εἴη

179 1038 329 1120 βασιλεὺς
357 1036 413 1102 καὶ
441 1026 526 1102 οἶσιν
554 1039 700 1102 ἀνάσσοι.
740 1036 797 1101 sed
827 1037 855 1099 is
885 1037 973 1100 locus
1002 1037 1096 1101 valde
1125 1038 1244 1104 dubius
1272 1050 1329 1104 est.
1368 1041 1582 1107 Aristarchus

181 1144 311 1227 scripsit
332 1147 435 1208 τοῖσιν
458 1140 514 1224 (cf.
532 1139 631 1204 schol.
649 1136 860 1226 Ἀρίσταρχος
882 1141 937 1206 διὰ
959 1152 1017 1206 τοῦ
1038 1166 1057 1205 τ
1078 1140 1132 1207 καὶ
1155 1149 1259 1209 τοῖσιν
1281 1148 1415 1211 ἀνάσσοι
1435 1145 1508 1212 ἀντὶ
1522 1155 1583 1212 τοῦ

180 1245 301 1328 τίνων).
340 1266 423 1331 quae
453 1243 548 1308 lectio
572 1246 598 1307 si
621 1266 700 1309 vera
723 1255 781 1327 est,
812 1245 893 1309 illud
915 1250 1020 1310 τοῖσιν
1042 1268 1100 1331 pro
1129 1251 1318 1332 pronomine
1346 1251 1581 1334 interrogativo

185 1389 222 1397 —
236 1347 356 1417 τέοισιν
377 1357 589 1433 reposuerunt
604 1348 771 1413 Duentzer
786 1359 819 1412 et
833 1348 1004 1413 Nauckius
1021 1387 1060 1396 -
1078 1351 1306 1437 accipiendum
1327 1375 1397 1417 esse
1413 1375 1471 1438 pro
1488 1363 1580 1418 certo

179 1453 301 1536 habe03
324 1452 400 1532 σ1.ζ
423 1452 494 1516 119.
520 1474 633 1517 versus
657 1453 676 1518 d
700 1453 773 1538 740,
803 1475 867 1538 quo
897 1452 968 1518 loco
999 1454 1034 1532 δς
1063 1455 1097 1518 in
1120 1456 1370 1540 interrogatione
1394 1457 1580 1523 adhibitum

180 1581 250 1622 esse
266 1558 484 1623 Lammertius
507 1559 618 1620 statuit
640 1579 672 1642 p.
689 1557 740 1637 20,
765 1557 939 1642 explicatio
964 1580 1061 1644 quam
1083 1561 1223 1625 maxime
1244 1560 1344 1625 dubia
1365 1571 1427 1644 cst3
1451 1563 1580 1648 quade

180 1685 215 1728 re
238 1664 279 1728 cf.
295 1663 427 1728 Hentzii
449 1663 676 1747 appendicem.

283 1767 312 1831 E
341 1753 451 1853 lyricis
480 1788 565 1830 unus
594 1766 684 1830 locus
715 1776 841 1852 praesto
874 1777 922 1830 est
946 1767 1051 1833 Solon.
1071 1768 1121 1850 13,
1137 1767 1179 1832 65
1195 1791 1243 1854 sq.
1272 1769 1346 1836 οὐδέ
1366 1795 1416 1850 τις
1437 1763 1532 1852 οἶδεν,
1556 1769 1580 1862 ᾗ

178 1870 286 1956 μέλλει
307 1873 444 1960 σχήσειν.
468 1871 502 1933 in
525 1869 669 1953 Theogn.
686 1869 759 1950 586,
788 1870 845 1934 ubi
868 1872 955 1936 idem
978 1893 1092 1934 versus
1115 1872 1208 1957 redit,
1233 1873 1304 1938 cod.
1323 1873 1351 1935 A
1376 1883 1431 1962 πῇ,
1458 1875 1578 1961 reliqui

179 1982 242 2041 ποῖ
261 1974 425 2038 exhibent.
461 1973 539 2036 mihi
563 1973 693 2057 quidem
717 1975 786 2037 iure
809 1974 972 2059 Bergkius
995 1977 1028 2038 in
1052 1974 1177 2040 Solonis
1200 1977 1381 2061 fragmento
1405 1980 1578 2043 retinuisse

179 2080 309 2143 videtur
330 2073 360 2166 ᾗ.
400 2076 486 2162 quod
517 2077 559 2141 ad
589 2079 730 2161 tragicos
760 2078 894 2162 adtinet,
926 2087 961 2143 ut
983 2079 1185 2164 Aeschylum
1208 2079 1264 2166 (cf.
1285 2082 1393 2148 Prom.
1410 2083 1483 2169 914,
1500 2083 1577 2168 995,

179 2182 333 2265 Ag.416‚
352 2180 451 2267 1048)
482 2189 514 2244 et
543 2180 734 2266 Euripidem
766 2181 852 2267 (Alc.
875 2181 948 2262 651,
976 2182 1047 2267 Iph.
1069 2183 1106 2246 Τ.
1129 2184 1202 2266 755,
1234 2185 1320 2249 Μοδ.
1339 2186 1437 2271 1106)
1461 2189 1578 2251 missos

179 2287 309 2368 faciam,
332 2309 350 2348 e
374 2283 533 2369 Sophocle
556 2285 726 2349 nonnullos
749 2284 836 2350 locos
860 2285 1018 2350 Kuehner
1040 2288 1165 2368 adtulit,
1193 2289 1272 2353 alios
1295 2289 1402 2353 adfert
1424 2291 1579 2356 Wolffius

70 2450 73 2457 .
179 2390 221 2455 ad
238 2393 315 2455 Ant.
329 2389 393 2454 542
409 2384 453 2455 ὧν
467 2386 599 2473 τοῦργον
613 2384 731 2479 (Ἅιδης
745 2384 797 2473 χοί
811 2395 899 2456 κάτω
915 2389 1102 2476 ξυνίστορες.
1128 2415 1222 2477 quem
1239 2393 1345 2458 locum
1362 2395 1579 2460 Kuehnerum

181 2503 310 2559 secutus
327 2497 374 2558 sic
391 2494 532 2580 explicet
546 2494 676 2578 aliquis:
701 2496 757 2558 ‘sie
781 2495 853 2558 sind
870 2495 1043 2560 Mitwisser
1067 2496 1265 2582 derjenigen‚
1291 2498 1396 2563 denen
1420 2499 1472 2563 die
1488 2499 1579 2564 That

180 2599 361 2683 zugehdrt’3
385 2597 562 2664 Goebelius
586 2622 616 2684 p.
634 2597 675 2662 28
698 2603 824 2678 τούτοις
839 2609 947 2663 mente
964 2600 1216 2684 intellegendum
1232 2623 1302 2666 esse
1318 2611 1421 2688 putat.
1460 2603 1517 2667 sed
1535 2605 1581 2668 ad

179 2704 328 2767 Ismenae
352 2703 455 2768 verba
477 2706 535 2769 οὐκ
556 2705 747 2790 αἰσχύνομαι
769 2703 932 2788 ξύμπλουν
954 2705 1089 2792 ἐμαυτὴν
1104 2714 1161 2770 τοῦ
1176 2709 1307 2785 πάθους
1322 2705 1497 2796 ποιουμένη
1512 2730 1582 2772 non

179 2807 318 2872 decebat
340 2806 551 2894 respondere:
574 2809 620 2871 sie
643 2807 716 2872 sind
732 2806 906 2872 Mitwisser
929 2818 1001 2891 etc,
1026 2808 1082 2873 sed
1106 2810 1181 2874 hoc:
1207 2813 1262 2874 ‘sie
1286 2812 1402 2875 wissen
1418 2812 1486 2894 mit,
1510 2834 1582 2875 wer

180 2935 214 2976 es
242 2912 382 2996 gethan!
429 2921 542 2976 contra
568 2934 673 2997 neque
697 2911 778 2978 Oed.
800 2911 869 2978 Col.
890 2935 942 2978 vv.
966 2913 1050 2976 1274
1073 2923 1105 2976 et
1130 2913 1210 2978 1291
1240 2917 1273 2978 in
1295 2915 1383 2978 hunc
1405 2937 1580 2980 numerum

179 3017 318 3082 referam
334 3038 439 3102 neque
455 3017 488 3080 in
504 3015 586 3081 Oed.
603 3016 642 3080 R.
659 3038 689 3078 ν.
710 3015 792 3080 1068
815 3019 940 3103 μήποτε
956 3016 1069 3105 γνοίης,
1093 3017 1129 3097 ὃς
1150 3011 1180 3084 εἶ
1203 3017 1260 3104 (cf.
1278 3019 1377 3083 Arist.
1396 3019 1479 3084 Ach.
1495 3020 1579 3106 442)

179 3120 323 3206 suppleri
345 3142 440 3206 posse
463 3141 580 3203 negem
603 3123 639 3184 σὲ
662 3130 776 3186 τοῦτον
791 3121 878 3202 dno,
903 3120 938 3200 ὃς
953 3113 991 3206 εἰ,
1016 3121 1086 3186 coll.
1104 3121 1185 3187 Oed.
1204 3121 1239 3186 O.
1256 3123 1320 3187 556
1336 3123 1489 3211 δηλοῦτον
1502 3129 1581 3213 ἡμῖν

178 3222 252 3291 ὄνθ’
267 3224 303 3304 ὃς
324 3218 363 3291 εἶ.
402 3227 466 3288 iam
483 3222 678 3288 accedamus
693 3224 737 3289 ad
752 3225 804 3289 Ai.
824 3225 907 3289 1259
931 3232 967 3292 οὐ
983 3230 1110 3310 μαθών,
1134 3225 1169 3305 ὃς
1190 3219 1219 3292 εἶ
1242 3229 1338 3314 φύσιν
1360 3237 1392 3291 et
1407 3227 1489 3292 Oed.
1506 3228 1578 3292 Col.

183 3330 264 3392 1171
289 3325 385 3406 ἔξοιδ’
401 3331 523 3395 ἀκούων
537 3325 641 3410 τῶνδ’,
665 3330 700 3408 δς
714 3325 790 3394 ἐσθ’
805 3331 823 3396 δ
838 3335 1030 3419 προστάτης,
1055 3330 1111 3394 ubi
1128 3329 1163 3410 δς
1179 3333 1447 3415 significationem
1463 3355 1580 3417 prono-

178 3434 273 3497 minis
289 3423 356 3512 οἷος
371 3433 506 3497 induere
522 3431 680 3496 Kuehner
696 3433 870 3497 contendit.
881 3434 905 3519 ¹)
945 3435 1160 3498 concedamus
1177 3435 1314 3500 eandem
1334 3437 1367 3499 in
1387 3439 1579 3521 pronomine

179 3536 446 3620 significationem
475 3538 581 3599 inesse
612 3545 710 3622 atque
732 3539 766 3599 in
789 3536 889 3601 latino
914 3537 1052 3622 ‘qualis'2
1085 3561 1190 3602 nonne
1219 3529 1287 3617 οἷος
1319 3541 1425 3624 ipsum
1455 3539 1578 3604 talibus

176 3642 322 3705 locis-
349 3663 428 3727 quos
456 3642 564 3705 statim
591 3639 709 3704 multos
740 3640 887 3704 adferam
917 3681 959 3688 —
986 3643 1184 3726 pronominis
1215 3645 1437 3727 interrogativi
1468 3647 1578 3729 potius

178 3766 275 3830 quam
296 3744 425 3809 relativi
448 3747 536 3809 vices
559 3745 698 3831 gerit‘l²)
736 3747 782 3808 ita
804 3736 874 3824 οἷος
896 3755 928 3809 et
950 3746 1025 3825 δσος
1046 3747 1122 3811 inde
1142 3746 1184 3811 ab
1200 3747 1343 3812 Homero
1365 3757 1576 3832 usurpantur,

281 3989 302 4056 ¹)
322 3991 374 4052 Qui
392 3990 461 4040 haec
479 3993 517 4039 ait
534 3990 552 4039 l.
567 4006 602 4040 c:
622 3991 805 4056 ‘Keineswegs
823 3991 870 4040 hat
889 4005 917 4040 es
935 3991 1048 4040 alsdann
1068 3992 1111 4040 die
1123 3991 1285 4056 Bedeutung
1303 3992 1350 4041 der
1368 3993 1578 4057 Interrogativa,

177 4078 293 4127 sondern
311 4079 354 4127 die
373 4077 420 4126 des
437 4077 570 4126 relativen
589 4071 663 4133 οῖος.’
700 4078 792 4127 eadem
812 4078 868 4126 fere
887 4077 968 4126 habet
986 4079 1151 4142 Bernhardy,
1171 4077 1333 4127 Wisscnsch.
1347 4077 1421 4142 Synt.
1436 4077 1459 4126 d.
1474 4078 1578 4144 griech.

177 4163 302 4228 Sprache,
320 4180 344 4229 p.
358 4165 421 4212 291:
446 4164 643 4229 ‘Erwaehnung
655 4165 777 4214 verdient
794 4165 841 4214 der
859 4164 1005 4214 classische
1019 4164 1167 4227 Gebrauch,
1187 4165 1233 4214 der
1251 4163 1436 4229 gewoehnlich
1449 4164 1498 4214 auf
1508 4164 1577 4214 Ver-

177 4250 354 4301 wandtschaft
372 4253 420 4300 mit
439 4255 479 4306 τίς
496 4251 624 4317 gedeutet
635 4251 708 4315 wird,
727 4252 761 4301 da
779 4253 847 4302 doch
866 4253 913 4301 der
926 4251 992 4302 sinn
1006 4252 1069 4301 cher
1087 4267 1122 4301 an
1141 4246 1198 4308 οἷος
1216 4253 1325 4317 grcnzt’.
1357 4252 1435 4318 plura
1452 4251 1580 4318 exempla

176 4338 279 4388 dabunt
297 4336 442 4388 Goebelius
460 4354 485 4402 p.
499 4341 529 4386 31
551 4344 579 4387 et
596 4337 764 4388 Roehrekius
783 4356 807 4404 p.
824 4341 862 4389 12.
1394 4339 1398 4347 '

281 4424 302 4489 ²)
326 4425 403 4486 Quod
428 4425 543 4489 quodam
566 4425 643 4474 modo
666 4426 794 4475 Kuehner
816 4428 917 4475 sentire
939 4425 1054 4488 videtur,
1077 4427 1123 4490 qui
1147 4425 1283 4474 nonnullis
1306 4425 1372 4474 locis
1396 4426 1517 4475 tractatis
1537 4427 1578 4474 sic

177 4511 277 4576 pergit:
297 4511 355 4560 ‘Mit
367 4511 521 4560 Ausnahme
534 4512 621 4560 dieses
634 4511 804 4561 Gebrauches
816 4513 882 4562 wird
901 4512 947 4561 das
960 4513 1070 4562 Relativ
1088 4512 1214 4575 nirgends
1233 4514 1261 4560 in
1274 4511 1462 4576 abhaengigen
1474 4511 1576 4576 Frage·

89 4628 91 4633 .
177 4602 285 4645 saetzen
304 4596 469 4660 gebraucht'.
489 4597 648 4647 Goebelium
667 4613 757 4646 secum
776 4613 830 4646 non
850 4605 971 4649 constare
986 4598 1030 4662 (cf.
1044 4616 1069 4663 p.
1083 4601 1113 4646 31
1130 4604 1156 4646 et
1167 4599 1213 4662 ’34)
1227 4599 1352 4648 Karlowa
1364 4598 1402 4663 (p.
1417 4597 1459 4663 15)
1471 4604 1577 4659 monet,
