<?xml version="1.0" encoding="UTF-8"?>
<!DOCTYPE html PUBLIC "-//W3C//DTD XHTML 1.0 Transitional//EN"
    "http://www.w3.org/TR/xhtml1/DTD/xhtml1-transitional.dtd">
<html xmlns="http://www.w3.org/1999/xhtml" xml:lang="en" lang="en">
 <head>
  <title>
</title>
<meta http-equiv="Content-Type" content="text/html;charset=utf-8" />
  <meta name='ocr-system' content='tesseract 3.04.00' />
  <meta name='ocr-capabilities' content='ocr_page ocr_carea ocr_par ocr_line ocrx_word'/>
</head>
<body>
  <div class='ocr_page' id='page_1' title='image "./dissertationesp04wiengoog_0305.png"; bbox 0 0 3392 5067; ppageno 0'>
   <div class='ocr_carea' id='block_1_1' title="bbox 172 257 237 324">
    <p class='ocr_par' dir='ltr' id='par_1_1' title="bbox 172 257 237 324">
     <span class='ocr_line' id='line_1_1' title="bbox 172 257 237 324; baseline 0.015 -1"><span class='ocrx_word' id='word_1_1' title='bbox 172 257 237 324; x_wconf 99' lang='grc'>294</span> 
     </span>
    </p>
   </div>
   <div class='ocr_carea' id='block_1_2' title="bbox 172 425 1573 2297">
    <p class='ocr_par' dir='ltr' id='par_1_2' title="bbox 172 425 1571 844">
     <span class='ocr_line' id='line_1_2' title="bbox 173 425 1570 531; baseline -0.004 -19"><span class='ocrx_word' id='word_1_2' title='bbox 173 449 233 512; x_wconf 91' lang='grc' dir='ltr'>Ι4</span> <span class='ocrx_word' id='word_1_3' title='bbox 262 485 304 495; x_wconf 91' lang='grc'>-</span> <span class='ocrx_word' id='word_1_4' title='bbox 334 472 388 531; x_wconf 87' lang='grc' dir='ltr'>μιν</span> <span class='ocrx_word' id='word_1_5' title='bbox 410 446 593 531; x_wconf 76' lang='lat' dir='ltr'>reposuisse</span> <span class='ocrx_word' id='word_1_6' title='bbox 617 441 755 526; x_wconf 83' lang='lat' dir='ltr'>videtur,</span> <span class='ocrx_word' id='word_1_7' title='bbox 786 443 821 504; x_wconf 89' lang='lat' dir='ltr'>in</span> <span class='ocrx_word' id='word_1_8' title='bbox 844 463 876 504; x_wconf 79' lang='lat' dir='ltr'>v,</span> <span class='ocrx_word' id='word_1_9' title='bbox 895 425 977 503; x_wconf 89' lang='grc'>1328</span> <span class='ocrx_word' id='word_1_10' title='bbox 1002 439 1182 504; x_wconf 77' lang='lat' dir='ltr'><strong>Schneider</strong></span> <span class='ocrx_word' id='word_1_11' title='bbox 1205 436 1245 505; x_wconf 84' lang='lat' dir='ltr'>cd</span> <span class='ocrx_word' id='word_1_12' title='bbox 1267 463 1321 524; x_wconf 86' lang='grc' dir='ltr'>μιν</span> <span class='ocrx_word' id='word_1_13' title='bbox 1342 462 1402 525; x_wconf 93' lang='lat' dir='ltr'>pro</span> <span class='ocrx_word' id='word_1_14' title='bbox 1424 444 1535 526; x_wconf 70' lang='grc' dir='ltr'><em>ἄμμιν.</em></span> <span class='ocrx_word' id='word_1_15' title='bbox 1547 443 1570 528; x_wconf 88' lang='lat'>¹)</span> 
     </span>
     <span class='ocr_line' id='line_1_3' title="bbox 173 541 1571 636; baseline -0.004 -22"><span class='ocrx_word' id='word_1_16' title='bbox 173 573 302 636; x_wconf 89' lang='lat' dir='ltr'>semper</span> <span class='ocrx_word' id='word_1_17' title='bbox 324 551 613 614; x_wconf 85' lang='lat' dir='ltr'>demonstrativum</span> <span class='ocrx_word' id='word_1_18' title='bbox 631 555 693 610; x_wconf 87' lang='lat' dir='ltr'>est.</span> <span class='ocrx_word' id='word_1_19' title='bbox 732 542 879 609; x_wconf 83' lang='lat' dir='ltr'>abundat</span> <span class='ocrx_word' id='word_1_20' title='bbox 901 545 935 607; x_wconf 91' lang='lat' dir='ltr'>in</span> <span class='ocrx_word' id='word_1_21' title='bbox 954 565 1008 608; x_wconf 80' lang='lat' dir='ltr'>vv.</span> <span class='ocrx_word' id='word_1_22' title='bbox 1027 541 1089 606; x_wconf 84' lang='lat'>938</span> <span class='ocrx_word' id='word_1_23' title='bbox 1112 545 1129 626; x_wconf 86' lang='lat'><em>(</em></span> <span class='ocrx_word' id='word_1_24' title='bbox 1127 568 1182 628; x_wconf 87' lang='grc' dir='ltr'>μιν</span> <span class='ocrx_word' id='word_1_25' title='bbox 1199 594 1204 607; x_wconf 94' lang='grc'><strong>.</strong></span> <span class='ocrx_word' id='word_1_26' title='bbox 1223 594 1230 608; x_wconf 92' lang='grc'><strong>.</strong></span> <span class='ocrx_word' id='word_1_27' title='bbox 1247 541 1460 631; x_wconf 80' lang='grc' dir='ltr'><em>Ἀχρατέρην),</em></span> <span class='ocrx_word' id='word_1_28' title='bbox 1487 545 1571 608; x_wconf 90' lang='grc'>1174</span> 
     </span>
     <span class='ocr_line' id='line_1_4' title="bbox 175 646 1570 741; baseline -0.006 -21"><span class='ocrx_word' id='word_1_29' title='bbox 175 656 243 741; x_wconf 83' lang='grc' dir='ltr'><em>(μιν</em></span> <span class='ocrx_word' id='word_1_30' title='bbox 259 708 266 721; x_wconf 85' lang='grc'><strong>.</strong></span> <span class='ocrx_word' id='word_1_31' title='bbox 285 706 291 718; x_wconf 94' lang='grc'><strong><em>.</em></strong></span> <span class='ocrx_word' id='word_1_32' title='bbox 308 654 482 740; x_wconf 79' lang='grc' dir='ltr'><em>Μήδειαν),</em></span> <span class='ocrx_word' id='word_1_33' title='bbox 509 652 591 714; x_wconf 88' lang='grc'>1194</span> <span class='ocrx_word' id='word_1_34' title='bbox 615 650 707 736; x_wconf 81' lang='grc' dir='ltr'><em>(μιν.</em></span> <span class='ocrx_word' id='word_1_35' title='bbox 726 649 894 735; x_wconf 87' lang='grc' dir='ltr'><em>.κούρην),·</em></span> <span class='ocrx_word' id='word_1_36' title='bbox 918 649 959 710; x_wconf 85' lang='lat' dir='ltr'>cf.</span> <span class='ocrx_word' id='word_1_37' title='bbox 983 646 1070 711; x_wconf 90' lang='lat' dir='ltr'>locos</span> <span class='ocrx_word' id='word_1_38' title='bbox 1092 647 1274 712; x_wconf 84' lang='lat' dir='ltr'>homericos</span> <span class='ocrx_word' id='word_1_39' title='bbox 1297 647 1339 712; x_wconf 90' lang='lat' dir='ltr'>ab</span> <span class='ocrx_word' id='word_1_40' title='bbox 1361 648 1504 713; x_wconf 86' lang='lat' dir='ltr'>Ameisio</span> <span class='ocrx_word' id='word_1_41' title='bbox 1527 649 1570 712; x_wconf 87' lang='lat' dir='ltr'>ad</span> 
     </span>
     <span class='ocr_line' id='line_1_5' title="bbox 172 759 470 844; baseline -0.007 -21"><span class='ocrx_word' id='word_1_42' title='bbox 172 760 190 840; x_wconf 88' lang='grc' dir='ltr'>ζ</span> <span class='ocrx_word' id='word_1_43' title='bbox 212 760 255 823; x_wconf 90' lang='grc'>48</span> <span class='ocrx_word' id='word_1_44' title='bbox 278 759 470 844; x_wconf 86' lang='lat' dir='ltr'>adscriptos.</span> 
     </span>
    </p>

    <p class='ocr_par' dir='ltr' id='par_1_3' title="bbox 172 851 1573 2297">
     <span class='ocr_line' id='line_1_6' title="bbox 276 851 1572 943; baseline -0.005 -17"><span class='ocrx_word' id='word_1_45' title='bbox 276 863 315 926; x_wconf 92' lang='lat' dir='ltr'>In</span> <span class='ocrx_word' id='word_1_46' title='bbox 338 885 391 927; x_wconf 89' lang='lat' dir='ltr'>vv.</span> <span class='ocrx_word' id='word_1_47' title='bbox 414 862 487 943; x_wconf 84' lang='lat'><strong>938,</strong></span> <span class='ocrx_word' id='word_1_48' title='bbox 511 861 604 942; x_wconf 84' lang='lat'><strong>1174,</strong></span> <span class='ocrx_word' id='word_1_49' title='bbox 628 859 712 922; x_wconf 88' lang='grc'>1194</span> <span class='ocrx_word' id='word_1_50' title='bbox 736 859 942 922; x_wconf 90' lang='lat' dir='ltr'>Hermannus</span> <span class='ocrx_word' id='word_1_51' title='bbox 971 857 1116 941; x_wconf 75' lang='lat' dir='ltr'>reposuit</span> <span class='ocrx_word' id='word_1_52' title='bbox 1146 851 1188 936; x_wconf 79' lang='lat' dir='ltr'>oi,</span> <span class='ocrx_word' id='word_1_53' title='bbox 1220 855 1260 920; x_wconf 86' lang='lat' dir='ltr'>de</span> <span class='ocrx_word' id='word_1_54' title='bbox 1291 880 1354 941; x_wconf 88' lang='lat' dir='ltr'>qua</span> <span class='ocrx_word' id='word_1_55' title='bbox 1386 858 1572 922; x_wconf 89' lang='lat' dir='ltr'>coniectura</span> 
     </span>
     <span class='ocr_line' id='line_1_7' title="bbox 172 960 1571 1053; baseline -0.003 -23"><span class='ocrx_word' id='word_1_56' title='bbox 172 970 242 1052; x_wconf 89' lang='lat' dir='ltr'>ipse</span> <span class='ocrx_word' id='word_1_57' title='bbox 273 975 385 1053; x_wconf 90' lang='lat' dir='ltr'>postea</span> <span class='ocrx_word' id='word_1_58' title='bbox 416 966 460 1052; x_wconf 88' lang='lat' dir='ltr'>(p.</span> <span class='ocrx_word' id='word_1_59' title='bbox 489 964 566 1050; x_wconf 85' lang='lat'><strong>793)</strong></span> <span class='ocrx_word' id='word_1_60' title='bbox 598 962 769 1028; x_wconf 88' lang='lat' dir='ltr'>dubitavit.</span> <span class='ocrx_word' id='word_1_61' title='bbox 817 962 858 1024; x_wconf 85' lang='lat' dir='ltr'>d&#39;c</span> <span class='ocrx_word' id='word_1_62' title='bbox 889 983 919 1023; x_wconf 87' lang='lat' dir='ltr'>v.</span> <span class='ocrx_word' id='word_1_63' title='bbox 945 960 1005 1023; x_wconf 98' lang='lat'><strong>731</strong></span> <span class='ocrx_word' id='word_1_64' title='bbox 1041 962 1203 1024; x_wconf 89' lang='lat' dir='ltr'>sententia</span> <span class='ocrx_word' id='word_1_65' title='bbox 1233 961 1311 1023; x_wconf 91' lang='lat' dir='ltr'>mihi</span> <span class='ocrx_word' id='word_1_66' title='bbox 1340 983 1405 1024; x_wconf 90' lang='lat' dir='ltr'>non</span> <span class='ocrx_word' id='word_1_67' title='bbox 1436 971 1571 1026; x_wconf 90' lang='lat' dir='ltr'>constat.</span> 
     </span>
     <span class='ocr_line' id='line_1_8' title="bbox 172 1058 1571 1155; baseline -0.002 -21"><span class='ocrx_word' id='word_1_68' title='bbox 172 1072 381 1134; x_wconf 86' lang='lat' dir='ltr'>Hermaunus</span> <span class='ocrx_word' id='word_1_69' title='bbox 404 1092 463 1155; x_wconf 89' lang='lat' dir='ltr'>pro</span> <span class='ocrx_word' id='word_1_70' title='bbox 486 1069 634 1132; x_wconf 89' lang='lat' dir='ltr'>codicum</span> <span class='ocrx_word' id='word_1_71' title='bbox 658 1068 819 1152; x_wconf 90' lang='lat' dir='ltr'>scriptura</span> <span class='ocrx_word' id='word_1_72' title='bbox 845 1064 882 1129; x_wconf 84' lang='grc' dir='ltr'>ὃν</span> <span class='ocrx_word' id='word_1_73' title='bbox 910 1065 948 1150; x_wconf 82' lang='grc' dir='ltr'>δὴ</span> <span class='ocrx_word' id='word_1_74' title='bbox 971 1061 1172 1147; x_wconf 89' lang='grc' dir='ltr'><em>Καλλίχορόν</em></span> <span class='ocrx_word' id='word_1_75' title='bbox 1194 1088 1248 1146; x_wconf 89' lang='grc' dir='ltr'>μιν</span> <span class='ocrx_word' id='word_1_76' title='bbox 1269 1064 1436 1147; x_wconf 77' lang='grc' dir='ltr'><em>ἐπώνυμόν</em></span> <span class='ocrx_word' id='word_1_77' title='bbox 1458 1058 1491 1131; x_wconf 77' lang='grc' dir='ltr'>οἱ</span> <span class='ocrx_word' id='word_1_78' title='bbox 1512 1090 1571 1131; x_wconf 85' lang='grc' dir='ltr'>κα·</span> 
     </span>
     <span class='ocr_line' id='line_1_9' title="bbox 172 1165 1573 1259; baseline -0.005 -18"><span class='ocrx_word' id='word_1_79' title='bbox 172 1172 298 1241; x_wconf 82' lang='grc' dir='ltr'><strong><em>λέουσιν</em></strong></span> <span class='ocrx_word' id='word_1_80' title='bbox 326 1174 415 1238; x_wconf 92' lang='lat' dir='ltr'>dedit</span> <span class='ocrx_word' id='word_1_81' title='bbox 437 1173 473 1238; x_wconf 84' lang='grc' dir='ltr'>ὃν</span> <span class='ocrx_word' id='word_1_82' title='bbox 496 1174 534 1259; x_wconf 78' lang='grc' dir='ltr'>ὃν)</span> <span class='ocrx_word' id='word_1_83' title='bbox 559 1168 758 1253; x_wconf 75' lang='grc' dir='ltr'><em>Καλλίχορον</em></span> <span class='ocrx_word' id='word_1_84' title='bbox 784 1165 816 1235; x_wconf 76' lang='grc' dir='ltr'>οἱ</span> <span class='ocrx_word' id='word_1_85' title='bbox 842 1165 1026 1254; x_wconf 79' lang='grc' dir='ltr'><em>ἐπωνυμίην</em></span> <span class='ocrx_word' id='word_1_86' title='bbox 1047 1166 1224 1233; x_wconf 84' lang='grc' dir='ltr'><em>καλέουσιν.</em></span> <span class='ocrx_word' id='word_1_87' title='bbox 1270 1177 1367 1253; x_wconf 89' lang='lat' dir='ltr'>atque</span> <span class='ocrx_word' id='word_1_88' title='bbox 1390 1166 1573 1258; x_wconf 76' lang='grc' dir='ltr'><em>ἐπωνυμίην</em></span> 
     </span>
     <span class='ocr_line' id='line_1_10' title="bbox 173 1269 1571 1363; baseline -0.002 -22"><span class='ocrx_word' id='word_1_89' title='bbox 173 1272 418 1342; x_wconf 84' lang='lat' dir='ltr'>commendatur</span> <span class='ocrx_word' id='word_1_90' title='bbox 440 1276 603 1363; x_wconf 84' lang='lat' dir='ltr'>Apollonii</span> <span class='ocrx_word' id='word_1_91' title='bbox 630 1275 701 1340; x_wconf 90' lang='lat' dir='ltr'>loco</span> <span class='ocrx_word' id='word_1_92' title='bbox 731 1274 764 1337; x_wconf 95' lang='grc' dir='ltr'>ΙΙ</span> <span class='ocrx_word' id='word_1_93' title='bbox 787 1273 851 1337; x_wconf 87' lang='grc'>909</span> <span class='ocrx_word' id='word_1_94' title='bbox 881 1271 916 1349; x_wconf 82' lang='grc' dir='ltr'>ἐξ</span> <span class='ocrx_word' id='word_1_95' title='bbox 945 1269 983 1338; x_wconf 81' lang='grc' dir='ltr'>οὗ</span> <span class='ocrx_word' id='word_1_96' title='bbox 1005 1269 1206 1356; x_wconf 80' lang='grc' dir='ltr'><em>Καλλίχορον</em></span> <span class='ocrx_word' id='word_1_97' title='bbox 1236 1276 1383 1357; x_wconf 79' lang='grc' dir='ltr'><em>ποταμὸν</em></span> <span class='ocrx_word' id='word_1_98' title='bbox 1409 1297 1571 1359; x_wconf 85' lang='grc' dir='ltr'><em>περιναιε·</em></span> 
     </span>
     <span class='ocr_line' id='line_1_11' title="bbox 172 1374 1570 1470; baseline -0.004 -25"><span class='ocrx_word' id='word_1_99' title='bbox 172 1385 301 1460; x_wconf 84' lang='grc' dir='ltr'><em>ιάονιες</em></span> <span class='ocrx_word' id='word_1_100' title='bbox 321 1382 324 1466; x_wconf 77' lang='lat' dir='ltr'>l</span> <span class='ocrx_word' id='word_1_101' title='bbox 343 1383 400 1470; x_wconf 77' lang='grc' dir='ltr'>ἠδὲ</span> <span class='ocrx_word' id='word_1_102' title='bbox 422 1380 477 1447; x_wconf 85' lang='grc' dir='ltr'>καί</span> <span class='ocrx_word' id='word_1_103' title='bbox 500 1378 627 1446; x_wconf 85' lang='grc' dir='ltr'><em>Αὐλίον</em></span> <span class='ocrx_word' id='word_1_104' title='bbox 649 1381 761 1465; x_wconf 75' lang='grc' dir='ltr'><em>ὀίνιρυν</em></span> <span class='ocrx_word' id='word_1_105' title='bbox 783 1375 965 1466; x_wconf 78' lang='grc' dir='ltr'><em>ἐπωνυμίην</em></span> <span class='ocrx_word' id='word_1_106' title='bbox 991 1374 1165 1442; x_wconf 77' lang='grc' dir='ltr'><em>καλέουσιν,</em></span> <span class='ocrx_word' id='word_1_107' title='bbox 1211 1377 1270 1440; x_wconf 89' lang='lat' dir='ltr'>sed</span> <span class='ocrx_word' id='word_1_108' title='bbox 1293 1377 1435 1441; x_wconf 86' lang='lat' dir='ltr'>Rzachio</span> <span class='ocrx_word' id='word_1_109' title='bbox 1463 1377 1570 1462; x_wconf 84' lang='lat' dir='ltr'>(Neue</span> 
     </span>
     <span class='ocr_line' id='line_1_12' title="bbox 173 1475 1571 1572; baseline 0 -24"><span class='ocrx_word' id='word_1_110' title='bbox 173 1487 344 1569; x_wconf 86' lang='lat' dir='ltr'>Beitraege</span> <span class='ocrx_word' id='word_1_111' title='bbox 364 1508 395 1570; x_wconf 93' lang='lat' dir='ltr'>p.</span> <span class='ocrx_word' id='word_1_112' title='bbox 413 1484 491 1572; x_wconf 87' lang='lat'><strong>371)</strong></span> <span class='ocrx_word' id='word_1_113' title='bbox 516 1483 666 1568; x_wconf 89' lang='lat' dir='ltr'>displicet</span> <span class='ocrx_word' id='word_1_114' title='bbox 688 1481 816 1566; x_wconf 81' lang='lat' dir='ltr'>syllaba</span> <span class='ocrx_word' id='word_1_115' title='bbox 837 1481 942 1546; x_wconf 87' lang='lat' dir='ltr'>finalis</span> <span class='ocrx_word' id='word_1_116' title='bbox 966 1481 1160 1545; x_wconf 83' lang='lat' dir='ltr'>substantivi</span> <span class='ocrx_word' id='word_1_117' title='bbox 1185 1475 1415 1566; x_wconf 81' lang='grc' dir='ltr'><em>(Καλλίχορον)</em></span> <span class='ocrx_word' id='word_1_118' title='bbox 1440 1490 1515 1544; x_wconf 88' lang='lat' dir='ltr'>ante</span> <span class='ocrx_word' id='word_1_119' title='bbox 1538 1477 1571 1547; x_wconf 78' lang='grc' dir='ltr'>οἱ</span> 
     </span>
     <span class='ocr_line' id='line_1_13' title="bbox 172 1584 1567 1675; baseline -0.004 -21"><span class='ocrx_word' id='word_1_120' title='bbox 172 1588 340 1675; x_wconf 85' lang='lat' dir='ltr'>producta,</span> <span class='ocrx_word' id='word_1_121' title='bbox 373 1591 463 1653; x_wconf 90' lang='lat' dir='ltr'>cuius</span> <span class='ocrx_word' id='word_1_122' title='bbox 486 1591 533 1651; x_wconf 90' lang='lat' dir='ltr'>rei</span> <span class='ocrx_word' id='word_1_123' title='bbox 557 1586 743 1672; x_wconf 86' lang='lat' dir='ltr'>exemplum</span> <span class='ocrx_word' id='word_1_124' title='bbox 765 1585 854 1670; x_wconf 89' lang='lat' dir='ltr'>apud</span> <span class='ocrx_word' id='word_1_125' title='bbox 877 1587 1071 1670; x_wconf 84' lang='lat' dir='ltr'>posteriores</span> <span class='ocrx_word' id='word_1_126' title='bbox 1094 1586 1203 1670; x_wconf 88' lang='lat' dir='ltr'>epicos</span> <span class='ocrx_word' id='word_1_127' title='bbox 1227 1584 1351 1648; x_wconf 90' lang='lat' dir='ltr'>nullum</span> <span class='ocrx_word' id='word_1_128' title='bbox 1373 1587 1567 1649; x_wconf 86' lang='lat' dir='ltr'>inveniatur.</span> 
     </span>
     <span class='ocr_line' id='line_1_14' title="bbox 173 1686 1571 1779; baseline -0.003 -23"><span class='ocrx_word' id='word_1_129' title='bbox 173 1694 281 1779; x_wconf 87' lang='lat' dir='ltr'>placet</span> <span class='ocrx_word' id='word_1_130' title='bbox 303 1694 342 1774; x_wconf 87' lang='lat' dir='ltr'>ei,</span> <span class='ocrx_word' id='word_1_131' title='bbox 374 1693 460 1778; x_wconf 93' lang='lat' dir='ltr'>quod</span> <span class='ocrx_word' id='word_1_132' title='bbox 483 1695 591 1773; x_wconf 83' lang='lat' dir='ltr'>miror,</span> <span class='ocrx_word' id='word_1_133' title='bbox 623 1690 761 1754; x_wconf 79' lang='lat' dir='ltr'>Gesneri</span> <span class='ocrx_word' id='word_1_134' title='bbox 786 1691 973 1754; x_wconf 89' lang='lat' dir='ltr'>coniectura</span> <span class='ocrx_word' id='word_1_135' title='bbox 995 1686 1065 1754; x_wconf 77' lang='grc' dir='ltr'><em>κατ’</em></span> <span class='ocrx_word' id='word_1_136' title='bbox 1080 1686 1262 1777; x_wconf 79' lang='grc' dir='ltr'><em>ἐπωνυμίην</em></span> <span class='ocrx_word' id='word_1_137' title='bbox 1284 1710 1323 1752; x_wconf 88' lang='lat' dir='ltr'>ac</span> <span class='ocrx_word' id='word_1_138' title='bbox 1346 1691 1449 1773; x_wconf 86' lang='lat' dir='ltr'>magis</span> <span class='ocrx_word' id='word_1_139' title='bbox 1473 1691 1571 1752; x_wconf 89' lang='lat' dir='ltr'>etiam</span> 
     </span>
     <span class='ocr_line' id='line_1_15' title="bbox 173 1793 1571 1879; baseline -0.002 -20"><span class='ocrx_word' id='word_1_140' title='bbox 173 1797 359 1861; x_wconf 85' lang='lat' dir='ltr'>Ruhnkenii</span> <span class='ocrx_word' id='word_1_141' title='bbox 389 1797 548 1860; x_wconf 88' lang='lat' dir='ltr'>sententia</span> <span class='ocrx_word' id='word_1_142' title='bbox 578 1818 632 1861; x_wconf 90' lang='lat' dir='ltr'>vv.</span> <span class='ocrx_word' id='word_1_143' title='bbox 658 1795 718 1858; x_wconf 90' lang='lat'><strong>731</strong></span> <span class='ocrx_word' id='word_1_144' title='bbox 742 1817 789 1879; x_wconf 91' lang='lat' dir='ltr'>sq.</span> <span class='ocrx_word' id='word_1_145' title='bbox 835 1793 878 1858; x_wconf 89' lang='lat' dir='ltr'>ab</span> <span class='ocrx_word' id='word_1_146' title='bbox 909 1793 1136 1878; x_wconf 85' lang='lat' dir='ltr'>interpolatore</span> <span class='ocrx_word' id='word_1_147' title='bbox 1167 1815 1238 1858; x_wconf 88' lang='lat' dir='ltr'>esse</span> <span class='ocrx_word' id='word_1_148' title='bbox 1270 1795 1441 1878; x_wconf 86' lang='lat' dir='ltr'>profectos,</span> <span class='ocrx_word' id='word_1_149' title='bbox 1474 1815 1571 1878; x_wconf 91' lang='lat' dir='ltr'>quam</span> 
     </span>
     <span class='ocr_line' id='line_1_16' title="bbox 172 1897 1573 1982; baseline -0.002 -17"><span class='ocrx_word' id='word_1_150' title='bbox 172 1903 329 1966; x_wconf 86' lang='lat' dir='ltr'>refutasse</span> <span class='ocrx_word' id='word_1_151' title='bbox 359 1900 438 1964; x_wconf 90' lang='lat' dir='ltr'>mihi</span> <span class='ocrx_word' id='word_1_152' title='bbox 468 1899 599 1964; x_wconf 86' lang='lat' dir='ltr'>videtur</span> <span class='ocrx_word' id='word_1_153' title='bbox 623 1898 812 1964; x_wconf 85' lang='lat' dir='ltr'>Schneider.</span> <span class='ocrx_word' id='word_1_154' title='bbox 858 1898 1066 1961; x_wconf 90' lang='lat' dir='ltr'>Hermannus</span> <span class='ocrx_word' id='word_1_155' title='bbox 1097 1900 1166 1982; x_wconf 90' lang='lat' dir='ltr'>ipse</span> <span class='ocrx_word' id='word_1_156' title='bbox 1190 1921 1221 1982; x_wconf 88' lang='lat' dir='ltr'>p.</span> <span class='ocrx_word' id='word_1_157' title='bbox 1239 1897 1316 1962; x_wconf 86' lang='lat'><strong>793:</strong></span> <span class='ocrx_word' id='word_1_158' title='bbox 1346 1898 1502 1962; x_wconf 80' lang='lat' dir='ltr'>‘sortasse&#39;</span> <span class='ocrx_word' id='word_1_159' title='bbox 1527 1901 1573 1962; x_wconf 87' lang='lat' dir='ltr'>ait</span> 
     </span>
     <span class='ocr_line' id='line_1_17' title="bbox 174 2001 1570 2089; baseline -0.001 -21"><span class='ocrx_word' id='word_1_160' title='bbox 174 2006 315 2068; x_wconf 84' lang='lat' dir='ltr'>‘servare</span> <span class='ocrx_word' id='word_1_161' title='bbox 341 2003 502 2068; x_wconf 84' lang='lat' dir='ltr'>debebam</span> <span class='ocrx_word' id='word_1_162' title='bbox 524 2003 599 2089; x_wconf 79' lang='grc' dir='ltr'><em>μίν’.</em></span> <span class='ocrx_word' id='word_1_163' title='bbox 624 2004 662 2066; x_wconf 91' lang='lat' dir='ltr'>iis</span> <span class='ocrx_word' id='word_1_164' title='bbox 685 2003 773 2082; x_wconf 88' lang='lat' dir='ltr'>locis,</span> <span class='ocrx_word' id='word_1_165' title='bbox 797 2002 854 2066; x_wconf 93' lang='lat' dir='ltr'>ubi</span> <span class='ocrx_word' id='word_1_166' title='bbox 877 2005 973 2080; x_wconf 80' lang='grc' dir='ltr'><em>αὐτὸς</em></span> <span class='ocrx_word' id='word_1_167' title='bbox 995 2001 1130 2066; x_wconf 87' lang='lat' dir='ltr'>relativo</span> <span class='ocrx_word' id='word_1_168' title='bbox 1154 2003 1360 2086; x_wconf 84' lang='lat' dir='ltr'>subiungitur</span> <span class='ocrx_word' id='word_1_169' title='bbox 1382 2003 1438 2087; x_wconf 74' lang='lat' dir='ltr'>(cf.</span> <span class='ocrx_word' id='word_1_170' title='bbox 1456 2003 1570 2067; x_wconf 90' lang='lat' dir='ltr'>Herm.</span> 
     </span>
     <span class='ocr_line' id='line_1_18' title="bbox 173 2107 1572 2194; baseline -0.001 -21"><span class='ocrx_word' id='word_1_171' title='bbox 173 2111 216 2173; x_wconf 91' lang='lat' dir='ltr'>ad</span> <span class='ocrx_word' id='word_1_172' title='bbox 240 2110 350 2193; x_wconf 86' lang='lat' dir='ltr'>Viger.</span> <span class='ocrx_word' id='word_1_173' title='bbox 369 2131 399 2194; x_wconf 90' lang='lat' dir='ltr'>p.</span> <span class='ocrx_word' id='word_1_174' title='bbox 419 2108 507 2193; x_wconf 94' lang='grc'>709),</span> <span class='ocrx_word' id='word_1_175' title='bbox 538 2109 599 2170; x_wconf 90' lang='lat' dir='ltr'>nisi</span> <span class='ocrx_word' id='word_1_176' title='bbox 622 2116 749 2172; x_wconf 83' lang='lat' dir='ltr'>textum</span> <span class='ocrx_word' id='word_1_177' title='bbox 772 2107 911 2170; x_wconf 89' lang='lat' dir='ltr'>editores</span> <span class='ocrx_word' id='word_1_178' title='bbox 935 2108 1132 2170; x_wconf 84' lang='lat' dir='ltr'>recentiores</span> <span class='ocrx_word' id='word_1_179' title='bbox 1157 2108 1259 2170; x_wconf 91' lang='lat' dir='ltr'>secuti</span> <span class='ocrx_word' id='word_1_180' title='bbox 1282 2116 1453 2187; x_wconf 88' lang='lat' dir='ltr'>mutamus,</span> <span class='ocrx_word' id='word_1_181' title='bbox 1478 2109 1572 2184; x_wconf 80' lang='grc' dir='ltr'><em>αὐτὸς</em></span> 
     </span>
     <span class='ocr_line' id='line_1_19' title="bbox 174 2209 1569 2297; baseline -0.001 -21"><span class='ocrx_word' id='word_1_182' title='bbox 174 2237 247 2278; x_wconf 91' lang='lat' dir='ltr'>cum</span> <span class='ocrx_word' id='word_1_183' title='bbox 277 2212 493 2297; x_wconf 87' lang='lat' dir='ltr'>Bernhardyo</span> <span class='ocrx_word' id='word_1_184' title='bbox 524 2211 737 2297; x_wconf 87' lang='lat' dir='ltr'>(Wissensch.</span> <span class='ocrx_word' id='word_1_185' title='bbox 763 2212 856 2294; x_wconf 85' lang='lat' dir='ltr'>Synt.</span> <span class='ocrx_word' id='word_1_186' title='bbox 880 2233 911 2295; x_wconf 92' lang='lat' dir='ltr'>p.</span> <span class='ocrx_word' id='word_1_187' title='bbox 937 2209 1010 2295; x_wconf 91' lang='grc'>288,</span> <span class='ocrx_word' id='word_1_188' title='bbox 1034 2233 1065 2274; x_wconf 92' lang='lat' dir='ltr'>n.</span> <span class='ocrx_word' id='word_1_189' title='bbox 1083 2210 1138 2294; x_wconf 92' lang='grc'>60)</span> <span class='ocrx_word' id='word_1_190' title='bbox 1170 2211 1364 2275; x_wconf 88' lang='lat' dir='ltr'>vertendum</span> <span class='ocrx_word' id='word_1_191' title='bbox 1391 2220 1453 2274; x_wconf 88' lang='lat' dir='ltr'>est:</span> <span class='ocrx_word' id='word_1_192' title='bbox 1484 2213 1569 2296; x_wconf 80' lang='lat' dir='ltr'>ipse3</span> 
     </span>
    </p>
   </div>
   <div class='ocr_carea' id='block_1_3' title="bbox 172 2314 1572 2506">
    <p class='ocr_par' dir='ltr' id='par_1_4' title="bbox 172 2314 1572 2506">
     <span class='ocr_line' id='line_1_20' title="bbox 175 2314 1571 2402; baseline 0 -23"><span class='ocrx_word' id='word_1_193' title='bbox 175 2318 216 2380; x_wconf 92' lang='lat' dir='ltr'>cf.</span> <span class='ocrx_word' id='word_1_194' title='bbox 233 2317 337 2380; x_wconf 83' lang='lat' dir='ltr'>Thuc.</span> <span class='ocrx_word' id='word_1_195' title='bbox 354 2317 403 2380; x_wconf 91' lang='lat' dir='ltr'>VI</span> <span class='ocrx_word' id='word_1_196' title='bbox 427 2317 478 2398; x_wconf 88' lang='grc'>10,</span> <span class='ocrx_word' id='word_1_197' title='bbox 494 2316 523 2392; x_wconf 85' lang='lat'>5,</span> <span class='ocrx_word' id='word_1_198' title='bbox 549 2315 647 2400; x_wconf 86' lang='lat' dir='ltr'>Soph.</span> <span class='ocrx_word' id='word_1_199' title='bbox 664 2315 747 2380; x_wconf 92' lang='lat' dir='ltr'>Phil.</span> <span class='ocrx_word' id='word_1_200' title='bbox 765 2315 837 2396; x_wconf 81' lang='lat'><strong>315,</strong></span> <span class='ocrx_word' id='word_1_201' title='bbox 864 2317 962 2378; x_wconf 90' lang='lat' dir='ltr'>Arist.</span> <span class='ocrx_word' id='word_1_202' title='bbox 980 2315 1043 2377; x_wconf 87' lang='lat' dir='ltr'>Av.</span> <span class='ocrx_word' id='word_1_203' title='bbox 1063 2314 1155 2378; x_wconf 89' lang='grc'>1237.</span> <span class='ocrx_word' id='word_1_204' title='bbox 1202 2337 1285 2399; x_wconf 89' lang='lat' dir='ltr'>quae</span> <span class='ocrx_word' id='word_1_205' title='bbox 1310 2316 1483 2402; x_wconf 84' lang='lat' dir='ltr'>explicatio</span> <span class='ocrx_word' id='word_1_206' title='bbox 1506 2338 1571 2379; x_wconf 93' lang='lat' dir='ltr'>non</span> 
     </span>
     <span class='ocr_line' id='line_1_21' title="bbox 172 2416 1572 2506; baseline 0.001 -24"><span class='ocrx_word' id='word_1_207' title='bbox 172 2421 281 2485; x_wconf 87' lang='lat' dir='ltr'>valere</span> <span class='ocrx_word' id='word_1_208' title='bbox 303 2421 435 2485; x_wconf 90' lang='lat' dir='ltr'>videtur</span> <span class='ocrx_word' id='word_1_209' title='bbox 458 2420 499 2484; x_wconf 90' lang='lat' dir='ltr'>dc</span> <span class='ocrx_word' id='word_1_210' title='bbox 523 2419 712 2484; x_wconf 79' lang='lat' dir='ltr'>Callimachi</span> <span class='ocrx_word' id='word_1_211' title='bbox 735 2419 805 2483; x_wconf 92' lang='lat' dir='ltr'>loco</span> <span class='ocrx_word' id='word_1_212' title='bbox 828 2441 879 2504; x_wconf 89' lang='lat' dir='ltr'>ep.</span> <span class='ocrx_word' id='word_1_213' title='bbox 896 2419 986 2500; x_wconf 86' lang='lat'>43,3</span> <span class='ocrx_word' id='word_1_214' title='bbox 1009 2419 1064 2504; x_wconf 86' lang='lat'>(=</span> <span class='ocrx_word' id='word_1_215' title='bbox 1088 2419 1128 2481; x_wconf 88' lang='lat' dir='ltr'>A.</span> <span class='ocrx_word' id='word_1_216' title='bbox 1146 2419 1182 2483; x_wconf 90' lang='lat' dir='ltr'>P.</span> <span class='ocrx_word' id='word_1_217' title='bbox 1199 2419 1268 2483; x_wconf 89' lang='lat' dir='ltr'>XII</span> <span class='ocrx_word' id='word_1_218' title='bbox 1293 2419 1383 2506; x_wconf 82' lang='grc'>118);</span> <span class='ocrx_word' id='word_1_219' title='bbox 1408 2416 1451 2485; x_wconf 83' lang='grc' dir='ltr'>ὧν</span> <span class='ocrx_word' id='word_1_220' title='bbox 1473 2420 1491 2486; x_wconf 83' lang='grc' dir='ltr'>ὁ</span> <span class='ocrx_word' id='word_1_221' title='bbox 1514 2418 1572 2504; x_wconf 80' lang='grc' dir='ltr'>μὲν</span> 
     </span>
    </p>
   </div>
   <div class='ocr_carea' id='block_1_4' title="bbox 138 2522 1574 4076">
    <p class='ocr_par' dir='ltr' id='par_1_5' title="bbox 138 2522 1573 2926">
     <span class='ocr_line' id='line_1_22' title="bbox 172 2522 1569 2605; baseline -0.003 -13"><span class='ocrx_word' id='word_1_222' title='bbox 172 2530 276 2592; x_wconf 79' lang='grc' dir='ltr'><em>αὐτῶν</em></span> <span class='ocrx_word' id='word_1_223' title='bbox 298 2525 406 2589; x_wconf 90' lang='lat' dir='ltr'>Nonni</span> <span class='ocrx_word' id='word_1_224' title='bbox 429 2526 606 2589; x_wconf 89' lang='lat' dir='ltr'>imitatione</span> <span class='ocrx_word' id='word_1_225' title='bbox 630 2522 845 2605; x_wconf 80' lang='lat' dir='ltr'>velut1187,</span> <span class='ocrx_word' id='word_1_226' title='bbox 870 2523 980 2604; x_wconf 77' lang='lat' dir='ltr'>XV2,</span> <span class='ocrx_word' id='word_1_227' title='bbox 999 2523 1061 2586; x_wconf 88' lang='grc'>132</span> <span class='ocrx_word' id='word_1_228' title='bbox 1083 2523 1224 2605; x_wconf 85' lang='lat' dir='ltr'>firmato;</span> <span class='ocrx_word' id='word_1_229' title='bbox 1250 2526 1290 2588; x_wconf 87' lang='lat' dir='ltr'>cf.</span> <span class='ocrx_word' id='word_1_230' title='bbox 1308 2526 1347 2589; x_wconf 91' lang='lat' dir='ltr'>A.</span> <span class='ocrx_word' id='word_1_231' title='bbox 1365 2526 1401 2589; x_wconf 91' lang='lat' dir='ltr'>P.</span> <span class='ocrx_word' id='word_1_232' title='bbox 1419 2525 1485 2590; x_wconf 89' lang='lat' dir='ltr'>Vll</span> <span class='ocrx_word' id='word_1_233' title='bbox 1508 2525 1569 2588; x_wconf 94' lang='grc'>721</span> 
     </span>
     <span class='ocr_line' id='line_1_23' title="bbox 173 2624 1572 2714; baseline -0.001 -19"><span class='ocrx_word' id='word_1_234' title='bbox 173 2624 217 2695; x_wconf 84' lang='grc' dir='ltr'>ὧν</span> <span class='ocrx_word' id='word_1_235' title='bbox 239 2631 257 2694; x_wconf 78' lang='grc' dir='ltr'><strong>ὁ</strong></span> <span class='ocrx_word' id='word_1_236' title='bbox 279 2631 337 2712; x_wconf 83' lang='grc' dir='ltr'>μὲν</span> <span class='ocrx_word' id='word_1_237' title='bbox 358 2632 454 2714; x_wconf 80' lang='grc' dir='ltr'><em>ὑμῶν.</em></span> <span class='ocrx_word' id='word_1_238' title='bbox 501 2638 607 2693; x_wconf 89' lang='lat' dir='ltr'>utrum</span> <span class='ocrx_word' id='word_1_239' title='bbox 630 2630 729 2711; x_wconf 84' lang='lat' dir='ltr'>igitur</span> <span class='ocrx_word' id='word_1_240' title='bbox 751 2627 792 2691; x_wconf 87' lang='lat' dir='ltr'>ad</span> <span class='ocrx_word' id='word_1_241' title='bbox 816 2627 930 2692; x_wconf 89' lang='lat' dir='ltr'>horum</span> <span class='ocrx_word' id='word_1_242' title='bbox 954 2628 1176 2713; x_wconf 87' lang='lat' dir='ltr'>exemplorum</span> <span class='ocrx_word' id='word_1_243' title='bbox 1200 2629 1383 2713; x_wconf 83' lang='lat' dir='ltr'>analogiam</span> <span class='ocrx_word' id='word_1_244' title='bbox 1403 2631 1572 2713; x_wconf 85' lang='lat' dir='ltr'>Argonau-</span> 
     </span>
     <span class='ocr_line' id='line_1_24' title="bbox 171 2732 1573 2820; baseline 0.002 -23"><span class='ocrx_word' id='word_1_245' title='bbox 171 2737 307 2797; x_wconf 87' lang='lat' dir='ltr'>ticorum</span> <span class='ocrx_word' id='word_1_246' title='bbox 338 2733 409 2797; x_wconf 91' lang='lat' dir='ltr'>loco</span> <span class='ocrx_word' id='word_1_247' title='bbox 439 2759 494 2818; x_wconf 88' lang='grc' dir='ltr'>μιν</span> <span class='ocrx_word' id='word_1_248' title='bbox 522 2735 663 2819; x_wconf 89' lang='lat' dir='ltr'>positum</span> <span class='ocrx_word' id='word_1_249' title='bbox 690 2755 760 2796; x_wconf 88' lang='lat' dir='ltr'>esse</span> <span class='ocrx_word' id='word_1_250' title='bbox 789 2743 838 2796; x_wconf 88' lang='lat' dir='ltr'>est</span> <span class='ocrx_word' id='word_1_251' title='bbox 867 2732 1059 2797; x_wconf 88' lang='lat' dir='ltr'>sumendum</span> <span class='ocrx_word' id='word_1_252' title='bbox 1086 2757 1128 2797; x_wconf 91' lang='lat' dir='ltr'>an</span> <span class='ocrx_word' id='word_1_253' title='bbox 1155 2733 1217 2797; x_wconf 90' lang='lat' dir='ltr'>hoc</span> <span class='ocrx_word' id='word_1_254' title='bbox 1245 2757 1371 2820; x_wconf 89' lang='lat' dir='ltr'>quoque</span> <span class='ocrx_word' id='word_1_255' title='bbox 1399 2735 1470 2799; x_wconf 91' lang='lat' dir='ltr'>loco</span> <span class='ocrx_word' id='word_1_256' title='bbox 1497 2738 1573 2800; x_wconf 87' lang='lat' dir='ltr'>sori-</span> 
     </span>
     <span class='ocr_line' id='line_1_25' title="bbox 138 2832 1483 2926; baseline 0.007 -31"><span class='ocrx_word' id='word_1_257' title='bbox 138 2887 141 2895; x_wconf 91' lang='lat'>.</span> <span class='ocrx_word' id='word_1_258' title='bbox 173 2837 316 2901; x_wconf 89' lang='lat' dir='ltr'>bendum</span> <span class='ocrx_word' id='word_1_259' title='bbox 341 2838 439 2925; x_wconf 75' lang='grc' dir='ltr'><em>σφινλ</em></span> <span class='ocrx_word' id='word_1_260' title='bbox 465 2838 506 2900; x_wconf 87' lang='lat' dir='ltr'>cf.</span> <span class='ocrx_word' id='word_1_261' title='bbox 523 2838 705 2901; x_wconf 91' lang='lat' dir='ltr'>Hermanni</span> <span class='ocrx_word' id='word_1_262' title='bbox 728 2839 947 2901; x_wconf 90' lang='lat' dir='ltr'>coniecturam</span> <span class='ocrx_word' id='word_1_263' title='bbox 970 2840 1004 2901; x_wconf 94' lang='lat' dir='ltr'>in</span> <span class='ocrx_word' id='word_1_264' title='bbox 1026 2861 1058 2903; x_wconf 90' lang='lat' dir='ltr'>v.</span> <span class='ocrx_word' id='word_1_265' title='bbox 1078 2837 1161 2901; x_wconf 87' lang='grc'>1282</span> <span class='ocrx_word' id='word_1_266' title='bbox 1184 2841 1242 2918; x_wconf 85' lang='grc' dir='ltr'>τάς</span> <span class='ocrx_word' id='word_1_267' title='bbox 1265 2832 1296 2904; x_wconf 78' lang='grc' dir='ltr'>οἱ</span> <span class='ocrx_word' id='word_1_268' title='bbox 1319 2840 1483 2926; x_wconf 85' lang='grc' dir='ltr'><em>ὀνόμηναν.</em></span> 
     </span>
    </p>

    <p class='ocr_par' dir='ltr' id='par_1_6' title="bbox 169 2936 1574 3863">
     <span class='ocr_line' id='line_1_26' title="bbox 274 2936 1573 3029; baseline 0.003 -23"><span class='ocrx_word' id='word_1_269' title='bbox 274 2946 342 3029; x_wconf 83' lang='grc' dir='ltr'>Σφε</span> <span class='ocrx_word' id='word_1_270' title='bbox 374 2952 513 3026; x_wconf 85' lang='lat' dir='ltr'>excepto</span> <span class='ocrx_word' id='word_1_271' title='bbox 545 2965 575 3005; x_wconf 93' lang='lat' dir='ltr'>v.</span> <span class='ocrx_word' id='word_1_272' title='bbox 599 2941 692 3025; x_wconf 87' lang='grc'>1212,</span> <span class='ocrx_word' id='word_1_273' title='bbox 723 2941 779 3004; x_wconf 93' lang='lat' dir='ltr'>ubi</span> <span class='ocrx_word' id='word_1_274' title='bbox 810 2963 869 3028; x_wconf 94' lang='grc' dir='ltr'>σφι</span> <span class='ocrx_word' id='word_1_275' title='bbox 900 2940 1074 3024; x_wconf 91' lang='lat' dir='ltr'>legendum</span> <span class='ocrx_word' id='word_1_276' title='bbox 1109 2964 1181 3005; x_wconf 86' lang='lat' dir='ltr'>esse</span> <span class='ocrx_word' id='word_1_277' title='bbox 1216 2936 1367 3028; x_wconf 81' lang='lat' dir='ltr'>adparet,</span> <span class='ocrx_word' id='word_1_278' title='bbox 1405 2945 1573 3010; x_wconf 87' lang='lat' dir='ltr'>codicibus</span> 
     </span>
     <span class='ocr_line' id='line_1_27' title="bbox 171 3043 1573 3136; baseline 0.005 -28"><span class='ocrx_word' id='word_1_279' title='bbox 171 3068 235 3108; x_wconf 90' lang='lat' dir='ltr'>non</span> <span class='ocrx_word' id='word_1_280' title='bbox 267 3046 414 3110; x_wconf 91' lang='lat' dir='ltr'>traditur.</span> <span class='ocrx_word' id='word_1_281' title='bbox 461 3049 494 3110; x_wconf 93' lang='lat' dir='ltr'>in</span> <span class='ocrx_word' id='word_1_282' title='bbox 525 3070 554 3109; x_wconf 88' lang='lat' dir='ltr'>v.</span> <span class='ocrx_word' id='word_1_283' title='bbox 575 3046 658 3109; x_wconf 87' lang='grc'>1042</span> <span class='ocrx_word' id='word_1_284' title='bbox 689 3047 870 3111; x_wconf 88' lang='lat' dir='ltr'>Hermanni</span> <span class='ocrx_word' id='word_1_285' title='bbox 902 3047 1088 3109; x_wconf 88' lang='lat' dir='ltr'>coniectura</span> <span class='ocrx_word' id='word_1_286' title='bbox 1120 3047 1256 3134; x_wconf 82' lang='grc' dir='ltr'><em>δνοφερὴ</em></span> <span class='ocrx_word' id='word_1_287' title='bbox 1288 3046 1324 3113; x_wconf 82' lang='grc' dir='ltr'>δέ</span> <span class='ocrx_word' id='word_1_288' title='bbox 1349 3043 1406 3136; x_wconf 77' lang='grc' dir='ltr'>σφ’</span> <span class='ocrx_word' id='word_1_289' title='bbox 1429 3049 1573 3133; x_wconf 80' lang='grc' dir='ltr'><em>ὂίμπεχεν</em></span> 
     </span>
     <span class='ocr_line' id='line_1_28' title="bbox 169 3148 1571 3237; baseline 0.004 -25"><span class='ocrx_word' id='word_1_290' title='bbox 169 3149 256 3234; x_wconf 79' lang='lat' dir='ltr'>(libri</span> <span class='ocrx_word' id='word_1_291' title='bbox 287 3151 423 3237; x_wconf 81' lang='grc' dir='ltr'><em>δνοφερὴ</em></span> <span class='ocrx_word' id='word_1_292' title='bbox 455 3149 491 3215; x_wconf 81' lang='lat' dir='ltr'>ds&#39;</span> <span class='ocrx_word' id='word_1_293' title='bbox 520 3175 555 3215; x_wconf 81' lang='lat' dir='ltr'>re</span> <span class='ocrx_word' id='word_1_294' title='bbox 586 3149 631 3235; x_wconf 81' lang='grc' dir='ltr'><em>ὀί.)</em></span> <span class='ocrx_word' id='word_1_295' title='bbox 662 3148 784 3214; x_wconf 91' lang='lat' dir='ltr'>inutilis</span> <span class='ocrx_word' id='word_1_296' title='bbox 816 3159 878 3229; x_wconf 68' lang='grc' dir='ltr'>εει,</span> <span class='ocrx_word' id='word_1_297' title='bbox 911 3160 1023 3214; x_wconf 87' lang='lat' dir='ltr'>contra</span> <span class='ocrx_word' id='word_1_298' title='bbox 1050 3152 1239 3235; x_wconf 87' lang='lat' dir='ltr'>recipienda</span> <span class='ocrx_word' id='word_1_299' title='bbox 1265 3153 1396 3217; x_wconf 86' lang='lat' dir='ltr'>videtur</span> <span class='ocrx_word' id='word_1_300' title='bbox 1424 3154 1571 3218; x_wconf 86' lang='lat' dir='ltr'>eiusdem</span> 
     </span>
     <span class='ocr_line' id='line_1_29' title="bbox 172 3252 1572 3343; baseline 0.005 -26"><span class='ocrx_word' id='word_1_301' title='bbox 172 3254 354 3318; x_wconf 88' lang='lat' dir='ltr'>emendatio</span> <span class='ocrx_word' id='word_1_302' title='bbox 384 3257 417 3318; x_wconf 92' lang='lat' dir='ltr'>in</span> <span class='ocrx_word' id='word_1_303' title='bbox 449 3278 478 3317; x_wconf 88' lang='lat' dir='ltr'>v.</span> <span class='ocrx_word' id='word_1_304' title='bbox 505 3255 587 3317; x_wconf 88' lang='grc'>1321</span> <span class='ocrx_word' id='word_1_305' title='bbox 621 3260 656 3319; x_wconf 78' lang='grc' dir='ltr'>οὐ</span> <span class='ocrx_word' id='word_1_306' title='bbox 687 3256 744 3338; x_wconf 85' lang='grc' dir='ltr'>μὲν</span> <span class='ocrx_word' id='word_1_307' title='bbox 774 3255 812 3342; x_wconf 76' lang='grc' dir='ltr'>(λι)</span> <span class='ocrx_word' id='word_1_308' title='bbox 843 3252 938 3341; x_wconf 81' lang='grc' dir='ltr'><em>φίλον</em></span> <span class='ocrx_word' id='word_1_309' title='bbox 968 3252 1056 3318; x_wconf 79' lang='grc' dir='ltr'><em>ἐστίν</em></span> <span class='ocrx_word' id='word_1_310' title='bbox 1087 3257 1154 3320; x_wconf 81' lang='grc' dir='ltr'>ἀπό</span> <span class='ocrx_word' id='word_1_311' title='bbox 1180 3253 1237 3343; x_wconf 79' lang='grc' dir='ltr'>σφ’</span> <span class='ocrx_word' id='word_1_312' title='bbox 1258 3257 1411 3323; x_wconf 74' lang='grc' dir='ltr'><em>ὤσασθαι</em></span> <span class='ocrx_word' id='word_1_313' title='bbox 1439 3259 1572 3342; x_wconf 82' lang='grc' dir='ltr'><em>ὁμεύνου</em></span> 
     </span>
     <span class='ocr_line' id='line_1_30' title="bbox 172 3355 1574 3446; baseline 0.004 -25"><span class='ocrx_word' id='word_1_314' title='bbox 172 3358 281 3442; x_wconf 86' lang='lat' dir='ltr'>(codd.</span> <span class='ocrx_word' id='word_1_315' title='bbox 299 3361 366 3424; x_wconf 82' lang='grc' dir='ltr'>ἀπό</span> <span class='ocrx_word' id='word_1_316' title='bbox 389 3355 417 3442; x_wconf 81' lang='grc' dir='ltr'>ῥ’</span> <span class='ocrx_word' id='word_1_317' title='bbox 440 3360 592 3424; x_wconf 75' lang='grc' dir='ltr'><em>ὤσασθαι</em></span> <span class='ocrx_word' id='word_1_318' title='bbox 616 3359 751 3443; x_wconf 82' lang='grc' dir='ltr'>ὅμιλον),</span> <span class='ocrx_word' id='word_1_319' title='bbox 776 3359 853 3422; x_wconf 91' lang='lat' dir='ltr'>dum</span> <span class='ocrx_word' id='word_1_320' title='bbox 877 3359 990 3422; x_wconf 88' lang='lat' dir='ltr'>melior</span> <span class='ocrx_word' id='word_1_321' title='bbox 1012 3361 1146 3422; x_wconf 90' lang='lat' dir='ltr'>inventa</span> <span class='ocrx_word' id='word_1_322' title='bbox 1169 3361 1237 3423; x_wconf 85' lang='lat' dir='ltr'>erit.</span> <span class='ocrx_word' id='word_1_323' title='bbox 1277 3383 1360 3446; x_wconf 89' lang='lat' dir='ltr'>quae</span> <span class='ocrx_word' id='word_1_324' title='bbox 1383 3363 1470 3426; x_wconf 89' lang='lat' dir='ltr'>enim</span> <span class='ocrx_word' id='word_1_325' title='bbox 1492 3364 1574 3427; x_wconf 91' lang='lat' dir='ltr'>mihi</span> 
     </span>
     <span class='ocr_line' id='line_1_31' title="bbox 171 3456 1573 3548; baseline 0.006 -24"><span class='ocrx_word' id='word_1_326' title='bbox 171 3464 204 3524; x_wconf 92' lang='lat' dir='ltr'>in</span> <span class='ocrx_word' id='word_1_327' title='bbox 235 3472 376 3526; x_wconf 92' lang='lat' dir='ltr'>mentem</span> <span class='ocrx_word' id='word_1_328' title='bbox 407 3472 580 3525; x_wconf 87' lang='lat' dir='ltr'>venerunt:</span> <span class='ocrx_word' id='word_1_329' title='bbox 611 3458 678 3526; x_wconf 79' lang='grc' dir='ltr'>ἐστ’</span> <span class='ocrx_word' id='word_1_330' title='bbox 698 3465 765 3527; x_wconf 82' lang='grc' dir='ltr'>ἀπὸ</span> <span class='ocrx_word' id='word_1_331' title='bbox 793 3460 847 3547; x_wconf 89' lang='grc' dir='ltr'>μίν</span> <span class='ocrx_word' id='word_1_332' title='bbox 875 3456 905 3526; x_wconf 75' lang='grc' dir='ltr'>τ’</span> <span class='ocrx_word' id='word_1_333' title='bbox 925 3463 1079 3528; x_wconf 75' lang='grc' dir='ltr'><em>ὤσασθαι</em></span> <span class='ocrx_word' id='word_1_334' title='bbox 1107 3463 1239 3548; x_wconf 85' lang='grc' dir='ltr'><em>ὁμεύνου</em></span> <span class='ocrx_word' id='word_1_335' title='bbox 1263 3465 1315 3528; x_wconf 90' lang='lat' dir='ltr'>vel</span> <span class='ocrx_word' id='word_1_336' title='bbox 1341 3466 1429 3531; x_wconf 79' lang='grc' dir='ltr'><em>ἐστιν</em></span> <span class='ocrx_word' id='word_1_337' title='bbox 1451 3469 1519 3532; x_wconf 81' lang='grc' dir='ltr'>ἀπό</span> <span class='ocrx_word' id='word_1_338' title='bbox 1541 3463 1573 3531; x_wconf 77' lang='grc' dir='ltr'>τ’</span> 
     </span>
     <span class='ocr_line' id='line_1_32' title="bbox 172 3557 1574 3654; baseline 0.001 -22"><span class='ocrx_word' id='word_1_339' title='bbox 172 3567 228 3632; x_wconf 79' lang='grc' dir='ltr'>ὥσ.</span> <span class='ocrx_word' id='word_1_340' title='bbox 253 3566 308 3651; x_wconf 84' lang='lat' dir='ltr'>(cf.</span> <span class='ocrx_word' id='word_1_341' title='bbox 329 3566 391 3629; x_wconf 91' lang='grc'>184</span> <span class='ocrx_word' id='word_1_342' title='bbox 413 3571 512 3652; x_wconf 83' lang='grc' dir='ltr'><em>αὐτὰρ</em></span> <span class='ocrx_word' id='word_1_343' title='bbox 534 3567 592 3632; x_wconf 75' lang='grc' dir='ltr'>ἐπὶ</span> <span class='ocrx_word' id='word_1_344' title='bbox 618 3567 771 3650; x_wconf 87' lang='grc' dir='ltr'><em>Τελαμών</em></span> <span class='ocrx_word' id='word_1_345' title='bbox 801 3576 834 3629; x_wconf 87' lang='lat' dir='ltr'>et</span> <span class='ocrx_word' id='word_1_346' title='bbox 864 3566 928 3630; x_wconf 89' lang='grc'>324</span> <span class='ocrx_word' id='word_1_347' title='bbox 959 3557 1039 3651; x_wconf 85' lang='grc' dir='ltr'><em>αἷμα</em></span> <span class='ocrx_word' id='word_1_348' title='bbox 1063 3564 1092 3632; x_wconf 77' lang='grc' dir='ltr'>δ’</span> <span class='ocrx_word' id='word_1_349' title='bbox 1111 3565 1171 3632; x_wconf 78' lang='grc' dir='ltr'>ἐπί</span> <span class='ocrx_word' id='word_1_350' title='bbox 1193 3568 1348 3654; x_wconf 82' lang='grc' dir='ltr'><em>ταύροιο),</em></span> <span class='ocrx_word' id='word_1_351' title='bbox 1378 3592 1443 3634; x_wconf 90' lang='lat' dir='ltr'>non</span> <span class='ocrx_word' id='word_1_352' title='bbox 1465 3573 1574 3634; x_wconf 91' lang='lat' dir='ltr'>minus</span> 
     </span>
     <span class='ocr_line' id='line_1_33' title="bbox 172 3672 1572 3760; baseline 0.003 -26"><span class='ocrx_word' id='word_1_353' title='bbox 172 3673 314 3736; x_wconf 88' lang='lat' dir='ltr'>audaces</span> <span class='ocrx_word' id='word_1_354' title='bbox 342 3683 424 3735; x_wconf 90' lang='lat' dir='ltr'>sunt.</span> <span class='ocrx_word' id='word_1_355' title='bbox 470 3694 532 3760; x_wconf 91' lang='grc' dir='ltr'>σφε</span> <span class='ocrx_word' id='word_1_356' title='bbox 561 3682 630 3735; x_wconf 90' lang='lat' dir='ltr'>tum</span> <span class='ocrx_word' id='word_1_357' title='bbox 657 3681 707 3734; x_wconf 89' lang='lat' dir='ltr'>est</span> <span class='ocrx_word' id='word_1_358' title='bbox 733 3694 792 3756; x_wconf 91' lang='lat' dir='ltr'>pro</span> <span class='ocrx_word' id='word_1_359' title='bbox 819 3672 849 3753; x_wconf 74' lang='grc' dir='ltr'>ἑ,</span> <span class='ocrx_word' id='word_1_360' title='bbox 879 3674 918 3736; x_wconf 87' lang='lat' dir='ltr'>cf.</span> <span class='ocrx_word' id='word_1_361' title='bbox 941 3672 1020 3737; x_wconf 77' lang='lat' dir='ltr'>Call.</span> <span class='ocrx_word' id='word_1_362' title='bbox 1041 3672 1092 3736; x_wconf 91' lang='grc' dir='ltr'>ΙΙΙ</span> <span class='ocrx_word' id='word_1_363' title='bbox 1118 3673 1189 3756; x_wconf 90' lang='grc'>197,</span> <span class='ocrx_word' id='word_1_364' title='bbox 1213 3674 1262 3738; x_wconf 92' lang='lat' dir='ltr'>IV</span> <span class='ocrx_word' id='word_1_365' title='bbox 1287 3674 1335 3738; x_wconf 83' lang='lat'>15.</span> <span class='ocrx_word' id='word_1_366' title='bbox 1381 3677 1413 3738; x_wconf 91' lang='lat' dir='ltr'>in</span> <span class='ocrx_word' id='word_1_367' title='bbox 1436 3698 1467 3738; x_wconf 89' lang='lat' dir='ltr'>v.</span> <span class='ocrx_word' id='word_1_368' title='bbox 1487 3675 1572 3738; x_wconf 89' lang='grc'>1288</span> 
     </span>
     <span class='ocr_line' id='line_1_34' title="bbox 172 3775 807 3863; baseline 0.002 -24"><span class='ocrx_word' id='word_1_369' title='bbox 172 3776 329 3840; x_wconf 89' lang='lat' dir='ltr'>habemus</span> <span class='ocrx_word' id='word_1_370' title='bbox 353 3775 453 3863; x_wconf 83' lang='grc' dir='ltr'><em>σφέας</em></span> <span class='ocrx_word' id='word_1_371' title='bbox 475 3777 633 3840; x_wconf 87' lang='lat' dir='ltr'>reflexive</span> <span class='ocrx_word' id='word_1_372' title='bbox 657 3778 807 3862; x_wconf 90' lang='lat' dir='ltr'>positum.</span> 
     </span>
    </p>

    <p class='ocr_par' dir='ltr' id='par_1_7' title="bbox 173 3881 1572 4076">
     <span class='ocr_line' id='line_1_35' title="bbox 275 3881 1572 3969; baseline 0.003 -24"><span class='ocrx_word' id='word_1_373' title='bbox 275 3882 444 3964; x_wconf 90' lang='lat' dir='ltr'>Nusquam</span> <span class='ocrx_word' id='word_1_374' title='bbox 471 3903 649 3966; x_wconf 91' lang='lat' dir='ltr'>pronomen</span> <span class='ocrx_word' id='word_1_375' title='bbox 677 3881 847 3965; x_wconf 87' lang='lat' dir='ltr'>personale</span> <span class='ocrx_word' id='word_1_376' title='bbox 876 3905 950 3947; x_wconf 92' lang='lat' dir='ltr'>cum</span> <span class='ocrx_word' id='word_1_377' title='bbox 978 3885 1072 3961; x_wconf 83' lang='grc' dir='ltr'><em>αὐτός</em></span> <span class='ocrx_word' id='word_1_378' title='bbox 1100 3884 1308 3947; x_wconf 89' lang='lat' dir='ltr'>coniunctum</span> <span class='ocrx_word' id='word_1_379' title='bbox 1331 3906 1389 3969; x_wconf 92' lang='lat' dir='ltr'>pro</span> <span class='ocrx_word' id='word_1_380' title='bbox 1412 3884 1572 3949; x_wconf 85' lang='lat' dir='ltr'>reflexivo</span> 
     </span>
     <span class='ocr_line' id='line_1_36' title="bbox 173 3985 1571 4076; baseline 0.003 -27"><span class='ocrx_word' id='word_1_381' title='bbox 173 3996 235 4065; x_wconf 87' lang='lat' dir='ltr'>est;</span> <span class='ocrx_word' id='word_1_382' title='bbox 259 4007 322 4048; x_wconf 92' lang='lat' dir='ltr'>uno</span> <span class='ocrx_word' id='word_1_383' title='bbox 345 3985 415 4047; x_wconf 89' lang='lat' dir='ltr'>loco</span> <span class='ocrx_word' id='word_1_384' title='bbox 440 3986 532 4071; x_wconf 83' lang='grc'>(647)</span> <span class='ocrx_word' id='word_1_385' title='bbox 557 3991 667 4064; x_wconf 82' lang='grc' dir='ltr'><em>αὐτοῖς</em></span> <span class='ocrx_word' id='word_1_386' title='bbox 690 3995 739 4049; x_wconf 90' lang='lat' dir='ltr'>est</span> <span class='ocrx_word' id='word_1_387' title='bbox 762 4008 819 4070; x_wconf 92' lang='lat' dir='ltr'>pro</span> <span class='ocrx_word' id='word_1_388' title='bbox 842 3987 1009 4069; x_wconf 87' lang='lat' dir='ltr'>reflexivo,</span> <span class='ocrx_word' id='word_1_389' title='bbox 1041 3986 1127 4072; x_wconf 90' lang='lat' dir='ltr'>quod</span> <span class='ocrx_word' id='word_1_390' title='bbox 1154 3998 1273 4052; x_wconf 87' lang='lat' dir='ltr'>vocant</span> <span class='ocrx_word' id='word_1_391' title='bbox 1294 3988 1488 4053; x_wconf 86' lang='lat' dir='ltr'>indirectum</span> <span class='ocrx_word' id='word_1_392' title='bbox 1511 3989 1571 4076; x_wconf 86' lang='lat' dir='ltr'>(cf.</span> 
     </span>
    </p>
   </div>
   <div class='ocr_carea' id='block_1_5' title="bbox 171 4088 902 4347">
    <p class='ocr_par' dir='ltr' id='par_1_8' title="bbox 171 4088 902 4347">
     <span class='ocr_line' id='line_1_37' title="bbox 171 4088 902 4176; baseline -0.003 -23"><span class='ocrx_word' id='word_1_393' title='bbox 171 4089 258 4153; x_wconf 91' lang='lat' dir='ltr'>locos</span> <span class='ocrx_word' id='word_1_394' title='bbox 281 4088 462 4153; x_wconf 88' lang='lat' dir='ltr'>homericos</span> <span class='ocrx_word' id='word_1_395' title='bbox 486 4090 574 4175; x_wconf 92' lang='lat' dir='ltr'>apud</span> <span class='ocrx_word' id='word_1_396' title='bbox 598 4089 694 4154; x_wconf 54' lang='lat' dir='ltr'>Ebu</span> <span class='ocrx_word' id='word_1_397' title='bbox 716 4089 799 4154; x_wconf 58' lang='grc'>2042</span> <span class='ocrx_word' id='word_1_398' title='bbox 822 4089 902 4176; x_wconf 77' lang='lat' dir='ltr'>d).²)</span> 
     </span>
     <span class='ocr_line' id='line_1_38' title="bbox 172 4216 655 4347; baseline -0.01 -10"><span class='ocrx_word' id='word_1_399' title='bbox 172 4216 401 4346; x_wconf 32' lang='lat' dir='ltr'>——nhehu</span> <span class='ocrx_word' id='word_1_400' title='bbox 416 4285 466 4332; x_wconf 81' lang='lat'>784</span> <span class='ocrx_word' id='word_1_401' title='bbox 484 4301 508 4347; x_wconf 84' lang='lat' dir='ltr'>p.</span> <span class='ocrx_word' id='word_1_402' title='bbox 525 4286 575 4332; x_wconf 80' lang='lat' dir='ltr'>ass</span> <span class='ocrx_word' id='word_1_403' title='bbox 593 4284 655 4332; x_wconf 75' lang='lat' dir='ltr'>uixi.</span> 
     </span>
    </p>
   </div>
   <div class='ocr_carea' id='block_1_6' title="bbox 173 4369 1580 4702">
    <p class='ocr_par' dir='ltr' id='par_1_9' title="bbox 173 4369 1580 4702">
     <span class='ocr_line' id='line_1_39' title="bbox 276 4369 1580 4438; baseline 0.005 -21"><span class='ocrx_word' id='word_1_404' title='bbox 276 4369 297 4432; x_wconf 70' lang='grc'>2)</span> <span class='ocrx_word' id='word_1_405' title='bbox 317 4370 354 4418; x_wconf 91' lang='lat' dir='ltr'>Ut</span> <span class='ocrx_word' id='word_1_406' title='bbox 372 4371 423 4419; x_wconf 90' lang='lat' dir='ltr'>hoc</span> <span class='ocrx_word' id='word_1_407' title='bbox 442 4370 501 4420; x_wconf 89' lang='lat' dir='ltr'>loco</span> <span class='ocrx_word' id='word_1_408' title='bbox 519 4371 658 4420; x_wconf 89' lang='lat' dir='ltr'>absolvam</span> <span class='ocrx_word' id='word_1_409' title='bbox 676 4387 754 4420; x_wconf 88' lang='lat' dir='ltr'>usum</span> <span class='ocrx_word' id='word_1_410' title='bbox 774 4373 939 4436; x_wconf 88' lang='lat' dir='ltr'>pronominis</span> <span class='ocrx_word' id='word_1_411' title='bbox 959 4372 1046 4433; x_wconf 80' lang='grc' dir='ltr'>αὐτός,</span> <span class='ocrx_word' id='word_1_412' title='bbox 1066 4373 1248 4422; x_wconf 89' lang='lat' dir='ltr'>nominativus</span> <span class='ocrx_word' id='word_1_413' title='bbox 1267 4373 1337 4421; x_wconf 89' lang='lat' dir='ltr'>idem</span> <span class='ocrx_word' id='word_1_414' title='bbox 1357 4373 1490 4437; x_wconf 86' lang='lat' dir='ltr'>significat</span> <span class='ocrx_word' id='word_1_415' title='bbox 1503 4376 1580 4438; x_wconf 87' lang='lat' dir='ltr'>quod</span> 
     </span>
     <span class='ocr_line' id='line_1_40' title="bbox 173 4456 1578 4525; baseline 0.004 -21"><span class='ocrx_word' id='word_1_416' title='bbox 173 4457 258 4521; x_wconf 84' lang='lat' dir='ltr'>‘ipse&#39;:</span> <span class='ocrx_word' id='word_1_417' title='bbox 278 4458 327 4504; x_wconf 85' lang='grc'>292</span> <span class='ocrx_word' id='word_1_418' title='bbox 348 4456 416 4520; x_wconf 72' lang='grc' dir='ltr'>(καί,</span> <span class='ocrx_word' id='word_1_419' title='bbox 436 4458 468 4507; x_wconf 83' lang='lat' dir='ltr'>cf.</span> <span class='ocrx_word' id='word_1_420' title='bbox 483 4474 504 4507; x_wconf 91' lang='lat' dir='ltr'>e.</span> <span class='ocrx_word' id='word_1_421' title='bbox 519 4475 541 4508; x_wconf 90' lang='lat' dir='ltr'>c.</span> <span class='ocrx_word' id='word_1_422' title='bbox 561 4463 594 4508; x_wconf 89' lang='grc' dir='ltr'><em>Η</em></span> <span class='ocrx_word' id='word_1_423' title='bbox 605 4459 673 4522; x_wconf 90' lang='grc'>191),</span> <span class='ocrx_word' id='word_1_424' title='bbox 693 4461 742 4508; x_wconf 82' lang='grc'>299</span> <span class='ocrx_word' id='word_1_425' title='bbox 763 4458 884 4523; x_wconf 85' lang='lat' dir='ltr'>(Sitzleri</span> <span class='ocrx_word' id='word_1_426' title='bbox 903 4460 1057 4508; x_wconf 90' lang='lat' dir='ltr'>coniectura</span> <span class='ocrx_word' id='word_1_427' title='bbox 1076 4458 1160 4508; x_wconf 82' lang='grc' dir='ltr'><em>αὐτόν</em></span> <span class='ocrx_word' id='word_1_428' title='bbox 1173 4459 1255 4524; x_wconf 87' lang='lat' dir='ltr'>plane</span> <span class='ocrx_word' id='word_1_429' title='bbox 1268 4462 1354 4508; x_wconf 91' lang='lat' dir='ltr'>otiosa</span> <span class='ocrx_word' id='word_1_430' title='bbox 1368 4460 1428 4522; x_wconf 88' lang='lat' dir='ltr'>est),</span> <span class='ocrx_word' id='word_1_431' title='bbox 1447 4464 1495 4508; x_wconf 80' lang='grc'>411</span> <span class='ocrx_word' id='word_1_432' title='bbox 1519 4461 1578 4525; x_wconf 89' lang='lat' dir='ltr'>(ad-</span> 
     </span>
     <span class='ocr_line' id='line_1_41' title="bbox 173 4543 1576 4612; baseline 0.004 -20"><span class='ocrx_word' id='word_1_433' title='bbox 173 4543 243 4593; x_wconf 87' lang='lat' dir='ltr'>ditur</span> <span class='ocrx_word' id='word_1_434' title='bbox 266 4558 363 4592; x_wconf 89' lang='lat' dir='ltr'>nomen</span> <span class='ocrx_word' id='word_1_435' title='bbox 387 4548 509 4612; x_wconf 77' lang='grc' dir='ltr'><em>Χείρων;</em></span> <span class='ocrx_word' id='word_1_436' title='bbox 532 4545 637 4594; x_wconf 86' lang='lat' dir='ltr'>cf.e.c.</span> <span class='ocrx_word' id='word_1_437' title='bbox 657 4549 682 4594; x_wconf 92' lang='lat' dir='ltr'><em>B</em></span> <span class='ocrx_word' id='word_1_438' title='bbox 701 4546 771 4609; x_wconf 87' lang='grc'>309),</span> <span class='ocrx_word' id='word_1_439' title='bbox 796 4548 846 4595; x_wconf 86' lang='grc'>576</span> <span class='ocrx_word' id='word_1_440' title='bbox 871 4544 1056 4610; x_wconf 73' lang='grc' dir='ltr'>(Αἰσονίδης),</span> <span class='ocrx_word' id='word_1_441' title='bbox 1076 4548 1135 4606; x_wconf 86' lang='grc'>588,</span> <span class='ocrx_word' id='word_1_442' title='bbox 1150 4547 1208 4610; x_wconf 83' lang='grc'>636,</span> <span class='ocrx_word' id='word_1_443' title='bbox 1222 4547 1281 4608; x_wconf 85' lang='grc'>852,</span> <span class='ocrx_word' id='word_1_444' title='bbox 1305 4547 1387 4596; x_wconf 91' lang='lat' dir='ltr'>semel</span> <span class='ocrx_word' id='word_1_445' title='bbox 1410 4562 1486 4596; x_wconf 89' lang='lat' dir='ltr'>casus</span> <span class='ocrx_word' id='word_1_446' title='bbox 1505 4548 1576 4597; x_wconf 91' lang='lat' dir='ltr'>obli·</span> 
     </span>
     <span class='ocr_line' id='line_1_42' title="bbox 174 4623 1577 4702; baseline 0.006 -25"><span class='ocrx_word' id='word_1_447' title='bbox 174 4644 255 4694; x_wconf 82' lang='lat' dir='ltr'>quus:</span> <span class='ocrx_word' id='word_1_448' title='bbox 281 4631 347 4678; x_wconf 84' lang='lat'><strong>1313</strong></span> <span class='ocrx_word' id='word_1_449' title='bbox 370 4629 443 4696; x_wconf 83' lang='grc' dir='ltr'><em>αὐτῷ</em></span> <span class='ocrx_word' id='word_1_450' title='bbox 465 4647 493 4682; x_wconf 82' lang='grc' dir='ltr'>τε</span> <span class='ocrx_word' id='word_1_451' title='bbox 512 4636 638 4700; x_wconf 81' lang='grc' dir='ltr'><em>κρείοντι.</em></span> <span class='ocrx_word' id='word_1_452' title='bbox 675 4633 704 4680; x_wconf 88' lang='lat' dir='ltr'>in</span> <span class='ocrx_word' id='word_1_453' title='bbox 722 4649 746 4681; x_wconf 88' lang='lat' dir='ltr'>v.</span> <span class='ocrx_word' id='word_1_454' title='bbox 762 4635 828 4682; x_wconf 87' lang='grc'>1140</span> <span class='ocrx_word' id='word_1_455' title='bbox 853 4633 911 4695; x_wconf 79' lang='grc' dir='ltr'><em>(καί</em></span> <span class='ocrx_word' id='word_1_456' title='bbox 929 4631 954 4682; x_wconf 85' lang='lat' dir='ltr'>d&#39;</span> <span class='ocrx_word' id='word_1_457' title='bbox 968 4623 1004 4682; x_wconf 78' lang='grc' dir='ltr'>αὖ</span> <span class='ocrx_word' id='word_1_458' title='bbox 1022 4633 1051 4684; x_wconf 79' lang='grc' dir='ltr'>αἱ</span> <span class='ocrx_word' id='word_1_459' title='bbox 1069 4633 1157 4700; x_wconf 76' lang='grc' dir='ltr'><em>ψυχαὶ</em></span> <span class='ocrx_word' id='word_1_460' title='bbox 1174 4636 1341 4699; x_wconf 73' lang='grc' dir='ltr'><em>μετεκίαθον</em></span> <span class='ocrx_word' id='word_1_461' title='bbox 1360 4637 1398 4689; x_wconf 80' lang='grc' dir='ltr'>εἰς</span> <span class='ocrx_word' id='word_1_462' title='bbox 1412 4631 1577 4702; x_wconf 75' lang='grc' dir='ltr'><em>Ἀχέροντα)</em></span> 
     </span>
    </p>
   </div>
   <div class='ocr_carea' id='block_1_7' title="bbox 0 0 1702 5067">
    <p class='ocr_par' dir='ltr' id='par_1_10' title="bbox 0 0 1702 5067">
     <span class='ocr_line' id='line_1_43' title="bbox 0 0 1702 5067; baseline 0 0"><span class='ocrx_word' id='word_1_463' title='bbox 0 0 1702 5067; x_wconf 95' lang='lat' dir='ltr'> </span> 
     </span>
    </p>
   </div>
  </div>
 </body>
</html>
