3392 5067
1454 254 1514 317 133

108 446 273 511 luculenta
303 445 444 511 adferre:
477 444 555 508 Call.
590 447 617 525 1,
649 442 687 505 18
703 466 750 527 sq.
786 444 853 529 λαῷ
884 450 942 528 γὰρ
970 448 1132 528 σύμπαντι
1158 447 1269 523 πόθος
1299 447 1512 532 κρατερόφρο-
1574 438 1576 503 ζ

107 575 162 629 νος
199 551 313 635 ἀνδρὸς
336 548 340 633 Ι
365 553 580 636 θνήσκοντος·
614 547 705 626 ζώων
736 544 765 613 δ’
782 546 872 625 όίξιος
903 546 1061 635 ἡμιθέων,
1082 548 1196 613 'Phoc
1229 548 1248 611 8
1280 545 1369 636 (ἔπη)
1403 555 1513 629 νυκτός

108 656 280 736 βουλεύειν,
303 657 412 731 νυκτός
435 650 471 718 δέ
492 677 544 718 τοι
568 650 697 737 όξυτέρη
719 658 801 738 φρὴν
820 652 825 732 l
845 654 1009 738 ἀνδράσιν·
1041 652 1154 739 ἡσυχίη
1179 646 1208 719 δ’
1224 658 1335 740 ἀρετὴν
1359 654 1512 743 διζημένη

108 760 228 845 ἐσθλή,
262 759 410 841 Theogn.·
435 757 499 820 255
516 779 562 840 sq.
591 756 761 821 κάλλιστον
793 760 831 821 τό
864 757 1082 822 δικαιότατον·
1117 758 1239 845 λῷστον
1270 753 1299 824 δ’
1321 758 1482 842 ὑγιαίνειν
1507 760 1511 841 l

108 874 238 952 πρῆγμα
262 863 297 928 δὲ
319 864 542 947 τερπνότατον,
566 872 622 925 τοῦ
644 885 694 939 τις
715 862 781 947 ἐρᾷ,
804 864 842 925 τό
865 868 983 943 τυχεῖν,
1009 861 1071 923 929
1081 883 1127 946 sq.
1151 862 1181 926 εί
1200 864 1335 946 μὲνγὰρ
1354 864 1510 943 πλουτεῖς,

108 966 227 1034 πολλοὶ
248 965 348 1053 φίλοι,
371 967 408 1054 ἢν
430 968 465 1031 δὲ
487 965 612 1053 πένηαι,
631 965 635 1051 l
652 976 780 1049 παῦροι,
807 962 938 1031 κούκέθ’
953 965 1039 1048 ὁμῶς
1061 970 1156 1044 αύτδς
1179 970 1254 1052 ἀνὴρ
1277 969 1409 1051 ἀγαθός.
1456 968 1513 1030 sed

109 1074 207 1137 etiarn
226 1071 345 1135 talibus
365 1074 598 1156 praetermissis
618 1072 706 1135 baud
727 1092 848 1154 parvus
868 1080 969 1133 restat
989 1091 1143 1133 numerus
1159 1070 1313 1152 locorum,
1339 1072 1512 1157 dequibus

108 1180 174 1242 iam
204 1178 386 1240 accuratius
421 1176 585 1259 agendum
619 1186 676 1239 est.
723 1198 762 1237 ac
796 1175 938 1259 primum
973 1175 1045 1238 dico
1081 1197 1177 1260 saepe
1211 1168 1294 1241 εἶναι
1329 1177 1441 1241 deesse
1477 1177 1510 1237 in

107 1285 147 1346 iis
171 1281 380 1365 carminibus,
404 1302 487 1365 quae
510 1284 779 1366 epigrammatum
804 1282 947 1363 speciem
970 1278 1100 1343 habent.
1148 1280 1234 1363 quod
1257 1282 1328 1365 ipsa
1353 1283 1511 1364 epigram-

108 1396 231 1451 matum
250 1396 375 1467 natura,
397 1386 517 1471 quippe
538 1409 620 1471 quae
642 1407 769 1449 summa
787 1384 948 1448 brevitate
965 1384 1103 1467 insignia
1126 1406 1196 1447 esse
1212 1384 1345 1468 soleant,
1371 1384 1511 1470 explica·

108 1502 175 1570 tur3
208 1492 248 1555 cf.
272 1492 411 1555 Demod.
436 1490 457 1553 2
485 1489 540 1555 καί
562 1491 637 1556 τόδε
661 1491 867 1577 Δημοδόκου·
898 1494 977 1554 Χῖοι
999 1486 1106 1554 κακοί·
1131 1492 1189 1570 ούχ
1212 1487 1315 1572 ὁμέν,
1339 1487 1375 1567 ὃς
1398 1489 1427 1555 δ’
1442 1490 1510 1570 ού)

109 1601 239 1676 πάντες,
270 1597 354 1684 πλην
376 1593 577 1679 Προκλέους·
605 1594 658 1659 καί
681 1593 848 1681 Προκλέης
868 1593 904 1660 δὲ
924 1591 1017 1658 Χίου.
1058 1593 1175 1656 deinde
1198 1587 1279 1658 εἶναι
1303 1616 1399 1677 saepe
1423 1598 1511 1658 omit-

109 1704 196 1785 titur,
224 1702 249 1763 si
273 1702 305 1763 in
329 1702 505 1763 enuntiatio
529 1721 701 1784 pronomen
727 1699 1017 1762 demonstrativum
1041 1708 1099 1780 est,
1123 1698 1213 1760 velut
1236 1696 1299 1761 Sol.
1317 1696 1345 1773 2,
1363 1698 1385 1760 4
1404 1692 1511 1763 Ἀττι-

108 1809 165 1884 κός
186 1801 279 1884 οὗτος
301 1808 376 1892 ἀνὴρ
399 1814 463 1870 τῶν
485 1805 766 1890 Σαλαμιναφετῶν,
790 1803 868 1867 ibid.
891 1803 942 1885 24,
960 1802 977 1864 7
1002 1798 1090 1868 ταῦτ’
1103 1804 1229 1890 ύίφενος,
1253 1802 1397 1885 Theogn.
1415 1802 1454 1864 91
1464 1825 1510 1887 sq.

109 1907 202 1989 οὗτος
224 1911 349 1994 ἑταῖρος
369 1911 373 1995 Ι
394 1909 507 1989 δειλός,
537 1908 579 1972 95
600 1910 746 1986 τοιοῦτός
767 1931 819 1972 τοι
841 1908 967 1992 ἑταῖρος
989 1911 1064 1993 δνηρ
1087 1905 1180 1993 φίλος
1202 1909 1272 1971 ούτι
1295 1901 1369 1991 μάλ)
1381 1895 1509 1986 ἐσθλός,

110 2013 182 2077 alia.
218 2023 287 2077 tum
307 2012 395 2079 ἐστίν
417 2024 490 2097 post
505 2013 608 2077 verba
629 2012 788 2096 quaedam
813 2011 914 2092 deest,
937 2020 1011 2096 post
1034 2034 1117 2095 quae
1141 2014 1239 2074 etiam
1261 2011 1349 2094 apud
1373 2011 1511 2095 reliquos

109 2127 222 2203 poetas
246 2120 348 2183 omitti
374 2118 463 2202 solet,
487 2116 576 2180 velut
598 2126 672 2202 post
695 2114 791 2199 θέμις
813 2114 959 2197 Theogn.
985 2114 1058 2197 688,
1086 2116 1171 2193 εἰκός
1196 2114 1269 2195 279,
1293 2122 1400 2200 χρεών,
1426 2116 1511 2199 quod
1552 2156 1554 2158 -

108 2224 316 2308 participium
340 2225 370 2286 in
393 2223 527 2287 Homeri
552 2221 749 2285 carminibus
778 2243 841 2283 non
869 2220 986 2303 legitur
1008 2258 1051 2265 —
1077 2222 1156 2302 χρεώ
1185 2222 1269 2283 enirn
1297 2220 1349 2283 vel
1375 2224 1432 2306 χρη
1459 2221 1511 2282 hic

111 2328 220 2390 dicere
241 2326 321 2390 solet
344 2366 398 2408 ——,
427 2327 504 2405 564,
530 2326 619 2405 όίξιος
643 2325 693 2407 78,
727 2329 763 2391 ού
786 2326 920 2391 δυνατόν
947 2324 1020 2406 626,
1050 2346 1189 2409 quocum
1217 2322 1287 2387 loco
1318 2323 1358 2388 cf.
1383 2324 1510 2409 521εη,

112 2431 166 2495 ubi
190 2432 328 2496 alterurn
350 2432 531 2496 membrum
556 2432 700 2516 bipertiti
728 2432 884 2494 enuntiati
910 2430 1109 2493 consecutivi
1136 2430 1241 2493 locum
1266 2432 1421 2493 enuntiati
1450 2434 1510 2514 pri-

111 2538 205 2600 marii
229 2537 374 2600 obtinere
402 2545 489 2620 puto,
501 2536 523 2620 ¹)
550 2544 638 2599 utet
666 2536 719 2599 hic
741 2532 812 2599 ἐστί
835 2535 1052 2620 supplendum
1075 2538 1128 2597 sit:
1157 2529 1309 2598 ὥσθ’ἕνα
1331 2538 1388 2617 μὲν
1410 2533 1511 2611 ξεῖνον

110 2643 276 2726 πατρώιον
291 2645 346 2705 ούκ
362 2638 560 2721 ἀπολείπειν,
577 2641 581 2723 l
595 2639 695 2717 ξείνια
711 2641 745 2705 δὲ
761 2636 928 2704 πλεόνεσσ’
938 2643 974 2704 ού
991 2640 1121 2716 δυνατός
1136 2638 1300 2723 παρέχειν,
1325 2638 1428 2716 αίτιος
1451 2639 1510 2699 133

112 2756 144 2809 et
164 2746 237 2827 834,
261 2750 397 2829 adeptor
420 2745 512 2827 Tyrt.
536 2745 583 2824 15,
607 2746 636 2807 6.
676 2743 761 2807 addc
789 2744 861 2825 alia,
885 2742 976 2806 velut
998 2742 1061 2806 Sol.
1085 2743 1115 2824 4,
1137 2742 1154 2803 7
1181 2743 1281 2827 δήμου
1304 2737 1512 2826 θ’ύγεμόνιαν

111 2851 224 2928 δίδικος
246 2851 318 2927 νόος
341 2860 373 2911 et
393 2847 542 2932 Xenoph.
567 2849 595 2930 1,
615 2849 687 2931 lsq.
711 2857 764 2912 νῦν
779 2852 837 2932 γὰρ
855 2848 893 2933 δη
909 2846 1049 2925 ζάπεδον
1064 2849 1209 2931 καθαρόν
1224 2844 1278 2909 καὶ
1294 2852 1393 2929 χεῖρες
1408 2849 1512 2911 ἁπόν-

112 2980 175 3020 ταιν
196 2955 199 3040 l
219 2953 273 3019 καί
295 2954 417 3031 κύλικες
440 2963 480 3032 et,
506 2952 622 3036 quibus
645 2952 723 3016 locis
747 2952 989 3015 substantivum
1017 2974 1090 3014 curn
1119 2952 1355 3037 praepositione
1384 2953 1511 3013 coniun-

113 3069 200 3123 ctum
222 3080 280 3143 pro
301 3058 487 3142 praedicato
512 3068 570 3139 est,
587 3057 732 3139 Theogn.
751 3055 814 3119 833
830 3061 937 3121 πάντα
952 3052 1024 3121 τόδ’
1036 3057 1069 3119 ἐν
1083 3060 1252 3141 κοράκεσσι,
1267 3053 1322 3119 καί
1336 3055 1370 3118 ἐν
1384 3058 1512 3142 φθόρῳ,

115 3162 197 3227 1256
229 3160 351 3228 ούποτὲ
377 3156 408 3227 oi
435 3166 541 3246 θυμὸς
567 3164 600 3227 ἐν
626 3162 811 3250 εὐφροσύνη.
857 3182 1101 3245 nonnumquam
1133 3159 1178 3243 fit,
1206 3169 1242 3222 ut
1271 3150 1353 3224 εἶναι
1383 3160 1416 3221 in
1444 3181 1513 3243 pro-

112 3271 199 3332 ximo
231 3269 396 3331 enuntiato
424 3267 550 3350 legatur
578 3276 619 3348 et,
646 3288 687 3329 ne
711 3268 811 3330 oratio
835 3265 967 3329 moleste
991 3265 1031 3328 ad
1055 3284 1149 3327 aures
1172 3263 1310 3347 accidat,
1335 3265 1512 3340 omittatur3

113 3373 153 3435 cf.
171 3372 316 3455 Theogn.
336 3372 395 3453 167
406 3394 452 3456 sq.
470 3367 540 3437 dtt'
552 3373 636 3459 όλλφ
651 3374 749 3437 κακόν
768 3372 848 3452 ἐστι,
869 3373 906 3435 τὸ
928 3366 957 3435 δ’
965 3371 1092 3456 ἀτρεκὲς
1112 3369 1223 3450 δ’λβιος
1237 3366 1340 3446 οὐδεὶς
1361 3368 1364 3453 l
1385 3370 1514 3449 ἀνθρώ-

112 3500 194 3557 πων,
219 3476 360 3554 ὁπόσους
383 3474 488 3565 ηὲλιος
509 3482 647 3564 καθορᾷ,
671 3476 750 3540 ibid.
772 3477 809 3538 17
834 3477 904 3541 ὅττι
927 3475 1032 3555 καλόν,
1056 3473 1151 3562 φίλον
1173 3470 1252 3538 ἐστί.

217 3579 281 3659 Qui
305 3581 413 3644 adhuc
436 3584 566 3643 tractati
589 3590 663 3643 sunt
690 3581 752 3644 loci
775 3591 905 3665 praeter
928 3579 1072 3661 Theogn.
1097 3581 1134 3641 17
1159 3582 1204 3643 ita
1228 3578 1404 3661 comparati
1429 3588 1512 3655 sunt,

113 3694 147 3748 ut
177 3677 259 3749 εἶναι
292 3687 324 3748 in
360 3687 532 3749 enuntiatis
564 3686 723 3769 primariis
755 3686 846 3749 desit.
894 3684 951 3745 sed
980 3686 1077 3746 etiam
1104 3685 1136 3745 in
1160 3684 1333 3747 enuntiatis
1358 3682 1513 3743 secunda-

112 3790 167 3852 riis
197 3811 256 3874 pro
286 3812 439 3853 versuum
472 3811 607 3852 numero
634 3790 752 3853 vocula
786 3812 824 3852 ea
856 3811 952 3873 saepe
986 3790 1102 3852 omissa
1134 3798 1191 3851 est.
1237 3786 1322 3871 quod
1358 3796 1393 3848 ut
1426 3786 1513 3869 apud

112 3894 291 3958 Homerum
320 3894 374 3976 (cf.
403 3894 454 3957 La
476 3894 587 3957 Roche
609 3894 628 3956 l.
652 3916 679 3956 c.
706 3917 736 3978 p.
759 3892 836 3977 732)
864 3894 909 3954 ita
937 3893 1023 3977 apud
1051 3902 1162 3976 poetas
1190 3890 1348 3973 elegiacos
1372 3892 1513 3953 maximo

113 3998 153 4061 de
177 3999 350 4061 enuntiatis
374 3998 517 4062 relativis
540 3999 636 4062 valet.
684 4007 756 4060 sunt
779 4006 888 4060 autem
912 3996 974 4059 loci
998 3996 1043 4058 hi:
1069 3996 1132 4058 Sol.
1158 3994 1187 4077 4,
1212 3994 1229 4055 7
1261 3985 1345 4059 οἷσιν
1373 3996 1511 4076 ἑτοῖμον,

218 4210 237 4273 ¹)
256 4209 298 4257 De
325 4208 392 4257 locis
419 4207 552 4258 similibus
580 4209 612 4257 cf.
638 4208 767 4256 Knehner
790 4208 836 4257 Gr.
860 4226 896 4272 gr.
926 4211 940 4269 ξ
965 4209 1027 4267 585,
1049 4209 1070 4266 1,
1107 4205 1153 4253 ubi
1181 4207 1250 4252 inter
1273 4203 1340 4251 alios
1364 4204 1412 4252 hos
1437 4207 1513 4251 citat:

111 4298 195 4347 Thuc.
210 4296 234 4345 V
249 4298 280 4345 14
302 4296 400 4358 ξυνέβη
420 4332 479 4358 ...,
502 4295 568 4345 ὥστε
591 4296 714 4361 πολέμου
737 4295 791 4361 μὲν
813 4294 903 4360 μηδὲν
926 4292 967 4344 ἐ’τι
989 4296 1118 4360 ἅψασθαι
1138 4290 1313 4357 μηδετέρους,
1331 4292 1398 4357 πρὸς
1416 4290 1446 4339 δὲ
1467 4294 1514 4352 τὴν

111 4384 223 4452 εἰρήνην
241 4382 349 4449 μᾶλλον
367 4384 415 4445 τὴν
434 4379 549 4447 γνώμην
567 4375 650 4447 εἶχον,
670 4382 791 4446 Xenoph.
810 4382 860 4429 An.
879 4381 932 4429 IIII
951 4384 974 4441 2,
990 4384 1020 4428 15
1039 4381 1179 4429 λείπουσιν
1199 4379 1225 4427 οί
1242 4380 1375 4444 βάρβαροι
1394 4377 1514 4442 ἀμαχητὶ

111 4474 160 4523 τὸν
186 4470 304 4538 μαστόν,
332 4469 398 4520 ὥστε
427 4471 592 4535 θαυμαστὸν
618 4474 687 4519 πᾶσι
713 4470 847 4535 γενέσθαι
874 4468 919 4517 καί
946 4465 1121 4530 ύπώπτευον;
1150 4474 1267 4516 ceterum
1295 4465 1364 4514 idem
1396 4474 1460 4513 usus
1489 4472 1515 4512 et

111 4559 183 4623 apud
206 4558 353 4607 Homerum
382 4562 417 4605 et
436 4556 507 4621 apud
535 4562 628 4623 poetas
651 4556 785 4622 elegiacos
812 4570 893 4621 saepe
920 4557 948 4605 in
976 4557 1122 4606 enuntiatis
1150 4555 1277 4617 relativis,
1300 4553 1328 4603 id
1350 4552 1421 4619 quod
1445 4554 1516 4601 infra

112 4646 260 4710 ostendam,
279 4645 445 4696 observatur.
