3392 5067
1534 282 1554 347 9

153 474 242 561 quod
265 474 351 539 Guil.
372 475 485 541 Braun
496 475 518 562 ¹)
542 476 644 540 fusius
668 469 891 539 demonstrare
915 483 1048 537 conatus
1072 482 1121 537 est
1148 495 1185 537 eo
1208 482 1317 538 tamen
1340 473 1457 539 ductus
1481 498 1553 540 con·

153 578 236 664 silio,
260 588 296 643 ut
315 578 471 665 probaret
494 580 651 645 Octaviae
674 576 819 643 fabulam
842 578 948 642 media
972 599 1003 662 q.
1028 576 1060 641 d.
1087 598 1169 640 aevo
1200 577 1300 660 (saec.
1324 577 1552 668 XII-XIIII)

153 686 373 769 conscriptam
389 706 470 749 csse.
503 690 677 769 postquam
693 684 779 747 enim
801 682 855 747 ille
878 706 910 768 p.
930 682 970 745 12
980 703 1049 767 sqq.
1073 680 1174 746 libelli
1196 684 1246 746 sui
1271 681 1359 746 locos
1382 686 1554 768 congessit,

151 786 270 873 quibus
286 786 444 853 Octaviae
468 789 659 874 scriptorem
684 787 829 853 Senecae
853 786 1037 871 tragoedias
1060 787 1148 850 etin
1170 787 1283 871 primis
1303 787 1469 852 ‘Troades’
1485 790 1554 851 imi·

149 901 256 957 tatum
276 914 348 958 esse
371 893 626 970 confirmaretur,
652 892 823 957 ostendere
847 890 971 955 studuit
992 899 1093 955 totam
1115 889 1261 954 fabulam
1284 912 1327 953 ex
1342 891 1455 956 Tacito
1477 915 1554 978 pen·

150 996 231 1061 dere
254 996 341 1080 locis,
366 998 482 1082 quibus
499 999 529 1061 ei
552 996 726 1062 similitudo
743 996 905 1081 quaedam
928 997 1012 1059 inter
1027 994 1177 1059 Tacitum
1200 1004 1233 1059 et
1248 993 1405 1059 Octaviae
1422 999 1553 1082 scripto·
1656 987 1660 993 ⁷

148 1122 220 1165 rem
242 1102 444 1167 intercedere
460 1101 641 1179 videbatur,
666 1102 862 1165 enumeratis
884 1122 942 1186 pp.
961 1098 1100 1164 20-47.
1131 1100 1209 1163 item
1231 1099 1320 1164 locos
1343 1120 1387 1163 ex
1409 1101 1553 1166 Senecae

149 1204 242 1270 libris
263 1228 360 1291 prosa
383 1209 526 1271 oratione
549 1208 739 1292 conscriptis
760 1205 947 1290 desumptos
971 1226 1046 1268 cum
1068 1202 1226 1268 similibus
1241 1203 1400 1268 Octaviae
1424 1227 1553 1293 compo·

150 1311 225 1391 suit,
253 1319 289 1374 ut
315 1310 449 1396 planum
475 1312 607 1397 faceret,
636 1309 734 1393 unde,
762 1331 845 1395 quae
873 1311 907 1374 in
930 1307 1069 1372 Octavia
1095 1317 1278 1390 narrantur,
1309 1310 1411 1395 petita
1434 1320 1551 1375 essent.

148 1413 185 1477 id
207 1416 293 1479 enim
316 1437 375 1501 pro
399 1425 485 1481 certo
508 1416 608 1481 habet
630 1416 755 1480 Braun:
779 1436 837 1478 nos
854 1413 895 1477 de
919 1412 1068 1478 omnibus
1090 1413 1200 1496 rebus,
1223 1434 1307 1499 quae
1329 1414 1362 1477 in
1379 1436 1418 1479 ea
1440 1415 1552 1480 fabula

150 1531 453 1598 commemorantur,
482 1519 525 1583 ab
553 1519 623 1584 aliis
646 1541 775 1606 quoque
804 1518 1016 1605 scriptoribus
1040 1517 1169 1581 edoceri
1197 1537 1302 1602 neque
1329 1518 1429 1584 ullam
1455 1520 1552 1583 inea

147 1646 219 1690 rem
242 1626 341 1709 tangi,
371 1647 455 1710 quae
477 1647 541 1689 non
565 1646 608 1689 ex
634 1646 743 1689 rerum
767 1625 960 1710 scriptorum
982 1621 1083 1707 libris,
1112 1624 1167 1707 qui
1190 1622 1322 1707 quidem
1343 1622 1386 1687 ad
1409 1633 1552 1688 nostram

149 1736 290 1793 aetatem
311 1740 541 1816 pervenerunt,
568 1729 690 1794 hauriri
712 1730 865 1816 potuerit.
911 1730 958 1793 sic
982 1750 1025 1792 ex
1047 1727 1154 1793 Taciti
1175 1729 1362 1812 imitatione,
1392 1750 1475 1814 quae
1498 1750 1551 1791 res

148 1833 292 1900 Braunio
316 1837 495 1900 certissima
518 1844 576 1920 est,
599 1856 789 1922 progressus
812 1857 843 1920 p.
866 1832 908 1898 56
919 1854 966 1917 sq.
994 1832 1037 1896 ad
1066 1854 1158 1896 suam
1185 1830 1226 1897 de
1249 1831 1407 1896 Octaviae
1430 1836 1552 1918 origine

149 1940 344 2003 sententiam
370 1939 600 2026 proferendam
627 1948 659 2002 et
687 1938 915 2004 stabiliendam
943 1939 1101 2022 pervenit.
1153 1938 1272 2001 etenim
1300 1959 1373 2001 cum
1401 1936 1550 2016 Octavia,

148 2052 262 2128 utpote
290 2065 332 2106 ex
354 2044 460 2108 Taciti
491 2044 661 2109 annalibus
693 2042 810 2108 hausta
837 2043 906 2107 sine
934 2041 1034 2106 dubio
1060 2050 1134 2128 post
1156 2065 1185 2106 a.
1205 2042 1265 2104 117
1291 2044 1473 2128 conscripta
1501 2044 1551 2125 sit,

148 2148 307 2232 proximis
330 2157 439 2211 autem
456 2147 593 2212 saeculis
616 2148 690 2212 talis
714 2147 882 2232 tragoedia
896 2147 1018 2211 nemini
1040 2146 1171 2231 placere
1193 2147 1343 2232 potuerit,
1367 2148 1551 2212 necessario

149 2252 343 2317 sumendum
366 2274 437 2316 esse
462 2252 629 2317 contendit
652 2275 724 2317 eam
751 2251 866 2316 studiis
889 2251 1109 2315 Romanorum
1137 2252 1330 2336 scriptorum
1353 2253 1551 2316 resuscitatis

147 2359 168 2419 i.
190 2379 217 2421 e.
242 2365 316 2442 post
345 2379 430 2421 saec.
453 2357 521 2421 XII
549 2357 682 2423 demum
710 2379 780 2420 esse
810 2358 1032 2442 compositam.
1085 2354 1200 2419 eodem
1226 2356 1325 2439 igitur
1352 2355 1457 2432 modo,
1487 2377 1550 2441 quo

149 2460 341 2526 Albertiuus
370 2461 535 2527 Mussatus
570 2461 639 2549 (qui
670 2485 697 2524 a.
729 2461 812 2525 1328
844 2460 896 2525 vel
930 2459 1014 2524 1330
1044 2469 1189 2523 mortuus
1219 2458 1282 2540 est)
1316 2461 1350 2524 in
1383 2461 1551 2544 tragoedia

149 2565 325 2631 ‘Achilleis'
349 2568 504 2653 inscripta
532 2566 725 2651 (composuit
747 2565 801 2630 ille
824 2566 923 2630 etiam
950 2564 1152 2648 tragoediam
1180 2564 1362 2650 ‘Ecerinis')
1390 2564 1551 2630 Senecam

147 2672 290 2736 imitatus
313 2673 363 2754 sit,
388 2670 546 2736 Octaviae
570 2691 697 2755 quoque
721 2672 912 2756 scriptorem
934 2668 1031 2734 rebus
1054 2669 1131 2753 ipsis
1155 2690 1198 2731 ex
1213 2667 1326 2732 Tacito
1349 2668 1550 2754 depromptis

149 2774 307 2840 Senecam
338 2775 494 2840 imitando
522 2784 670 2839 secutum
698 2796 778 2838 esse.
825 2796 900 2838 cum
927 2784 1037 2837 autem
1064 2772 1210 2838 Senecae
1240 2772 1347 2837 studia
1376 2775 1409 2837 in
1436 2776 1550 2860 primis

150 2901 235 2944 saec.
260 2880 363 2945 XIIII
390 2879 566 2961 floruerint,
593 2881 664 2942 veri
688 2879 791 2944 simile
822 2900 893 2943 esse
920 2876 1093 2942 Octaviam
1122 2875 1176 2941 illo
1206 2876 1335 2941 saeculo
1364 2876 1501 2942 fortasse
1532 2902 1552 2943 a

149 2984 275 3049 Seneca
298 2984 439 3069 quodam
462 2982 641 3070 (significat
664 2982 823 3048 Senecam
846 2982 1081 3065 Camertinum,
1105 2982 1160 3066 qni
1184 3002 1212 3044 c.
1233 3004 1261 3045 a.
1286 2980 1370 3046 1420
1393 2982 1551 3048 Anconae

148 3088 247 3175 vixit)
271 3090 490 3174 conscriptam
506 3110 587 3152 esse.
619 3088 749 3152 codices
766 3089 863 3169 enim,
888 3085 1006 3173 quibus
1021 3085 1161 3151 Octavia
1175 3084 1296 3150 tradita
1315 3086 1365 3168 sit,
1389 3108 1474 3153 saec.
1484 3087 1551 3151 XV

147 3216 212 3259 non
234 3196 427 3258 vetustiores
455 3215 535 3257 esse.
583 3202 615 3257 et
641 3192 786 3257 fabulam
813 3192 903 3256 illam
926 3213 1010 3255 nono
1038 3190 1108 3254 loco
1131 3190 1173 3254 ab
1202 3192 1272 3276 ipso
1295 3192 1454 3277 scriptore
1477 3215 1549 3256 con·

148 3298 229 3362 sulto
257 3300 289 3362 in
321 3298 451 3361 codices
480 3300 636 3362 insertam
663 3318 743 3381 esse,
771 3307 808 3360 ut
834 3297 936 3383 ipsius
964 3294 1110 3360 Senecae
1138 3317 1219 3381 opus
1246 3305 1423 3381 putaretur.
1469 3296 1551 3361 haec

147 3401 216 3466 fere
239 3402 360 3466 Braun.
396 3404 486 3466 cuius
510 3411 693 3466 commenta
721 3424 795 3465 cum
818 3404 882 3466 iam
905 3424 925 3464 a
948 3400 989 3466 G.
1010 3399 1163 3465 Richtero
1186 3401 1263 3464 satis
1286 3399 1420 3486 explosa
1443 3400 1549 3487 sinu),

146 3528 253 3591 pauca
282 3516 407 3572 tantum
436 3506 499 3571 hoc
527 3506 599 3571 loco
628 3528 799 3592 exponam.
845 3506 1056 3592 acuprimum
1087 3503 1239 3589 permulti
1267 3503 1405 3587 codices,
1433 3504 1550 3591 quibus

147 3609 287 3675 Octavia
309 3612 500 3694 continetur,
524 3612 588 3675 iem
614 3632 697 3674 saec.
715 3610 818 3674 XIIII
841 3610 954 3696 scripti
981 3611 1095 3691 sunt,³)
1124 3608 1241 3674 deinde
1268 3617 1343 3672 ante
1366 3608 1442 3673 Alb.
1463 3610 1549 3673 Mus-

146 3726 259 3800 satum,
284 3724 320 3779 ut
342 3717 412 3779 iure
427 3715 563 3779 Richter
585 3712 674 3801 uiti),
699 3736 793 3779 nemo
817 3723 895 3796 erat,
920 3714 1031 3799 quiin
1055 3712 1245 3778 scribendas
1268 3713 1453 3797 tragoedias
1476 3737 1549 3799 ope·

146 3843 215 3885 ram
244 3819 457 3906 impenderet,
489 3828 522 3882 et
543 3819 707 3882 Mussatus
730 3820 810 3902 ipse,
841 3822 897 3903 qui
928 3840 1003 3882 cum
1032 3817 1104 3881 Nic.
1119 3817 1281 3883 Trevetho
1312 3817 1383 3903 (qui
1410 3840 1439 3883 a.
1466 3819 1547 3882 1327

146 3934 285 3989 mortem
313 3922 406 4011 obiit)
436 3923 543 3988 studia
572 3921 716 3987 Senecae
744 3923 986 4007 tragoediarum
1013 3923 1233 4006 resuscitavit,
1261 3922 1434 3987 Octaviam
1461 3922 1550 3988 haud

151 4028 250 4095 dubie
272 4037 418 4111 noverat,
441 4027 474 4092 id
497 4028 584 4114 quod
608 4027 648 4091 de
669 4026 800 4093 Colucio
817 4026 963 4092 Salutato
987 4026 1233 4113 (1330-1406)
1257 4036 1406 4091 constare
1429 4027 1550 4092 addere

251 4240 271 4303 ¹)
291 4239 323 4289 In
341 4238 442 4301 libello,
465 4240 509 4288 cni
528 4240 675 4304 inscripsit:
700 4239 762 4289 ‘Die
780 4239 915 4305 'Iragtdie
933 4238 1048 4290 Octavia
1065 4237 1121 4288 und
1139 4237 1183 4288 die
1201 4237 1261 4288 Zeit
1278 4237 1350 4287 ihrer
1368 4237 1548 4306 Entstehung'

147 4326 248 4392 (Kiliss
266 4326 392 4392 a1863).

250 4415 270 4481 ²)
289 4414 321 4464 In
340 4429 403 4465 ann.
422 4412 487 4480 phil.
506 4418 525 4464 t.
538 4412 693 4464 LXXXXV.
709 4414 803 4479 260sq.
824 4420 852 4463 et
871 4413 911 4464 ed.
930 4414 1014 4479 praef.
1032 4430 1058 4479 p.
1070 4413 1167 4479 XIIsq.

252 4500 273 4567 ³)
293 4501 326 4549 In
345 4501 444 4566 quibus
461 4500 543 4551 naui.
562 4502 634 4563 aas
653 4502 688 4567 (a.
704 4485 774 4550 isss'
789 4500 882 4565 aaa),
900 4499 990 4551 Ama.
1009 4500 1034 4549 Ι)
1048 4502 1108 4563 ars,
1126 4500 1187 4550 var.
1205 4499 1253 4551 nt.
1274 4501 1349 4563 uss,
1366 4500 1456 4552 amsi.
1475 4501 1502 4550 Η
1515 4502 1548 4554 rr

142 4588 189 4639 inf.
210 4590 238 4655 (a
260 4588 378 4652 138011.)
398 4587 459 4652 alii3
477 4587 511 4639 cf.
530 4588 630 4638 Leonis
648 4587 690 4638 ed.
703 4587 738 4649 II,
757 4604 782 4652 p.
796 4588 855 4637 339.

249 4676 271 4745 ⁴)
292 4674 332 4725 Of.
352 4673 393 4726 ed.
412 4675 495 4741 praei.
513 4692 539 4741 p.
552 4675 612 4725 XII.
