3392 5067
305 76 321 84 ,2
345 0 494 52 ,aff-³⁸⁹-

438 200 562 264 352

438 392 682 476 zlavtyli
730 392 1000 454 formam
1045 391 1500 453 nanciscamur
1545 437 1617 470 -,
1661 437 1807 457 „w
1871 398 2069 475 atque
2117 391 2207 453 ita
2253 412 2511 476 semper
2542 389 2926 474 AeschyluS‚
2977 413 3244 474 semper

434 496 570 560 fem
622 494 970 580 Sophocles
1016 493 1141 557 hac
1188 493 1517 558 solutionis
1564 492 1774 557 forma
1819 515 1971 555 usus
2019 503 2134 557 est.
2199 493 2350 556 vide
2399 515 2639 579 quaeso
2686 493 2848 558 haec
2896 495 3240 580 exempla:

438 600 702 684 Antiph.
770 598 889 678 821
952 596 1296 684 ἐστρηνίων
1354 622 1514 680 πως,
1576 600 2102 684 καταβεβρωκὼς,
2177 597 2369 680 12211
2435 601 2712 664 αὐτόθεν
2779 622 2895 664 ποι
2965 597 3244 683 γέγονεν,

446 708 602 784 lui-3„
654 708 726 768 τὸ
778 702 951 788 γένος
994 703 1113 767 ὤν·
1161 704 1517 785 περιτυχών
1562 701 1707 765 alia.
1801 702 1990 785 longe
2041 702 2334 787 plurimis
2388 702 2545 766 locis
2591 711 2806 766 autem
2853 702 3248 786 monosylla-

441 808 594 872 bum
650 820 714 872 ct
762 830 908 886 vox,
968 828 1131 890 quae
1186 807 1492 891 sequitur,
1551 827 1749 868 unum
1808 808 1990 892 quasi
2046 805 2340 870 efficiunt
2395 829 2650 893 corpus,
2707 829 2903 892 quam
2959 805 3250 871 formam

438 936 632 996 supra
682 912 1062 991 mutavimus,
1114 909 1224 973 ubi
1271 910 1351 973 de
1403 912 1434 972 1
1470 909 1533 973 Α
1580 912 2015 995 exposuimus,
2064 909 2243 974 velut
2284 910 2552 996 Antiph.
2594 909 2748 993 1281
2805 914 2916 976 τὸν
2958 934 3251 995 τεμαχο-

442 1020 678 1104 fritillas-2³„
726 1015 881 1098 2233
907 1018 1019 1080 τὸν
1049 1015 1293 1099 γαλεόν,
1330 1013 1564 1078 Eubul.
1592 1014 1709 1096 313
1745 1017 1859 1092 τὰς
1889 1015 2144 1092 κύλικας
2177 1015 2257 1078 al.
2305 1015 2477 1078 idem
2505 1013 2678 1079 valet
2701 1015 2782 1078 de
2813 1015 2937 1079 hoc
2961 1036 3247 1098 genere:

650 1120 730 1180 D.
794 1117 1215 1203 Componitur
1262 1118 1562 1202 dactylus
1608 1117 2052 1203 monosyllabo
2101 1128 2164 1181 et
2208 1141 2370 1182 voce
2416 1117 2761 1203 bisyllaba.
2833 1119 2917 1182 ad
2963 1119 3252 1182 alteram

442 1224 710 1288 fui-uiam
802 1273 843 1300 „
891 1271 1007 1291 „Q
1064 1231 1384 1308 spectant:
1442 1221 1711 1306 Antiph.
1760 1221 1842 1304 21
1897 1226 2010 1307 γὰρ
2065 1225 2260 1287 κακὸν
2312 1218 2494 1304 ἔχων,
2547 1222 2698 1305 2611
2749 1231 2895 1307 γοῦν
2937 1220 3052 1287 ἐπὶ
3102 1233 3248 1309 μιᾷ,

446 1330 602 1408 1441,
654 1332 766 1412 μὲν
809 1332 970 1412 μετὰ
1015 1329 1090 1391 τὸ
1134 1327 1451 1406 πλουτεῖν,
1499 1325 1845 1390 Anaxand.
1896 1325 1979 1388 33
1997 1369 2044 1408 5,
2093 1325 2362 1390 Philem.
2413 1325 2590 1408 8811,
2653 1325 2826 1389 Men.
2879 1327 3022 1409 131,
3094 1326 3252 1408 751,

438 1432 622 1512 *lilim
682 1432 859 1512 [5542.
954 1430 1139 1493 alteri
1192 1428 1633 1494 adscribendi·
1670 1440 1822 1492 sunt
1875 1429 1939 1492 hi
1988 1430 2140 1493 loci:
2201 1429 2465 1515 Antiph.
2512 1429 2600 1492 44
2617 1473 2640 1510 5
2689 1424 2848 1519 μηδ’
2889 1425 3049 1516 ἕτερ’
3095 1431 3254 1495 ἐπι-

438 1536 630 1624 ζῇτεῑ,
666 1534 1012 1600 Auuxand.
1047 1533 1166 1615 561
1200 1536 1309 1598 τὸν
1339 1529 1588 1618 πατέρ’,
1622 1532 1900 1597 Nicostr.
1934 1532 2017 1596 28
2029 1575 2052 1615 3
2086 1537 2198 1599 τὸν
2227 1532 2391 1616 βίον,
2441 1533 2708 1598 Diodor.
2744 1534 2814 1616 31
2865 1538 2978 1600 τὸν
3020 1536 3252 1618 νόμον,

446 1640 614 1704 lile-11.
670 1648 686 1668 ⁴
714 1639 883 1718 2421
933 1642 1043 1703 τὸν
1087 1643 1306 1723 γάμον,
1353 1636 1536 1719 4881.

657 1748 722 1808 Ε.
802 1743 1103 1807 Efficitur
1159 1740 1479 1824 bisyllabo
1536 1750 1598 1803 et
1654 1743 1830 1806 initio
1876 1742 2064 1805 verbi
2113 1744 2410 1826 proximi,
2458 1740 2686 1806 veluti:
2763 1741 3002 1806 Eubul.
3057 1743 3252 1824 1101,

442 1848 714 1908 Nimiam:
766 1848 866 1929 61,
934 1846 1210 1931 Ephipp.
1264 1845 1345 1908 15
1389 1845 1551 1910 ἀλλὰ
1602 1843 1987 1930 καθαρείως,
2045 1846 2373 1929 Posidipp.
2423 1845 2547 1928 301
2602 1847 2749 1911 οὐδὲ
2803 1846 3005 1930 μέχρι,
3063 1847 3250 1910 Men.

454 1952 594 2032 1371
674 1952 831 2036 μ-ιμῖὲ
909 1954 1262 2036 προσάγου,
1347 1949 1511 2030 3633
1585 1951 1732 2016 οὐδὲ
1802 1944 2072 2031 χλανίδ’,
2144 1950 2347 2032 *3761
2423 1953 2645 2036 μικρὸν
2711 1948 3063 2035 ἐπιμείνας.
3169 1973 3250 2013 en

442 2056 638 2120 hahes
698 2054 967 2118 eundem
1022 2056 1295 2118 formam
1352 2077 1506 2120 sane
1560 2054 2176 2137 inelegantissimam
2232 2103 2379 2136 -υ,
2431 2103 2477 2123 υ
2535 2054 2615 2118 de
2672 2076 2798 2138 qua
2853 2058 2984 2117 iam
3041 2076 3252 2140 supra

438 2184 498 2244 p.
550 2160 674 2224 34ss
726 2157 930 2222 verba
984 2157 1278 2222 fecimus,
1343 2159 1585 2242 primus
1640 2158 1813 2243 quod
1875 2160 2076 2222 sciam
2109 2158 2579 2244 Aristophanes
2631 2158 2786 2223 talia
2846 2158 3157 2223 exhibuit
3188 2160 3253 2244 ¹),

442 2264 554 2328 sed
614 2264 782 2348 qum]
840 2263 1053 2347 priore
1108 2262 1249 2326 loco
1307 2262 1387 2325 de
1434 2285 1658 2326 versus
1714 2264 1892 2326 initio
1941 2264 2346 2327 continenter
2398 2263 2874 2348 pronuntiando
2930 2263 3250 2347 diximuS,

442 2372 562 2432 111111
610 2368 746 2428 11:221:-
794 2389 914 2430 non
966 2368 1135 2430 omni
1184 2388 1269 2429 ex
1315 2377 1498 2451 parte
1543 2365 1740 2450 valet,
1774 2369 1926 2452 quia
1967 2368 2031 2430 in
2078 2369 2218 2451 ipso
2263 2370 2452 2431 tertio
2499 2367 2669 2453 pede
2718 2390 3024 2432 caesurae
3072 2371 3253 2452 prin-

442 2472 666 2556 ripalis
730 2472 906 2534 lucus
969 2471 1318 2555 quaeritur.
1412 2469 1527 2532 sed
1590 2471 1862 2534 fortasse
1923 2470 2029 2534 hic
2083 2472 2541 2556 pronuntiandi
2607 2471 2900 2536 molestia
2960 2482 3251 2535 accentu

442 2576 722 2660 quisdam
778 2575 967 2638 modo
1022 2574 1472 2658 mitigabatur3
1537 2595 1663 2637 non
1728 2577 1897 2638 enim
1953 2575 2017 2637 id
2076 2598 2230 2639 casu
2286 2575 2527 2639 factum
2586 2597 2729 2638 esse
2781 2583 2956 2661 puto,
3012 2584 3086 2638 ut
3149 2576 3250 2639 his

442 2680 594 2743 louis
650 2679 945 2744 [minibus
999 2677 1321 2742 vocabula
1378 2688 1691 2762 oxytona:
1768 2679 1950 2758 ἀλλά,
2007 2679 2175 2759 οὐδέ,
2230 2679 2394 2766 μηδέ
2444 2678 2770 2762 legantur.
2861 2689 3058 2763 atque
3122 2679 3249 2742 hac

441 2808 506 2848 re
556 2785 1139 2868 pronuntiationem
1186 2782 1386 2846 multo
1434 2781 1789 2846 faciliorem
1836 2781 1975 2845 fieri
2022 2804 2213 2846 nemo
2260 2784 2486 2867 opinor
2533 2783 2818 2866 negabit.

1000 2974 1057 3038 3.
1151 2971 1536 3057 Dactylus
1611 2971 1986 3036 formatur
2059 2975 2310 3036 ternis
2385 2973 2669 3063 verbis,

650 3112 730 3176 Α.
806 3111 1036 3174 Thesis
1087 3121 1338 3174 constat
1383 3133 1468 3173 ex
1513 3111 1700 3174 verbi
1749 3110 2065 3191 clausula,
2113 3113 2289 3195 prior
2335 3114 2496 3176 arsis
2544 3133 2725 3177 mora
2770 3112 3246 3196 monosyllab0‚

438 3220 750 3300 punierint·
802 3217 973 3278 initio
1022 3218 1198 3278 vocis
1245 3217 1578 3300 proximae
1627 3217 2008 3278 continetur.
2105 3237 2251 3279 cum
2300 3217 2597 3281 omnibus
2651 3216 2810 3279 locis
2855 3215 3245 3300 monosylla‘-

442 3320 614 3396 huin.
662 3320 835 3404 quud
884 3330 981 3382 est
1025 3320 1407 3404 plerumque
1454 3318 1767 3383 articulus
1815 3322 1921 3383 vel
1968 3322 2380 3406 praepositio,
2432 3342 2579 3384 cum
2611 3341 2772 3384 voce
2819 3341 2984 3403 quae
3034 3323 3244 3405 sequi·
3345 3406 3350 3409 ·

438 3440 542 3488 tur
590 3423 982 3504 iungendum
1033 3427 1131 3506 sit,
1188 3423 1372 3486 vides
1418 3424 1524 3487 hic
1570 3422 1843 3486 formam
1889 3425 2371 3488 usitatissimam
2417 3424 2458 3487 2
2501 3423 2562 3487 Α
2608 3446 2962 3487 recurrere.
3037 3447 3243 3509 quare

442 3532 594 3592 satis
642 3549 836 3612 saepe
881 3527 1112 3610 tragici
1160 3528 1353 3590 etiam
1398 3525 1521 3589 hoc
1569 3527 1760 3590 modo
1809 3529 1978 3590 tertii
2029 3528 2215 3612 pedis
2264 3527 2599 3612 dactylum
2647 3527 3240 3591 conformaverunt.

438 3636 654 3716 itaque
706 3622 836 3696 nun
875 3652 1016 3694 esse
1062 3638 1235 3714 put0,
1287 3652 1401 3693 cur
1441 3629 1615 3694 locos
1647 3631 1965 3712 LXVIII,
2010 3631 2244 3717 quibus
2288 3654 2365 3696 ea
2405 3630 2613 3695 forma
2652 3633 3026 3695 etiamnunc
3069 3655 3242 3696 com·
3280 3682 3289 3693 .

438 3736 710 3820 prulfflta
766 3744 860 3797 est
916 3736 979 3796 in
1038 3735 1429 3798 comicorum
1487 3737 1916 3799 recentiorum
1972 3735 2372 3819 fragmenti5‚
2421 3738 2790 3799 accuratius
2838 3758 3237 3799 enumerem.

438 3840 626 3924 plane
676 3840 848 3902 idam
893 3837 1068 3902 valet
1114 3838 1195 3901 de
1240 3837 1365 3901 hac
1412 3838 1645 3902 forma:

650 3944 718 4004 Β.
802 3941 1029 4006 Thesis
1091 3951 1341 4006 constat
1396 3963 1481 4005 ex
1537 3941 1826 4005 clausula
1876 3941 2146 4006 alicuius
2207 3944 2412 4020 verbi,
2470 3945 2630 4006 arsis
2686 3944 3052 4008 continetur
3105 3965 3236 4007 mo-

438 4048 809 4128 nosyllabis.
904 4045 1351 4131 monosyllaba
1416 4047 1585 4109 enim
1653 4068 1801 4109 cum
1868 4069 2046 4128 voce,
2113 4070 2280 4134 quae
2343 4049 2651 4133 sequitur,
2719 4047 3015 4110 omnibus
3077 4048 3238 4111 locis

438 4164 578 4212 arte
626 4152 988 4212 uuliaerent.
1083 4150 1376 4213 conferas
1424 4171 1663 4234 quaeso
1712 4151 1827 4212 hos
1873 4151 2076 4213 locos:
2155 4152 2424 4237 Antiph.
2478 4151 2641 4231 1091
2688 4154 2856 4238 ἡμῖν,
2910 4150 2947 4216 ὁ
3000 4151 3071 4216 δὲ
3118 4176 3235 4216 κα-

438 4256 562 4332 λεῖς,
608 4256 758 4332 1241
794 4252 1018 4340 ἐφεξῆς
1048 4253 1088 4316 δ’
1111 4278 1177 4317 τι
1206 4253 1434 4340 φέρων,
1468 4252 1622 4333 2211
1660 4253 1868 4342 δήπου
1899 4252 1965 4318 τί
1996 4260 2072 4318 σὺ
2095 4254 2313 4338 λέγεις,
2349 4254 2584 4319 Eubul.
2615 4253 2754 4335 946,
2798 4252 3060 4317 Anaxil.
3093 4254 3231 4335 191,

361 4440 365 4443 ⁴
441 4356 710 4420 P'hilffln.
758 4356 857 4433 27,
910 4357 1047 4438 741,
1096 4356 1235 4436 919,
1288 4357 1468 4439 1451,
1516 4357 1849 4441 Posidipp.
1896 4357 2040 4436 265,
2089 4360 2367 4422 Damox.
2417 4359 2543 4440 210.

654 4568 686 4628 ²]
726 4564 803 4616 Cf.
842 4562 1088 4628 Rumpel.
1127 4582 1176 4629 p.
1216 4565 1343 4625 609;
1380 4563 1516 4612 adde
1557 4563 1731 4612 Klotz.
1771 4581 1821 4628 p.
1860 4567 1978 4614 254.

947 5057 1254 5067 w·*-—e———-
1265 5056 1415 5067 ’,νο-ό-
1426 5054 2086 5067 anxm—-W
