3392 5067
1399 155 1437 252 .‘
1475 177 1539 280 sos
1620 167 1684 328 q*

142 400 209 465 νυνί
232 402 266 466 δὲ
288 403 353 487 τήν,
378 399 513 463 Philem.
538 399 600 480 47,
628 398 665 488 ἣν
687 398 814 483 εἴδομεν
833 398 837 483 Ι
857 403 956 486 ἡμεῖς,
972 403 986 484 ΙΙ
1001 410 1046 490 τῷ
1069 403 1209 490 Σελεύκφ
1237 406 1336 469 πάλιν
1359 399 1439 486 ἔδει,
1455 405 1540 498 'Plri-
1618 395 1637 447 Ϊ

141 504 255 589 lippid.
281 504 353 584 172,
382 505 438 589 qui
464 504 553 568 locus
580 503 820 567 Bernhardium
847 502 940 587 fugi-t,
968 511 1172 591 παραχώχιον
1192 509 1196 593 Ι
1217 503 1259 572 ὧν
1286 509 1325 572 ἀν
1339 510 1353 592 ΙΙ
1368 507 1483 599 ἐκφέρη
1509 505 1540 574 σ’

143 606 371 694 εἰσπράξομαι.
759 688 764 700 1
869 646 874 657 ·

246 711 300 775 Ad
320 711 378 776 bos
398 710 484 775 locos
505 711 652 796 proxime
672 711 695 774 ii
714 711 873 775 accedere
889 712 1051 796 videntur,
1071 715 1188 800 quibus
1208 715 1290 779 haec
1310 718 1422 781 incisio
1442 717 1540 782 etiam

142 817 402 899 interpunctione
426 826 571 898 augetur.
605 815 811 902 praemittam
835 825 944 879 autem
966 817 1206 883 Bernhardium
1229 829 1340 884 contra
1362 821 1539 904 Reisigium

143 928 176 982 et
189 919 413 1004 Blaydesium,
438 922 493 1005 qui
515 918 672 984 librorum
694 921 871 1005 scripturas
894 930 1034 998 tuentur,
1057 923 1263 1006 corrigendos
1287 923 1345 988 hos
1367 925 1455 989 locos
1479 935 1540 989 sta-

141 1025 250 1105 tuisse,
279 1024 365 1109 quod
393 1033 589 1108 anapaestus
616 1046 659 1087 ex
685 1024 947 1107 interpunctione
977 1035 1051 1110 post
1080 1027 1185 1111 ipsam
1215 1027 1351 1092 alteram
1381 1027 1539 1112 syllabam

142 1127 230 1191 facta
252 1129 496 1192 excusationem
517 1126 640 1191 habere
662 1149 728 1191 non
751 1137 869 1211 posset.
916 1128 1064 1193 conferas
1088 1152 1207 1214 quaeso
1230 1130 1288 1194 hos
1311 1131 1412 1196 locos:
1450 1133 1539 1196 Mne-

142 1233 212 1295 sim.
240 1233 281 1314 3,
314 1233 476 1314 ἰχθύδιον·
504 1231 590 1317 άηύον
620 1227 655 1297 δ’
681 1233 721 1296 ἀν
749 1228 841 1320 λέχης
869 1229 991 1319 ἕτερον,
1021 1233 1111 1299 κάλει
1142 1233 1254 1319 (Kock
1282 1244 1313 1298 et
1346 1234 1464 1302 Bernh.
1497 1259 1540 1300 ex

142 1336 287 1400 Dobraei
310 1337 495 1401 coniectura
518 1337 717 1420 scripserunt
743 1331 880 1416 ἰχθύδι’·
905 1335 1014 1422 άψσν),
1040 1337 1149 1402 Sotad.
1176 1340 1227 1421 1,,
1253 1340 1395 1420 ἰχθύδια,
1419 1344 1540 1405 τούτων

142 1439 320 1519 ἀποκνίσας
333 1443 374 1504 τά
388 1437 499 1524 κρανία
515 1439 698 1524 (Herwerd.
711 1438 803 1502 stud.
818 1441 888 1503 crit.
902 1439 922 1504 5
939 1443 1022 1506 coni.
1040 1437 1162 1522 ἰχθύδι’
1178 1437 1308 1529 ὦνπερ),
1329 1441 1423 1508 Alex.
1442 1444 1538 1526 173¹5

142 1541 207 1626 έχει
222 1546 329 1625 κακόν,
348 1545 378 1608 εἰ
397 1545 572 1631 τύφουσαν·
589 1549 627 1609 Β.
645 1544 767 1610 ἀπολεῖ
783 1539 817 1628 μ’
833 1543 945 1610 σύτσσί
966 1545 1077 1630 (Kock
1099 1549 1179 1611 coni.
1196 1542 1261 1629 έχει
1276 1552 1400 1635 κάπνην
1421 1552 1540 1636 τύφου-

141 1671 210 1730 σαν,
241 1649 329 1713 idem
360 1647 475 1711 suadet
503 1647 635 1728 Bernh.‚
668 1649 721 1732 qui
757 1658 925 1732 praeterea
958 1650 1140 1734 suspicatus
1175 1661 1236 1714 est:
1271 1647 1337 1733 έχει
1369 1646 1450 1732 κάκ’,
1483 1653 1538 1736 εἰ),

142 1752 275 1818 Timocl.
301 1752 362 1833 29,
393 1756 515 1817 τούτων
542 1755 641 1830 τινάς,
672 1749 706 1817 οἳ
737 1753 922 1818 δειπνοῦσιν
951 1752 1170 1840 ἐσφυδωμένοι
1198 1753 1310 1840 (Kock
1333 1778 1393 1819 scr.
1417 1757 1539 1823 τούτων

141 1852 211 1937 τιν’,
235 1856 291 1942 oi).
326 1879 440 1920 verum
463 1855 675 1938 Bernhardio‚
704 1857 763 1920 etsi
786 1857 939 1941 proclivis
967 1867 1016 1921 est
1043 1858 1085 1922 ad
1113 1859 1170 1924 hos
1197 1858 1285 1923 locos
1311 1861 1538 1943 immutandos,

141 1972 251 2026 tamen
278 1983 317 2025 ea
345 1983 397 2023 res
424 1982 488 2030 non
515 1970 583 2024 tam
615 1969 704 2026 certa
735 1962 806 2025 visa
838 1971 895 2025 est.
941 1963 1005 2026 iam
1035 1961 1150 2027 audias
1180 1966 1287 2048 ipsum
1318 1964 1538 2048 disputantem

141 2088 172 2150 p.
197 2065 274 2128 276:
321 2068 412 2150 ‘quos
434 2087 549 2129 versus
575 2066 636 2128 nisi
664 2067 735 2150 quis
762 2065 969 2149 corrigendos
998 2088 1068 2130 esse
1095 2089 1224 2134 mecum
1251 2068 1436 2151 arbitratur,
1465 2119 1471 2133 .
1498 2118 1505 2133 .
1531 2119 1537 2134 .

141 2171 247 2255 potius
277 2190 483 2233 numerorum
515 2169 649 2233 durities
678 2169 855 2233 liberaliter
890 2169 1088 2235 concedatur
1118 2181 1353 2258 poetarumque
1384 2172 1539 2257 singulari

142 2274 271 2339 cuidam
300 2273 524 2359 neglegentiae
556 2273 737 2337 tribuatur'.
783 2283 880 2359 atque
911 2275 945 2338 id
978 2297 1092 2340 verum
1120 2299 1191 2340 esse
1218 2300 1260 2340 ex
1287 2299 1350 2342 uno
1377 2277 1448 2342 loco
1476 2277 1538 2342 elu-

141 2401 216 2444 cere
238 2378 317 2444 mihi
339 2379 479 2461 videtur,
503 2381 558 2464 qui
581 2381 661 2442 miro
685 2377 781 2443 modo
804 2379 1043 2445 Bernhardium
1070 2380 1166 2464 fugit:
1205 2381 1291 2445 Men.
1316 2381 1399 2464 348,
1425 2382 1443 2448 ὁ
1466 2387 1538 2448 Κα-
1641 2424 1642 2430 .

140 2485 277 2568 λύμνιος,
301 2487 476 2571 Εὐφράνωρ
500 2479 535 2548 δ’
554 2480 705 2568 ἐκυβέρνα
732 2485 876 2568 Θούριος.
915 2483 956 2546 δε
979 2483 1074 2548 huius
1097 2487 1183 2549 enim
1206 2485 1266 2549 loci
1291 2488 1470 2571 scripturae
1493 2488 1538 2550 in-

141 2589 292 2672 tegritate
315 2609 410 2651 nemo
433 2585 542 2649 adhuc
565 2585 737 2650 dubitavit.
768 2596 867 2670 atque
890 2598 926 2651 ut
949 2587 1027 2674 quid
1051 2591 1186 2654 sentiam
1209 2590 1351 2674 eloquar,
1371 2591 1448 2654 mihi
1472 2593 1538 2676 qui·

141 2693 215 2756 dem
240 2693 368 2758 omnino
392 2692 473 2757 haec
495 2691 609 2754 incisio
632 2712 696 2754 non
719 2699 787 2754 tam
810 2691 945 2756 molesta
965 2692 1103 2770 videtur,
1124 2704 1160 2758 ut
1182 2693 1224 2757 ad
1245 2695 1446 2758 coniecturas
1467 2717 1539 2759 con-

141 2796 314 2880 fugiamus.
364 2816 428 2858 non
463 2795 550 2858 enim
583 2793 747 2858 molestior
780 2817 820 2859 ea
855 2805 902 2858 est
937 2818 1034 2882 quam
1069 2797 1130 2861 boc
1164 2796 1249 2862 loco:
1288 2798 1422 2882 Antiph.
1460 2797 1538 2881 185,

140 2899 235 2988 σκέλη
262 2893 388 2985 καπύρ’.
415 2904 454 2964 B.
483 2901 611 2963 ἀστεῖόν
636 2921 670 2982 χε
696 2905 733 2986 νὴ
759 2905 817 2989 την
844 2898 984 2980 Ἑστίαν,
1012 2923 1075 2987 quo
1103 2901 1173 2966 loco
1202 2903 1300 2966 etiam
1326 2924 1539 2988 personarum

141 3005 275 3069 mutatio
303 3003 440 3068 accedit.
479 3003 533 3066 hic
560 3013 669 3068 tamen
695 3004 788 3068 locus
809 3004 1011 3070 Bernhardio
1040 3006 1228 3092 scrupulum
1253 3028 1318 3070 non
1345 3007 1454 3088 movit,
1484 3010 1539 3092 qui

140 3133 172 3196 p.
190 3109 255 3172 284
277 3110 389 3172 statuit
410 3109 443 3171 in
468 3107 603 3171 secundi
625 3108 717 3194 pedis
740 3119 915 3194 anapaesto
941 3131 1076 3195 pausam
1105 3111 1282 3175 sententiae
1302 3133 1366 3175 non
1386 3133 1539 3197 respuere

140 3213 337 3278 vocabulum
369 3211 500 3276 elisione
531 3212 690 3276 mutilum.
735 3212 800 3276 huo
835 3215 935 3297 igitur
964 3215 1141 3298 pertinent:
1179 3215 1322 3300 Ephipp.
1357 3214 1416 3297 15,
1448 3213 1539 3294 ὁσίας

139 3315 231 3384 ἕνεί·
264 3321 357 3403 ἀρκεῖ
380 3315 541 3398 τευθίδια,
574 3314 721 3405 σηπίδια,
753 3317 889 3402 Antiph.
924 3317 1004 3398 183,
1037 3313 1202 3406 ἐλευθέρί,
1238 3323 1274 3385 σύ
1307 3323 1437 3406 τάριχος
1471 3317 1539 3387 οὐδ’

140 3423 329 3511 ἡδύσμασιν,
354 3421 440 3485 Men.
464 3421 562 3503 53410
587 3417 783 3508 ἀφιζόμεθ’,
811 3423 850 3486 ἀν
874 3419 928 3511 ’ίδη
955 3447 1005 3501 τις
1027 3423 1174 3488 ἐνύπνιον
1197 3424 1331 3510 σφόδρα.
1378 3447 1483 3509 neque
1506 3426 1539 3488 in

140 3527 278 3612 Dionys.
303 3525 358 3608 2,,
383 3526 521 3590 συνιδεῖν
543 3528 657 3611 τόπον,
680 3526 773 3611 ὥραν,
796 3528 851 3590 τδν
873 3527 1041 3609 καλοῦντα,
1064 3531 1120 3592 τὸν
1138 3529 1237 3592 πάλιν
1257 3527 1488 3593 offendendum
1508 3531 1537 3594 ei

141 3630 279 3711 videtur,
308 3651 381 3694 eum
411 3629 466 3693 illa
495 3629 685 3694 ‘commatis’
717 3639 803 3712 nota,
834 3632 886 3694 cui
917 3632 950 3694 in
979 3633 1146 3696 nominum
1177 3633 1419 3698 enumeratione
1448 3633 1538 3697 loeus

140 3757 211 3799 esse
235 3735 324 3817 solet,
349 3735 592 3798 excusationem
615 3735 773 3800 admittat.

244 3839 314 3903 Iam
326 3859 461 3923 agamus
474 3838 515 3902 de
526 3837 588 3902 bac
599 3839 754 3903 incisione
772 3886 795 3907 c
816 3842 820 3906 l
841 3888 864 3907 o
876 3891 913 3908 -.
937 3849 973 3904 ut
985 3862 1026 3903 ex
1038 3840 1231 3904 Bernhardii
1247 3841 1462 3926 disputatione
1475 3840 1538 3906 elu-

141 3954 202 4026 cet,
219 3966 258 4007 ea
274 3944 455 4008 admittitur
470 3964 723 4030 nonnumquam,
739 3945 783 4007 ita
799 3953 918 4022 tamen,
935 3954 971 4008 ut
986 3944 1081 4008 binae
1098 3967 1196 4008 voces
1212 3944 1352 4029 quodam
1371 3944 1467 4009 modo
1490 3967 1539 4010 co-

139 4048 296 4113 haereant
312 4057 409 4133 atque
427 4058 503 4112 ante
519 4050 648 4112 tertiam
661 4069 775 4112 versus
792 4051 890 4112 arsim
907 4071 1042 4113 caesura
1053 4050 1186 4133 gravius
1200 4070 1354 4134 expressa
1366 4048 1473 4114 locum
1485 4050 1538 4114 ha-

140 4152 225 4217 beat.
254 4151 402 4216 conferas
418 4152 500 4217 Phil.
514 4151 574 4236 47,
590 4155 673 4240 ἡμᾶς
683 4178 715 4218 τι
735 4153 739 4239 Ι
759 4149 836 4238 παρ)
853 4156 942 4242 ἡμῶν
957 4155 971 4236 ΙΙ
986 4151 1191 4240 ἐπιπέμψαι
1208 4151 1333 4240 θηρίον,
1351 4154 1437 4219 Men.
1456 4153 1536 4232 5493

140 4257 217 4322 ὅταν
236 4262 294 4343 γάρ
315 4259 319 4339 Ι
339 4257 461 4336 άλυπος
475 4259 489 4340 ΙΙ
505 4257 559 4323 διὰ
574 4255 683 4336 τέλους
701 4249 784 4323 εἶναι
799 4256 907 4346 θέλης,
928 4257 1012 4340 531,
1030 4256 1153 4323 άτοπάν
1173 4282 1208 4324 τε
1228 4259 1232 4343 Ι
1252 4253 1412 4345 πεποίηκ’.
1429 4260 1443 4342 ΙΙ
1458 4260 1488 4323 εἰ
1503 4259 1523 4324 δ
1528 4253 1538 4276 ³

120 4359 197 4426 Ιἐπί
217 4367 287 4440 τοῖς
308 4365 416 4440 αὐτοῖς
437 4364 557 4446 νόμοις,
580 4361 698 4425 Eubul.
724 4361 785 4445 80,
809 4361 864 4427 καί
887 4361 980 4450 ξηρὸν
999 4363 1003 4448 Ι
1023 4358 1150 4450 ἐποίησ’
1166 4364 1180 4445 ΙΙ
1195 4361 1317 4442 εὐθέως
1337 4365 1393 4428 τδν
1415 4366 1538 4429 κάνθα-

140 4489 204 4551 ρον,
235 4463 364 4529 Demet.
394 4467 447 4548 1,,
479 4467 638 4553 ἀνάληψιν
658 4468 662 4550 Ι
682 4463 811 4552 ἐποίησ)
825 4468 840 4549 ΙΙ
855 4466 1033 4552 εἰσενέγκας
1062 4471 1237 4553 κάππαριν,
1268 4468 1383 4534 Baton.
1414 4466 1455 4549 5,
1483 4466 1539 4557 ζῆν

140 4564 172 4636 δ’
194 4567 266 4635 ἐστί
285 4571 289 4656 Ι
309 4573 346 4635 τὸ
373 4567 516 4652 τοιοῦθ’,
530 4571 546 4654 ΙΙ
559 4574 598 4636 Β.
623 4571 666 4649 ὡς
695 4568 823 4655 λέχουσί
852 4565 881 4653 χ’
906 4564 937 4636 οἱ
967 4569 1075 4660 σοφοί.
1122 4571 1228 4636 hiatus
1260 4571 1463 4659 corruptelae
1493 4573 1537 4636 in-
